[
  {
    "date": "2026-05-26",
    "symbol": "A",
    "eps": null,
    "epsEstimated": null,
    "time": "amc",
    "revenue": null,
    "revenueEstimated": null,
    "updatedFromDate": "2025-10-02",
    "fiscalDateEnding": "2026-04-30"
  },
  {
    "date": "2026-02-24",
    "symbol": "A",
    "eps": null,
    "epsEstimated": null,
    "time": "amc",
    "revenue": null,
    "revenueEstimated": null,
    "updatedFromDate": "2025-10-02",
    "fiscalDateEnding": "2026-01-31"
  },
  {
    "date": "2025-11-24",
    "symbol": "A",
    "eps": null,
    "epsEstimated": 1.58,
    "time": "bmo",
    "revenue": null,
    "revenueEstimated": 1832447790,
    "updatedFromDate": "2025-10-02",
    "fiscalDateEnding": "2025-10-31"
  },
  {
    "date": "2025-08-27",
    "symbol": "A",
    "eps": 1.37,
    "epsEstimated": 1.37,
    "time": "amc",
    "revenue": 1738000000,
    "revenueEstimated": 1684594303,
    "updatedFromDate": "2025-10-02",
    "fiscalDateEnding": "2025-07-31"
  },
  {
    "date": "2025-05-28",
    "symbol": "A",
    "eps": 1.31,
    "epsEstimated": 1.26,
    "time": "amc",
    "revenue": 1668000000,
    "revenueEstimated": 1626715542,
    "updatedFromDate": "2025-08-28",
    "fiscalDateEnding": "2025-04-30"
  },
  {
    "date": "2025-02-26",
    "symbol": "A",
    "eps": 1.31,
    "epsEstimated": 1.28,
    "time": "amc",
    "revenue": 1681000000,
    "revenueEstimated": 1669997733,
    "updatedFromDate": "2025-05-26",
    "fiscalDateEnding": "2025-01-31"
  },
  {
    "date": "2024-11-25",
    "symbol": "A",
    "eps": 1.46,
    "epsEstimated": 1.41,
    "time": "amc",
    "revenue": 1701000000,
    "revenueEstimated": 1672549837,
    "updatedFromDate": "2025-04-25",
    "fiscalDateEnding": "2024-10-31"
  },
  {
    "date": "2024-08-21",
    "symbol": "A",
    "eps": 1.32,
    "epsEstimated": 1.26,
    "time": "amc",
    "revenue": 1578000000,
    "revenueEstimated": 1557397307,
    "updatedFromDate": "2025-04-25",
    "fiscalDateEnding": "2024-07-31"
  },
  {
    "date": "2024-05-29",
    "symbol": "A",
    "eps": 1.22,
    "epsEstimated": 1.19,
    "time": "amc",
    "revenue": 1573000000,
    "revenueEstimated": 1581936071,
    "updatedFromDate": "2025-04-25",
    "fiscalDateEnding": "2024-04-30"
  },
  {
    "date": "2024-02-27",
    "symbol": "A",
    "eps": 1.29,
    "epsEstimated": 1.22,
    "time": "amc",
    "revenue": 1658000000,
    "revenueEstimated": 1587387214,
    "updatedFromDate": "2025-04-25",
    "fiscalDateEnding": "2024-01-31"
  },
  {
    "date": "2023-11-20",
    "symbol": "A",
    "eps": 1.38,
    "epsEstimated": 1.34,
    "time": "amc",
    "revenue": 1688000000,
    "revenueEstimated": 1586920000,
    "updatedFromDate": "2025-04-25",
    "fiscalDateEnding": "2023-10-31"
  },
  {
    "date": "2023-08-15",
    "symbol": "A",
    "eps": 1.43,
    "epsEstimated": 1.37,
    "time": "amc",
    "revenue": 1672000000,
    "revenueEstimated": 1692730000,
    "updatedFromDate": "2025-04-25",
    "fiscalDateEnding": "2023-07-31"
  },
  {
    "date": "2023-05-23",
    "symbol": "A",
    "eps": 1.27,
    "epsEstimated": 1.26,
    "time": "amc",
    "revenue": 1717000000,
    "revenueEstimated": 1674130000,
    "updatedFromDate": "2025-04-25",
    "fiscalDateEnding": "2023-04-30"
  },
  {
    "date": "2023-02-28",
    "symbol": "A",
    "eps": 1.37,
    "epsEstimated": 1.3,
    "time": "amc",
    "revenue": 1756000000,
    "revenueEstimated": 1700104598,
    "updatedFromDate": "2025-04-25",
    "fiscalDateEnding": "2023-01-31"
  },
  {
    "date": "2022-11-21",
    "symbol": "A",
    "eps": 1.53,
    "epsEstimated": 1.39,
    "time": "amc",
    "revenue": 1849000000,
    "revenueEstimated": 1759916162,
    "updatedFromDate": "2025-04-25",
    "fiscalDateEnding": "2022-10-31"
  },
  {
    "date": "2022-08-16",
    "symbol": "A",
    "eps": 1.34,
    "epsEstimated": 1.2,
    "time": "amc",
    "revenue": 1718000000,
    "revenueEstimated": 1637454625,
    "updatedFromDate": "2025-04-25",
    "fiscalDateEnding": "2022-07-31"
  },
  {
    "date": "2022-05-24",
    "symbol": "A",
    "eps": 1.13,
    "epsEstimated": 1.12,
    "time": "amc",
    "revenue": 1607000000,
    "revenueEstimated": 1616437404,
    "updatedFromDate": "2025-04-25",
    "fiscalDateEnding": "2022-04-30"
  },
  {
    "date": "2022-02-22",
    "symbol": "A",
    "eps": 1.21,
    "epsEstimated": 1.18,
    "time": "amc",
    "revenue": 1674000000,
    "revenueEstimated": 1653710167,
    "updatedFromDate": "2025-04-25",
    "fiscalDateEnding": "2022-01-31"
  },
  {
    "date": "2021-11-22",
    "symbol": "A",
    "eps": 1.21,
    "epsEstimated": 1.17,
    "time": "amc",
    "revenue": 1660000000,
    "revenueEstimated": 1461300000,
    "updatedFromDate": "2025-04-25",
    "fiscalDateEnding": "2021-10-31"
  },
  {
    "date": "2021-08-17",
    "symbol": "A",
    "eps": 1.1,
    "epsEstimated": 0.99,
    "time": "amc",
    "revenue": 1586000000,
    "revenueEstimated": 1659210000,
    "updatedFromDate": "2025-04-25",
    "fiscalDateEnding": "2021-07-31"
  },
  {
    "date": "2021-05-25",
    "symbol": "A",
    "eps": 0.97,
    "epsEstimated": 0.82,
    "time": "amc",
    "revenue": 1525000000,
    "revenueEstimated": 1745481927,
    "updatedFromDate": "2025-04-25",
    "fiscalDateEnding": "2021-04-30"
  },
  {
    "date": "2021-02-16",
    "symbol": "A",
    "eps": 1.06,
    "epsEstimated": 0.89,
    "time": "amc",
    "revenue": 1548000000,
    "revenueEstimated": 1461033707,
    "updatedFromDate": "2025-04-25",
    "fiscalDateEnding": "2021-01-31"
  },
  {
    "date": "2020-11-23",
    "symbol": "A",
    "eps": 0.98,
    "epsEstimated": 0.91,
    "time": "amc",
    "revenue": 1483000000,
    "revenueEstimated": 1817870967,
    "updatedFromDate": "2025-04-25",
    "fiscalDateEnding": "2020-10-31"
  },
  {
    "date": "2020-08-18",
    "symbol": "A",
    "eps": 0.78,
    "epsEstimated": 0.66,
    "time": "amc",
    "revenue": 1261000000,
    "revenueEstimated": 1291544964,
    "updatedFromDate": "2025-04-25",
    "fiscalDateEnding": "2020-07-31"
  },
  {
    "date": "2020-05-21",
    "symbol": "A",
    "eps": 0.71,
    "epsEstimated": 0.58,
    "time": "amc",
    "revenue": 1238000000,
    "revenueEstimated": 1806262295,
    "updatedFromDate": "2025-04-25",
    "fiscalDateEnding": "2020-04-30"
  },
  {
    "date": "2020-02-18",
    "symbol": "A",
    "eps": 0.81,
    "epsEstimated": 0.81,
    "time": "amc",
    "revenue": 1357000000,
    "revenueEstimated": 1641802469,
    "updatedFromDate": "2025-04-25",
    "fiscalDateEnding": "2020-01-31"
  },
  {
    "date": "2019-11-25",
    "symbol": "A",
    "eps": 0.89,
    "epsEstimated": 0.86,
    "time": "amc",
    "revenue": 1367000000,
    "revenueEstimated": 1732593023,
    "updatedFromDate": "2025-04-25",
    "fiscalDateEnding": "2019-10-31"
  },
  {
    "date": "2019-08-14",
    "symbol": "A",
    "eps": 0.76,
    "epsEstimated": 0.72,
    "time": "amc",
    "revenue": 1274000000,
    "revenueEstimated": 1468638888,
    "updatedFromDate": "2025-04-25",
    "fiscalDateEnding": "2019-07-31"
  },
  {
    "date": "2019-05-14",
    "symbol": "A",
    "eps": 0.71,
    "epsEstimated": 0.72,
    "time": "amc",
    "revenue": 1238000000,
    "revenueEstimated": 1488811076,
    "updatedFromDate": "2025-04-25",
    "fiscalDateEnding": "2019-04-30"
  },
  {
    "date": "2019-02-20",
    "symbol": "A",
    "eps": 0.76,
    "epsEstimated": 0.73,
    "time": "amc",
    "revenue": 1284000000,
    "revenueEstimated": 1175387668,
    "updatedFromDate": "2025-04-25",
    "fiscalDateEnding": "2019-01-31"
  },
  {
    "date": "2018-11-19",
    "symbol": "A",
    "eps": 0.81,
    "epsEstimated": 0.73,
    "time": "amc",
    "revenue": 1294000000,
    "revenueEstimated": 1519076844,
    "updatedFromDate": "2025-04-25",
    "fiscalDateEnding": "2018-10-31"
  },
  {
    "date": "2018-08-14",
    "symbol": "A",
    "eps": 0.67,
    "epsEstimated": 0.63,
    "time": "amc",
    "revenue": 1203000000,
    "revenueEstimated": 1131179104,
    "updatedFromDate": "2025-04-25",
    "fiscalDateEnding": "2018-07-31"
  },
  {
    "date": "2018-05-14",
    "symbol": "A",
    "eps": 0.65,
    "epsEstimated": 0.64,
    "time": "amc",
    "revenue": 1206000000,
    "revenueEstimated": 1187446153,
    "updatedFromDate": "2025-04-25",
    "fiscalDateEnding": "2018-04-30"
  },
  {
    "date": "2018-02-14",
    "symbol": "A",
    "eps": 0.66,
    "epsEstimated": 0.58,
    "time": "amc",
    "revenue": 1211000000,
    "revenueEstimated": 1064212121,
    "updatedFromDate": "2025-04-25",
    "fiscalDateEnding": "2018-01-31"
  },
  {
    "date": "2017-11-20",
    "symbol": "A",
    "eps": 0.67,
    "epsEstimated": 0.62,
    "time": "amc",
    "revenue": 1189000000,
    "revenueEstimated": 1100268656,
    "updatedFromDate": "2025-04-25",
    "fiscalDateEnding": "2017-10-31"
  },
  {
    "date": "2017-08-15",
    "symbol": "A",
    "eps": 0.59,
    "epsEstimated": 0.52,
    "time": "amc",
    "revenue": 1114000000,
    "revenueEstimated": 981830508,
    "updatedFromDate": "2025-04-25",
    "fiscalDateEnding": "2017-07-31"
  },
  {
    "date": "2017-05-22",
    "symbol": "A",
    "eps": 0.58,
    "epsEstimated": 0.48,
    "time": "amc",
    "revenue": 1102000000,
    "revenueEstimated": 912000000,
    "updatedFromDate": "2025-04-25",
    "fiscalDateEnding": "2017-04-30"
  },
  {
    "date": "2017-02-14",
    "symbol": "A",
    "eps": 0.53,
    "epsEstimated": 0.49,
    "time": "amc",
    "revenue": 1067000000,
    "revenueEstimated": 986471698,
    "updatedFromDate": "2025-04-25",
    "fiscalDateEnding": "2017-01-31"
  },
  {
    "date": "2016-11-15",
    "symbol": "A",
    "eps": 0.59,
    "epsEstimated": 0.52,
    "time": "amc",
    "revenue": 1111000000,
    "revenueEstimated": 979186440,
    "updatedFromDate": "2025-04-25",
    "fiscalDateEnding": "2016-10-31"
  },
  {
    "date": "2016-08-17",
    "symbol": "A",
    "eps": 0.49,
    "epsEstimated": 0.47,
    "time": "amc",
    "revenue": 1044000000,
    "revenueEstimated": 1001387755,
    "updatedFromDate": "2025-04-25",
    "fiscalDateEnding": "2016-07-31"
  }
]