[
  {
    "date": "2026-04-29",
    "symbol": "ABNB",
    "eps": null,
    "epsEstimated": null,
    "time": "amc",
    "revenue": null,
    "revenueEstimated": null,
    "updatedFromDate": "2025-10-02",
    "fiscalDateEnding": "2026-03-30"
  },
  {
    "date": "2026-02-11",
    "symbol": "ABNB",
    "eps": null,
    "epsEstimated": null,
    "time": "amc",
    "revenue": null,
    "revenueEstimated": null,
    "updatedFromDate": "2025-10-02",
    "fiscalDateEnding": "2025-12-30"
  },
  {
    "date": "2025-11-06",
    "symbol": "ABNB",
    "eps": null,
    "epsEstimated": 2.29,
    "time": "bmo",
    "revenue": null,
    "revenueEstimated": 4075742770,
    "updatedFromDate": "2025-10-02",
    "fiscalDateEnding": "2025-09-30"
  },
  {
    "date": "2025-08-06",
    "symbol": "ABNB",
    "eps": 1.03,
    "epsEstimated": 0.937,
    "time": "amc",
    "revenue": 3096000000,
    "revenueEstimated": 3029999958,
    "updatedFromDate": "2025-10-02",
    "fiscalDateEnding": "2025-06-30"
  },
  {
    "date": "2025-05-01",
    "symbol": "ABNB",
    "eps": 0.24,
    "epsEstimated": 0.2335,
    "time": "amc",
    "revenue": 2272000000,
    "revenueEstimated": 2261081019,
    "updatedFromDate": "2025-08-01",
    "fiscalDateEnding": "2025-03-31"
  },
  {
    "date": "2025-02-13",
    "symbol": "ABNB",
    "eps": 0.73,
    "epsEstimated": 0.61,
    "time": "amc",
    "revenue": 2480000000,
    "revenueEstimated": 2421396737,
    "updatedFromDate": "2025-05-13",
    "fiscalDateEnding": "2024-12-31"
  },
  {
    "date": "2024-11-07",
    "symbol": "ABNB",
    "eps": 2.13,
    "epsEstimated": 2.14,
    "time": "amc",
    "revenue": 3732000000,
    "revenueEstimated": 3717325161,
    "updatedFromDate": "2025-04-25",
    "fiscalDateEnding": "2024-09-30"
  },
  {
    "date": "2024-08-06",
    "symbol": "ABNB",
    "eps": 0.86,
    "epsEstimated": 0.92,
    "time": "amc",
    "revenue": 2748000000,
    "revenueEstimated": 2737830238,
    "updatedFromDate": "2025-04-25",
    "fiscalDateEnding": "2024-06-30"
  },
  {
    "date": "2024-05-08",
    "symbol": "ABNB",
    "eps": 0.41,
    "epsEstimated": 0.24,
    "time": "amc",
    "revenue": 2142000000,
    "revenueEstimated": 2060656785,
    "updatedFromDate": "2025-04-25",
    "fiscalDateEnding": "2024-03-31"
  },
  {
    "date": "2024-02-13",
    "symbol": "ABNB",
    "eps": 0.76,
    "epsEstimated": 0.656,
    "time": "amc",
    "revenue": 2218000000,
    "revenueEstimated": 2165255775,
    "updatedFromDate": "2025-04-25",
    "fiscalDateEnding": "2023-12-31"
  },
  {
    "date": "2023-11-01",
    "symbol": "ABNB",
    "eps": 2.39,
    "epsEstimated": 2.08,
    "time": "amc",
    "revenue": 3397000000,
    "revenueEstimated": 3178430000,
    "updatedFromDate": "2025-04-25",
    "fiscalDateEnding": "2023-09-30"
  },
  {
    "date": "2023-08-03",
    "symbol": "ABNB",
    "eps": 0.98,
    "epsEstimated": 0.78,
    "time": "amc",
    "revenue": 2484000000,
    "revenueEstimated": 2420410000,
    "updatedFromDate": "2025-04-25",
    "fiscalDateEnding": "2023-06-30"
  },
  {
    "date": "2023-05-09",
    "symbol": "ABNB",
    "eps": 0.18,
    "epsEstimated": 0.09,
    "time": "amc",
    "revenue": 1818000000,
    "revenueEstimated": 1790810000,
    "updatedFromDate": "2025-04-25",
    "fiscalDateEnding": "2023-03-31"
  },
  {
    "date": "2023-02-14",
    "symbol": "ABNB",
    "eps": 0.48,
    "epsEstimated": 0.25,
    "time": "amc",
    "revenue": 1901546000,
    "revenueEstimated": 1861169158,
    "updatedFromDate": "2025-04-25",
    "fiscalDateEnding": "2022-12-31"
  },
  {
    "date": "2022-11-01",
    "symbol": "ABNB",
    "eps": 1.79,
    "epsEstimated": 1.47,
    "time": "amc",
    "revenue": 2884000000,
    "revenueEstimated": 2852446780,
    "updatedFromDate": "2025-04-25",
    "fiscalDateEnding": "2022-09-30"
  },
  {
    "date": "2022-08-02",
    "symbol": "ABNB",
    "eps": 0.56,
    "epsEstimated": 0.43,
    "time": "amc",
    "revenue": 2104000000,
    "revenueEstimated": 2106048713,
    "updatedFromDate": "2025-04-25",
    "fiscalDateEnding": "2022-06-30"
  },
  {
    "date": "2022-05-03",
    "symbol": "ABNB",
    "eps": -0.03,
    "epsEstimated": -0.28,
    "time": "amc",
    "revenue": 1509000000,
    "revenueEstimated": 1451696909,
    "updatedFromDate": "2025-04-25",
    "fiscalDateEnding": "2022-03-31"
  },
  {
    "date": "2022-02-15",
    "symbol": "ABNB",
    "eps": 0.08,
    "epsEstimated": 0.03336,
    "time": "amc",
    "revenue": 1532196000,
    "revenueEstimated": 1455647475,
    "updatedFromDate": "2025-04-25",
    "fiscalDateEnding": "2021-12-31"
  },
  {
    "date": "2021-11-04",
    "symbol": "ABNB",
    "eps": 1.22,
    "epsEstimated": 0.75,
    "time": "amc",
    "revenue": 2237432000,
    "revenueEstimated": 2042470000,
    "updatedFromDate": "2025-04-25",
    "fiscalDateEnding": "2021-09-30"
  },
  {
    "date": "2021-08-12",
    "symbol": "ABNB",
    "eps": -0.11,
    "epsEstimated": -0.47,
    "time": "amc",
    "revenue": 1335196000,
    "revenueEstimated": 1335200000,
    "updatedFromDate": "2025-04-25",
    "fiscalDateEnding": "2021-06-30"
  },
  {
    "date": "2021-05-13",
    "symbol": "ABNB",
    "eps": -1.75,
    "epsEstimated": -1.15,
    "time": "amc",
    "revenue": 886936000,
    "revenueEstimated": 731722198,
    "updatedFromDate": "2025-04-25",
    "fiscalDateEnding": "2021-03-31"
  },
  {
    "date": "2021-02-25",
    "symbol": "ABNB",
    "eps": -10.88,
    "epsEstimated": -9.18,
    "time": "amc",
    "revenue": 859264000,
    "revenueEstimated": 701669729,
    "updatedFromDate": "2025-04-25",
    "fiscalDateEnding": "2020-12-31"
  },
  {
    "date": "2020-11-16",
    "symbol": "ABNB",
    "eps": -1.08408,
    "epsEstimated": null,
    "time": "amc",
    "revenue": 334774000,
    "revenueEstimated": null,
    "updatedFromDate": "2025-04-25",
    "fiscalDateEnding": "2020-06-30"
  },
  {
    "date": "2020-09-29",
    "symbol": "ABNB",
    "eps": 0.3735,
    "epsEstimated": null,
    "time": "amc",
    "revenue": 1342331000,
    "revenueEstimated": null,
    "updatedFromDate": "2025-04-25",
    "fiscalDateEnding": "2020-09-30"
  },
  {
    "date": "2020-03-30",
    "symbol": "ABNB",
    "eps": -0.64151,
    "epsEstimated": null,
    "time": "amc",
    "revenue": 841830000,
    "revenueEstimated": null,
    "updatedFromDate": "2025-04-25",
    "fiscalDateEnding": "2020-03-31"
  },
  {
    "date": "2019-12-30",
    "symbol": "ABNB",
    "eps": -0.6621,
    "epsEstimated": null,
    "time": "amc",
    "revenue": 1106796000,
    "revenueEstimated": null,
    "updatedFromDate": "2025-04-25",
    "fiscalDateEnding": "2019-12-31"
  },
  {
    "date": "2019-09-29",
    "symbol": "ABNB",
    "eps": 1.03,
    "epsEstimated": null,
    "time": "amc",
    "revenue": 1645761000,
    "revenueEstimated": null,
    "updatedFromDate": "2025-04-25",
    "fiscalDateEnding": "2019-09-30"
  }
]