[
  {
    "date": "2026-04-14",
    "symbol": "ABT",
    "eps": null,
    "epsEstimated": null,
    "time": "bmo",
    "revenue": null,
    "revenueEstimated": null,
    "updatedFromDate": "2025-10-02",
    "fiscalDateEnding": "2026-03-30"
  },
  {
    "date": "2026-01-20",
    "symbol": "ABT",
    "eps": null,
    "epsEstimated": null,
    "time": "bmo",
    "revenue": null,
    "revenueEstimated": null,
    "updatedFromDate": "2025-10-02",
    "fiscalDateEnding": "2025-12-30"
  },
  {
    "date": "2025-10-15",
    "symbol": "ABT",
    "eps": null,
    "epsEstimated": 1.3,
    "time": "bmo",
    "revenue": null,
    "revenueEstimated": 11401764840,
    "updatedFromDate": "2025-10-02",
    "fiscalDateEnding": "2025-09-30"
  },
  {
    "date": "2025-07-17",
    "symbol": "ABT",
    "eps": 1.26,
    "epsEstimated": 1.26,
    "time": "bmo",
    "revenue": 11142000000,
    "revenueEstimated": 11091931947,
    "updatedFromDate": "2025-10-02",
    "fiscalDateEnding": "2025-06-30"
  },
  {
    "date": "2025-04-16",
    "symbol": "ABT",
    "eps": 1.09,
    "epsEstimated": 1.07,
    "time": "bmo",
    "revenue": 10358000000,
    "revenueEstimated": 10405961075,
    "updatedFromDate": "2025-07-15",
    "fiscalDateEnding": "2025-03-31"
  },
  {
    "date": "2025-01-22",
    "symbol": "ABT",
    "eps": 1.34,
    "epsEstimated": 1.34,
    "time": "bmo",
    "revenue": 10974000000,
    "revenueEstimated": 11031178514,
    "updatedFromDate": "2025-04-25",
    "fiscalDateEnding": "2024-12-31"
  },
  {
    "date": "2024-10-16",
    "symbol": "ABT",
    "eps": 1.21,
    "epsEstimated": 1.2,
    "time": "bmo",
    "revenue": 10635000000,
    "revenueEstimated": 10550594841,
    "updatedFromDate": "2025-04-25",
    "fiscalDateEnding": "2024-09-30"
  },
  {
    "date": "2024-07-18",
    "symbol": "ABT",
    "eps": 1.14,
    "epsEstimated": 1.1,
    "time": "bmo",
    "revenue": 10377000000,
    "revenueEstimated": 10368988228,
    "updatedFromDate": "2025-04-25",
    "fiscalDateEnding": "2024-06-30"
  },
  {
    "date": "2024-04-17",
    "symbol": "ABT",
    "eps": 0.98,
    "epsEstimated": 0.955,
    "time": "bmo",
    "revenue": 9964000000,
    "revenueEstimated": 9883272962,
    "updatedFromDate": "2025-04-25",
    "fiscalDateEnding": "2024-03-31"
  },
  {
    "date": "2024-01-24",
    "symbol": "ABT",
    "eps": 1.19,
    "epsEstimated": 1.19,
    "time": "bmo",
    "revenue": 10241000000,
    "revenueEstimated": 10179700000,
    "updatedFromDate": "2025-04-25",
    "fiscalDateEnding": "2023-12-31"
  },
  {
    "date": "2023-10-18",
    "symbol": "ABT",
    "eps": 1.14,
    "epsEstimated": 1.1,
    "time": "bmo",
    "revenue": 10143000000,
    "revenueEstimated": 9614230000,
    "updatedFromDate": "2025-04-25",
    "fiscalDateEnding": "2023-09-30"
  },
  {
    "date": "2023-07-20",
    "symbol": "ABT",
    "eps": 1.08,
    "epsEstimated": 1.04,
    "time": "bmo",
    "revenue": 9978000000,
    "revenueEstimated": 9698290000,
    "updatedFromDate": "2025-04-25",
    "fiscalDateEnding": "2023-06-30"
  },
  {
    "date": "2023-04-19",
    "symbol": "ABT",
    "eps": 1.03,
    "epsEstimated": 0.98,
    "time": "bmo",
    "revenue": 9747000000,
    "revenueEstimated": 9636200000,
    "updatedFromDate": "2025-04-25",
    "fiscalDateEnding": "2023-03-31"
  },
  {
    "date": "2023-01-25",
    "symbol": "ABT",
    "eps": 1.03,
    "epsEstimated": 0.9,
    "time": "bmo",
    "revenue": 10091000000,
    "revenueEstimated": 9664871480,
    "updatedFromDate": "2025-04-25",
    "fiscalDateEnding": "2022-12-31"
  },
  {
    "date": "2022-10-19",
    "symbol": "ABT",
    "eps": 1.15,
    "epsEstimated": 0.91,
    "time": "bmo",
    "revenue": 10410000000,
    "revenueEstimated": 9648818459,
    "updatedFromDate": "2025-04-25",
    "fiscalDateEnding": "2022-09-30"
  },
  {
    "date": "2022-07-20",
    "symbol": "ABT",
    "eps": 1.43,
    "epsEstimated": 1.13,
    "time": "bmo",
    "revenue": 11257000000,
    "revenueEstimated": 10325231147,
    "updatedFromDate": "2025-04-25",
    "fiscalDateEnding": "2022-06-30"
  },
  {
    "date": "2022-04-20",
    "symbol": "ABT",
    "eps": 1.73,
    "epsEstimated": 1.47,
    "time": "bmo",
    "revenue": 11895000000,
    "revenueEstimated": 10996326218,
    "updatedFromDate": "2025-04-25",
    "fiscalDateEnding": "2022-03-31"
  },
  {
    "date": "2022-01-26",
    "symbol": "ABT",
    "eps": 1.32,
    "epsEstimated": 1.21,
    "time": "bmo",
    "revenue": 11468000000,
    "revenueEstimated": 11086200000,
    "updatedFromDate": "2025-04-25",
    "fiscalDateEnding": "2021-12-31"
  },
  {
    "date": "2021-10-20",
    "symbol": "ABT",
    "eps": 1.4,
    "epsEstimated": 0.95,
    "time": "bmo",
    "revenue": 10928000000,
    "revenueEstimated": 9443350000,
    "updatedFromDate": "2025-04-25",
    "fiscalDateEnding": "2021-09-30"
  },
  {
    "date": "2021-07-22",
    "symbol": "ABT",
    "eps": 1.17,
    "epsEstimated": 1.01,
    "time": "bmo",
    "revenue": 10223000000,
    "revenueEstimated": 9449690000,
    "updatedFromDate": "2025-04-25",
    "fiscalDateEnding": "2021-06-30"
  },
  {
    "date": "2021-04-20",
    "symbol": "ABT",
    "eps": 1.32,
    "epsEstimated": 1.33,
    "time": "bmo",
    "revenue": 10456000000,
    "revenueEstimated": 10751900000,
    "updatedFromDate": "2025-04-25",
    "fiscalDateEnding": "2021-03-31"
  },
  {
    "date": "2021-01-27",
    "symbol": "ABT",
    "eps": 1.45,
    "epsEstimated": 1.35,
    "time": "bmo",
    "revenue": 10701000000,
    "revenueEstimated": 9908333333,
    "updatedFromDate": "2025-04-25",
    "fiscalDateEnding": "2020-12-31"
  },
  {
    "date": "2020-10-21",
    "symbol": "ABT",
    "eps": 0.98,
    "epsEstimated": 0.9,
    "time": "bmo",
    "revenue": 8853000000,
    "revenueEstimated": 8220642857,
    "updatedFromDate": "2025-04-25",
    "fiscalDateEnding": "2020-09-30"
  },
  {
    "date": "2020-07-16",
    "symbol": "ABT",
    "eps": 0.57,
    "epsEstimated": 0.43,
    "time": "bmo",
    "revenue": 7328000000,
    "revenueEstimated": 5399578947,
    "updatedFromDate": "2025-04-25",
    "fiscalDateEnding": "2020-06-30"
  },
  {
    "date": "2020-04-16",
    "symbol": "ABT",
    "eps": 0.65,
    "epsEstimated": 0.55,
    "time": "bmo",
    "revenue": 7726000000,
    "revenueEstimated": 6893969230,
    "updatedFromDate": "2025-04-25",
    "fiscalDateEnding": "2020-03-31"
  },
  {
    "date": "2020-01-22",
    "symbol": "ABT",
    "eps": 0.95,
    "epsEstimated": 0.95,
    "time": "bmo",
    "revenue": 8314000000,
    "revenueEstimated": 8314000000,
    "updatedFromDate": "2025-04-25",
    "fiscalDateEnding": "2019-12-31"
  },
  {
    "date": "2019-10-16",
    "symbol": "ABT",
    "eps": 0.84,
    "epsEstimated": 0.84,
    "time": "bmo",
    "revenue": 8076000000,
    "revenueEstimated": 8076000000,
    "updatedFromDate": "2025-04-25",
    "fiscalDateEnding": "2019-09-30"
  },
  {
    "date": "2019-07-17",
    "symbol": "ABT",
    "eps": 0.82,
    "epsEstimated": 0.8,
    "time": "bmo",
    "revenue": 7979000000,
    "revenueEstimated": 7784390243,
    "updatedFromDate": "2025-04-25",
    "fiscalDateEnding": "2019-06-30"
  },
  {
    "date": "2019-04-17",
    "symbol": "ABT",
    "eps": 0.63,
    "epsEstimated": 0.61,
    "time": "bmo",
    "revenue": 7535000000,
    "revenueEstimated": 7295793650,
    "updatedFromDate": "2025-04-25",
    "fiscalDateEnding": "2019-03-31"
  },
  {
    "date": "2019-01-23",
    "symbol": "ABT",
    "eps": 0.81,
    "epsEstimated": 0.81,
    "time": "bmo",
    "revenue": 7765000000,
    "revenueEstimated": 7765000000,
    "updatedFromDate": "2025-04-25",
    "fiscalDateEnding": "2018-12-31"
  },
  {
    "date": "2018-10-17",
    "symbol": "ABT",
    "eps": 0.75,
    "epsEstimated": 0.74,
    "time": "bmo",
    "revenue": 7656000000,
    "revenueEstimated": 7656000000,
    "updatedFromDate": "2025-04-25",
    "fiscalDateEnding": "2018-09-30"
  },
  {
    "date": "2018-07-18",
    "symbol": "ABT",
    "eps": 0.73,
    "epsEstimated": 0.71,
    "time": "bmo",
    "revenue": 7767000000,
    "revenueEstimated": 7554205479,
    "updatedFromDate": "2025-04-25",
    "fiscalDateEnding": "2018-06-30"
  },
  {
    "date": "2018-04-18",
    "symbol": "ABT",
    "eps": 0.59,
    "epsEstimated": 0.58,
    "time": "bmo",
    "revenue": 7390000000,
    "revenueEstimated": 7264745762,
    "updatedFromDate": "2025-04-25",
    "fiscalDateEnding": "2018-03-31"
  },
  {
    "date": "2018-01-24",
    "symbol": "ABT",
    "eps": 0.74,
    "epsEstimated": 0.73,
    "time": "bmo",
    "revenue": 7589000000,
    "revenueEstimated": 7486445945,
    "updatedFromDate": "2025-04-25",
    "fiscalDateEnding": "2017-12-31"
  },
  {
    "date": "2017-10-18",
    "symbol": "ABT",
    "eps": 0.66,
    "epsEstimated": 0.65,
    "time": "bmo",
    "revenue": 6829000000,
    "revenueEstimated": 6725530303,
    "updatedFromDate": "2025-04-25",
    "fiscalDateEnding": "2017-09-30"
  },
  {
    "date": "2017-07-20",
    "symbol": "ABT",
    "eps": 0.62,
    "epsEstimated": 0.6,
    "time": "bmo",
    "revenue": 6637000000,
    "revenueEstimated": 6529951612,
    "updatedFromDate": "2025-04-25",
    "fiscalDateEnding": "2017-06-30"
  },
  {
    "date": "2017-04-19",
    "symbol": "ABT",
    "eps": 0.48,
    "epsEstimated": 0.43,
    "time": "bmo",
    "revenue": 6335000000,
    "revenueEstimated": 5675104166,
    "updatedFromDate": "2025-04-25",
    "fiscalDateEnding": "2017-03-31"
  },
  {
    "date": "2017-01-25",
    "symbol": "ABT",
    "eps": 0.65,
    "epsEstimated": 0.65,
    "time": "bmo",
    "revenue": 5333000000,
    "revenueEstimated": 5333000000,
    "updatedFromDate": "2025-04-25",
    "fiscalDateEnding": "2016-12-31"
  },
  {
    "date": "2016-10-19",
    "symbol": "ABT",
    "eps": 0.59,
    "epsEstimated": 0.58,
    "time": "bmo",
    "revenue": 5302000000,
    "revenueEstimated": 5212135593,
    "updatedFromDate": "2025-04-25",
    "fiscalDateEnding": "2016-09-30"
  },
  {
    "date": "2016-07-20",
    "symbol": "ABT",
    "eps": 0.55,
    "epsEstimated": 0.53,
    "time": "bmo",
    "revenue": 5333000000,
    "revenueEstimated": 5139072727,
    "updatedFromDate": "2025-04-25",
    "fiscalDateEnding": "2016-06-30"
  }
]