[
  {
    "date": "2026-04-27",
    "symbol": "ACGL",
    "eps": null,
    "epsEstimated": null,
    "time": "amc",
    "revenue": null,
    "revenueEstimated": null,
    "updatedFromDate": "2025-10-02",
    "fiscalDateEnding": "2026-03-30"
  },
  {
    "date": "2026-02-09",
    "symbol": "ACGL",
    "eps": null,
    "epsEstimated": null,
    "time": "amc",
    "revenue": null,
    "revenueEstimated": null,
    "updatedFromDate": "2025-10-02",
    "fiscalDateEnding": "2025-12-30"
  },
  {
    "date": "2025-10-27",
    "symbol": "ACGL",
    "eps": null,
    "epsEstimated": 1.76,
    "time": "amc",
    "revenue": null,
    "revenueEstimated": 4393233250,
    "updatedFromDate": "2025-10-02",
    "fiscalDateEnding": "2025-09-30"
  },
  {
    "date": "2025-07-29",
    "symbol": "ACGL",
    "eps": 2.58,
    "epsEstimated": 2.3,
    "time": "amc",
    "revenue": 5213000000,
    "revenueEstimated": 4342462049,
    "updatedFromDate": "2025-10-02",
    "fiscalDateEnding": "2025-06-30"
  },
  {
    "date": "2025-04-29",
    "symbol": "ACGL",
    "eps": 1.54,
    "epsEstimated": 1.32,
    "time": "amc",
    "revenue": 4592000000,
    "revenueEstimated": 4561443440,
    "updatedFromDate": "2025-07-29",
    "fiscalDateEnding": "2025-03-30"
  },
  {
    "date": "2025-02-10",
    "symbol": "ACGL",
    "eps": 2.26,
    "epsEstimated": 1.9,
    "time": "amc",
    "revenue": 4510000000,
    "revenueEstimated": 4015401339,
    "updatedFromDate": "2025-05-10",
    "fiscalDateEnding": "2024-12-31"
  },
  {
    "date": "2024-10-30",
    "symbol": "ACGL",
    "eps": 1.99,
    "epsEstimated": 1.96,
    "time": "amc",
    "revenue": 4551000000,
    "revenueEstimated": 3925328973,
    "updatedFromDate": "2025-04-25",
    "fiscalDateEnding": "2024-09-30"
  },
  {
    "date": "2024-07-30",
    "symbol": "ACGL",
    "eps": 2.57,
    "epsEstimated": 2.21,
    "time": "amc",
    "revenue": 4062000000,
    "revenueEstimated": 3869913968,
    "updatedFromDate": "2025-04-25",
    "fiscalDateEnding": "2024-06-30"
  },
  {
    "date": "2024-04-29",
    "symbol": "ACGL",
    "eps": 2.45,
    "epsEstimated": 2.1,
    "time": "amc",
    "revenue": 3842000000,
    "revenueEstimated": 3765968245,
    "updatedFromDate": "2025-04-25",
    "fiscalDateEnding": "2024-03-31"
  },
  {
    "date": "2024-02-14",
    "symbol": "ACGL",
    "eps": 2.49,
    "epsEstimated": 1.94,
    "time": "amc",
    "revenue": 3873000000,
    "revenueEstimated": 3187120000,
    "updatedFromDate": "2025-04-25",
    "fiscalDateEnding": "2023-12-31"
  },
  {
    "date": "2023-10-30",
    "symbol": "ACGL",
    "eps": 2.31,
    "epsEstimated": 1.61,
    "time": "amc",
    "revenue": 3292000000,
    "revenueEstimated": 3248588969,
    "updatedFromDate": "2025-04-25",
    "fiscalDateEnding": "2023-09-30"
  },
  {
    "date": "2023-07-26",
    "symbol": "ACGL",
    "eps": 1.92,
    "epsEstimated": 1.58,
    "time": "amc",
    "revenue": 3088000000,
    "revenueEstimated": 3022160000,
    "updatedFromDate": "2025-04-25",
    "fiscalDateEnding": "2023-06-30"
  },
  {
    "date": "2023-04-26",
    "symbol": "ACGL",
    "eps": 1.73,
    "epsEstimated": 1.45,
    "time": "amc",
    "revenue": 3102000000,
    "revenueEstimated": 3125130000,
    "updatedFromDate": "2025-04-25",
    "fiscalDateEnding": "2023-03-31"
  },
  {
    "date": "2023-02-13",
    "symbol": "ACGL",
    "eps": 2.14,
    "epsEstimated": 1.34,
    "time": "amc",
    "revenue": 2950310000,
    "revenueEstimated": 2421761033,
    "updatedFromDate": "2025-04-25",
    "fiscalDateEnding": "2022-12-31"
  },
  {
    "date": "2022-10-26",
    "symbol": "ACGL",
    "eps": 0.28,
    "epsEstimated": 0.24,
    "time": "amc",
    "revenue": 2495619000,
    "revenueEstimated": 2451298055,
    "updatedFromDate": "2025-04-25",
    "fiscalDateEnding": "2022-09-30"
  },
  {
    "date": "2022-07-27",
    "symbol": "ACGL",
    "eps": 1.34,
    "epsEstimated": 1.09,
    "time": "amc",
    "revenue": 2244556000,
    "revenueEstimated": 2448981072,
    "updatedFromDate": "2025-04-25",
    "fiscalDateEnding": "2022-06-30"
  },
  {
    "date": "2022-04-27",
    "symbol": "ACGL",
    "eps": 1.1,
    "epsEstimated": 1.13,
    "time": "amc",
    "revenue": 1909372000,
    "revenueEstimated": 2666271615,
    "updatedFromDate": "2025-04-25",
    "fiscalDateEnding": "2022-03-31"
  },
  {
    "date": "2022-02-09",
    "symbol": "ACGL",
    "eps": 1.27,
    "epsEstimated": 1,
    "time": "amc",
    "revenue": 2249017000,
    "revenueEstimated": 2086896725,
    "updatedFromDate": "2025-04-25",
    "fiscalDateEnding": "2021-12-31"
  },
  {
    "date": "2021-10-27",
    "symbol": "ACGL",
    "eps": 0.74,
    "epsEstimated": 0.36,
    "time": "amc",
    "revenue": 2031884000,
    "revenueEstimated": 1417473101,
    "updatedFromDate": "2025-04-25",
    "fiscalDateEnding": "2021-09-30"
  },
  {
    "date": "2021-07-28",
    "symbol": "ACGL",
    "eps": 1,
    "epsEstimated": 0.9,
    "time": "amc",
    "revenue": 2430035000,
    "revenueEstimated": 2224130000,
    "updatedFromDate": "2025-04-25",
    "fiscalDateEnding": "2021-06-30"
  },
  {
    "date": "2021-04-27",
    "symbol": "ACGL",
    "eps": 0.59,
    "epsEstimated": 0.5,
    "time": "amc",
    "revenue": 2214171000,
    "revenueEstimated": 1522824022,
    "updatedFromDate": "2025-04-25",
    "fiscalDateEnding": "2021-03-31"
  },
  {
    "date": "2021-02-09",
    "symbol": "ACGL",
    "eps": 0.56,
    "epsEstimated": 0.5,
    "time": "amc",
    "revenue": 2224947000,
    "revenueEstimated": 2120011183,
    "updatedFromDate": "2025-04-25",
    "fiscalDateEnding": "2020-12-31"
  },
  {
    "date": "2020-10-29",
    "symbol": "ACGL",
    "eps": 0.29,
    "epsEstimated": 0.25,
    "time": "amc",
    "revenue": 2141550000,
    "revenueEstimated": 1489548042,
    "updatedFromDate": "2025-04-25",
    "fiscalDateEnding": "2020-09-30"
  },
  {
    "date": "2020-07-29",
    "symbol": "ACGL",
    "eps": 0.04,
    "epsEstimated": -0.26,
    "time": "amc",
    "revenue": 2317743000,
    "revenueEstimated": 9596065750,
    "updatedFromDate": "2025-04-25",
    "fiscalDateEnding": "2020-06-30"
  },
  {
    "date": "2020-05-04",
    "symbol": "ACGL",
    "eps": 0.46,
    "epsEstimated": 0.54,
    "time": "amc",
    "revenue": 1610708000,
    "revenueEstimated": 1683329043,
    "updatedFromDate": "2025-04-25",
    "fiscalDateEnding": "2020-03-31"
  },
  {
    "date": "2020-02-11",
    "symbol": "ACGL",
    "eps": 0.74,
    "epsEstimated": 0.68,
    "time": "amc",
    "revenue": 1664109000,
    "revenueEstimated": 1397971567,
    "updatedFromDate": "2025-04-25",
    "fiscalDateEnding": "2019-12-31"
  },
  {
    "date": "2019-10-29",
    "symbol": "ACGL",
    "eps": 0.63,
    "epsEstimated": 0.65,
    "time": "amc",
    "revenue": 1698654000,
    "revenueEstimated": 1419787206,
    "updatedFromDate": "2025-04-25",
    "fiscalDateEnding": "2019-09-30"
  },
  {
    "date": "2019-07-29",
    "symbol": "ACGL",
    "eps": 0.77,
    "epsEstimated": 0.69,
    "time": "amc",
    "revenue": 1741652000,
    "revenueEstimated": 1279794844,
    "updatedFromDate": "2025-04-25",
    "fiscalDateEnding": "2019-06-30"
  },
  {
    "date": "2019-04-30",
    "symbol": "ACGL",
    "eps": 0.67,
    "epsEstimated": 0.62,
    "time": "amc",
    "revenue": 1679504000,
    "revenueEstimated": 1275880417,
    "updatedFromDate": "2025-04-25",
    "fiscalDateEnding": "2019-03-31"
  },
  {
    "date": "2019-02-12",
    "symbol": "ACGL",
    "eps": 0.46,
    "epsEstimated": 0.37,
    "time": "amc",
    "revenue": 1383481000,
    "revenueEstimated": 1131260000,
    "updatedFromDate": "2025-04-25",
    "fiscalDateEnding": "2018-12-31"
  },
  {
    "date": "2018-10-30",
    "symbol": "ACGL",
    "eps": 0.59,
    "epsEstimated": 0.52,
    "time": "amc",
    "revenue": 1398640000,
    "revenueEstimated": 1142215254,
    "updatedFromDate": "2025-04-25",
    "fiscalDateEnding": "2018-09-30"
  },
  {
    "date": "2018-07-31",
    "symbol": "ACGL",
    "eps": 0.59,
    "epsEstimated": 0.53,
    "time": "amc",
    "revenue": 1456043000,
    "revenueEstimated": 1207142372,
    "updatedFromDate": "2025-04-25",
    "fiscalDateEnding": "2018-06-30"
  },
  {
    "date": "2018-05-01",
    "symbol": "ACGL",
    "eps": 0.56,
    "epsEstimated": 0.52,
    "time": "amc",
    "revenue": 1236165000,
    "revenueEstimated": 1151707142,
    "updatedFromDate": "2025-04-25",
    "fiscalDateEnding": "2018-03-31"
  },
  {
    "date": "2018-02-12",
    "symbol": "ACGL",
    "eps": 0.45,
    "epsEstimated": 0.37,
    "time": "amc",
    "revenue": 1361899000,
    "revenueEstimated": 1019555555,
    "updatedFromDate": "2025-04-25",
    "fiscalDateEnding": "2017-12-31"
  },
  {
    "date": "2017-10-25",
    "symbol": "ACGL",
    "eps": -0.26,
    "epsEstimated": -0.2,
    "time": "amc",
    "revenue": 1420436000,
    "revenueEstimated": 975076923,
    "updatedFromDate": "2025-04-25",
    "fiscalDateEnding": "2017-09-30"
  },
  {
    "date": "2017-07-26",
    "symbol": "ACGL",
    "eps": 0.4,
    "epsEstimated": 0.4,
    "time": "amc",
    "revenue": 1335288000,
    "revenueEstimated": 1243700000,
    "updatedFromDate": "2025-04-25",
    "fiscalDateEnding": "2017-06-30"
  },
  {
    "date": "2017-04-25",
    "symbol": "ACGL",
    "eps": 0.47,
    "epsEstimated": 0.44,
    "time": "amc",
    "revenue": 1251684000,
    "revenueEstimated": 1049353191,
    "updatedFromDate": "2025-04-25",
    "fiscalDateEnding": "2017-03-31"
  },
  {
    "date": "2017-02-13",
    "symbol": "ACGL",
    "eps": 0.38,
    "epsEstimated": 0.34,
    "time": "amc",
    "revenue": 1009982000,
    "revenueEstimated": 831494736,
    "updatedFromDate": "2025-04-25",
    "fiscalDateEnding": "2016-12-31"
  },
  {
    "date": "2016-10-26",
    "symbol": "ACGL",
    "eps": 0.38,
    "epsEstimated": 0.34,
    "time": "amc",
    "revenue": 1178218000,
    "revenueEstimated": 864315789,
    "updatedFromDate": "2025-04-25",
    "fiscalDateEnding": "2016-09-30"
  },
  {
    "date": "2016-07-27",
    "symbol": "ACGL",
    "eps": 0.38,
    "epsEstimated": 0.33,
    "time": "amc",
    "revenue": 1207077000,
    "revenueEstimated": 868378947,
    "updatedFromDate": "2025-04-25",
    "fiscalDateEnding": "2016-06-30"
  }
]