[
  {
    "date": "2026-03-10",
    "symbol": "ADBE",
    "eps": null,
    "epsEstimated": null,
    "time": "amc",
    "revenue": null,
    "revenueEstimated": null,
    "updatedFromDate": "2025-10-02",
    "fiscalDateEnding": "2026-02-28"
  },
  {
    "date": "2025-12-10",
    "symbol": "ADBE",
    "eps": null,
    "epsEstimated": 5.39,
    "time": "amc",
    "revenue": null,
    "revenueEstimated": 6109045520,
    "updatedFromDate": "2025-10-02",
    "fiscalDateEnding": "2025-11-29"
  },
  {
    "date": "2025-09-11",
    "symbol": "ADBE",
    "eps": 5.31,
    "epsEstimated": 5.18,
    "time": "amc",
    "revenue": 5988000000,
    "revenueEstimated": 5918001977,
    "updatedFromDate": "2025-10-02",
    "fiscalDateEnding": "2025-08-29"
  },
  {
    "date": "2025-06-12",
    "symbol": "ADBE",
    "eps": 5.06,
    "epsEstimated": 4.97,
    "time": "amc",
    "revenue": 5873000000,
    "revenueEstimated": 5799327321,
    "updatedFromDate": "2025-09-12",
    "fiscalDateEnding": "2025-05-30"
  },
  {
    "date": "2025-03-12",
    "symbol": "ADBE",
    "eps": 5.08,
    "epsEstimated": 4.97,
    "time": "amc",
    "revenue": 5714000000,
    "revenueEstimated": 5661513687,
    "updatedFromDate": "2025-06-06",
    "fiscalDateEnding": "2025-02-28"
  },
  {
    "date": "2024-12-11",
    "symbol": "ADBE",
    "eps": 4.81,
    "epsEstimated": 4.66,
    "time": "amc",
    "revenue": 5606000000,
    "revenueEstimated": 5539960692,
    "updatedFromDate": "2025-04-25",
    "fiscalDateEnding": "2024-11-29"
  },
  {
    "date": "2024-09-12",
    "symbol": "ADBE",
    "eps": 4.65,
    "epsEstimated": 4.53,
    "time": "amc",
    "revenue": 5408000000,
    "revenueEstimated": 5371968421,
    "updatedFromDate": "2025-04-25",
    "fiscalDateEnding": "2024-08-30"
  },
  {
    "date": "2024-06-13",
    "symbol": "ADBE",
    "eps": 4.48,
    "epsEstimated": 4.39,
    "time": "amc",
    "revenue": 5309000000,
    "revenueEstimated": 5291458037,
    "updatedFromDate": "2025-04-25",
    "fiscalDateEnding": "2024-05-31"
  },
  {
    "date": "2024-03-14",
    "symbol": "ADBE",
    "eps": 4.48,
    "epsEstimated": 4.38,
    "time": "amc",
    "revenue": 5182000000,
    "revenueEstimated": 5143432923,
    "updatedFromDate": "2025-04-25",
    "fiscalDateEnding": "2024-03-01"
  },
  {
    "date": "2023-12-13",
    "symbol": "ADBE",
    "eps": 4.27,
    "epsEstimated": 4.13,
    "time": "amc",
    "revenue": 5048000000,
    "revenueEstimated": 4592280000,
    "updatedFromDate": "2025-04-25",
    "fiscalDateEnding": "2023-12-01"
  },
  {
    "date": "2023-09-14",
    "symbol": "ADBE",
    "eps": 4.09,
    "epsEstimated": 3.97,
    "time": "amc",
    "revenue": 4890000000,
    "revenueEstimated": 4866730000,
    "updatedFromDate": "2025-04-25",
    "fiscalDateEnding": "2023-09-01"
  },
  {
    "date": "2023-06-15",
    "symbol": "ADBE",
    "eps": 3.91,
    "epsEstimated": 3.78,
    "time": "amc",
    "revenue": 4816000000,
    "revenueEstimated": 4432110000,
    "updatedFromDate": "2025-04-25",
    "fiscalDateEnding": "2023-06-02"
  },
  {
    "date": "2023-03-15",
    "symbol": "ADBE",
    "eps": 3.8,
    "epsEstimated": 3.66,
    "time": "amc",
    "revenue": 4655000000,
    "revenueEstimated": 4623430000,
    "updatedFromDate": "2025-04-25",
    "fiscalDateEnding": "2023-03-03"
  },
  {
    "date": "2022-12-15",
    "symbol": "ADBE",
    "eps": 3.6,
    "epsEstimated": 3.5,
    "time": "amc",
    "revenue": 4525000000,
    "revenueEstimated": 4527206515,
    "updatedFromDate": "2025-04-25",
    "fiscalDateEnding": "2022-12-02"
  },
  {
    "date": "2022-09-15",
    "symbol": "ADBE",
    "eps": 3.4,
    "epsEstimated": 3.33,
    "time": "amc",
    "revenue": 4433000000,
    "revenueEstimated": 4438402741,
    "updatedFromDate": "2025-04-25",
    "fiscalDateEnding": "2022-09-02"
  },
  {
    "date": "2022-06-16",
    "symbol": "ADBE",
    "eps": 3.35,
    "epsEstimated": 3.3,
    "time": "amc",
    "revenue": 4386000000,
    "revenueEstimated": 4344894722,
    "updatedFromDate": "2025-04-25",
    "fiscalDateEnding": "2022-06-03"
  },
  {
    "date": "2022-03-22",
    "symbol": "ADBE",
    "eps": 3.37,
    "epsEstimated": 3.34,
    "time": "amc",
    "revenue": 4262000000,
    "revenueEstimated": 4240550475,
    "updatedFromDate": "2025-04-25",
    "fiscalDateEnding": "2022-03-04"
  },
  {
    "date": "2021-12-16",
    "symbol": "ADBE",
    "eps": 3.2,
    "epsEstimated": 3.2,
    "time": "bmo",
    "revenue": 4110000000,
    "revenueEstimated": 4240000000,
    "updatedFromDate": "2025-04-25",
    "fiscalDateEnding": "2021-12-03"
  },
  {
    "date": "2021-09-21",
    "symbol": "ADBE",
    "eps": 3.11,
    "epsEstimated": 3.01,
    "time": "amc",
    "revenue": 3935000000,
    "revenueEstimated": null,
    "updatedFromDate": "2025-04-25",
    "fiscalDateEnding": "2021-09-03"
  },
  {
    "date": "2021-06-17",
    "symbol": "ADBE",
    "eps": 3.03,
    "epsEstimated": 2.81,
    "time": "amc",
    "revenue": 3835000000,
    "revenueEstimated": null,
    "updatedFromDate": "2025-04-25",
    "fiscalDateEnding": "2021-06-04"
  },
  {
    "date": "2021-03-23",
    "symbol": "ADBE",
    "eps": 3.14,
    "epsEstimated": 2.78,
    "time": "amc",
    "revenue": 3905000000,
    "revenueEstimated": null,
    "updatedFromDate": "2025-04-25",
    "fiscalDateEnding": "2021-03-05"
  },
  {
    "date": "2020-12-10",
    "symbol": "ADBE",
    "eps": 2.81,
    "epsEstimated": 2.65,
    "time": "bmo",
    "revenue": 3424000000,
    "revenueEstimated": 3081600000,
    "updatedFromDate": "2025-04-25",
    "fiscalDateEnding": "2020-11-27"
  },
  {
    "date": "2020-09-15",
    "symbol": "ADBE",
    "eps": 2.57,
    "epsEstimated": 2.41,
    "time": "amc",
    "revenue": 3225000000,
    "revenueEstimated": 3024221789,
    "updatedFromDate": "2025-04-25",
    "fiscalDateEnding": "2020-08-28"
  },
  {
    "date": "2020-06-11",
    "symbol": "ADBE",
    "eps": 2.45,
    "epsEstimated": 2.33,
    "time": "amc",
    "revenue": 3128000000,
    "revenueEstimated": 2974791836,
    "updatedFromDate": "2025-04-25",
    "fiscalDateEnding": "2020-05-29"
  },
  {
    "date": "2020-03-12",
    "symbol": "ADBE",
    "eps": 2.2,
    "epsEstimated": 2.23,
    "time": "amc",
    "revenue": 3091000000,
    "revenueEstimated": 3036533039,
    "updatedFromDate": "2025-04-25",
    "fiscalDateEnding": "2020-02-28"
  },
  {
    "date": "2019-12-12",
    "symbol": "ADBE",
    "eps": 2.29,
    "epsEstimated": 2.26,
    "time": "amc",
    "revenue": 2991944000,
    "revenueEstimated": 2952228915,
    "updatedFromDate": "2025-04-25",
    "fiscalDateEnding": "2019-11-29"
  },
  {
    "date": "2019-09-17",
    "symbol": "ADBE",
    "eps": 2.05,
    "epsEstimated": 1.97,
    "time": "amc",
    "revenue": 2834126000,
    "revenueEstimated": 2723525960,
    "updatedFromDate": "2025-04-25",
    "fiscalDateEnding": "2019-08-30"
  },
  {
    "date": "2019-06-18",
    "symbol": "ADBE",
    "eps": 1.83,
    "epsEstimated": 1.78,
    "time": "amc",
    "revenue": 2744280000,
    "revenueEstimated": 2669299672,
    "updatedFromDate": "2025-04-25",
    "fiscalDateEnding": "2019-05-31"
  },
  {
    "date": "2019-03-14",
    "symbol": "ADBE",
    "eps": 1.65,
    "epsEstimated": 1.62,
    "time": "amc",
    "revenue": 2600946000,
    "revenueEstimated": 2464054105,
    "updatedFromDate": "2025-04-25",
    "fiscalDateEnding": "2019-03-01"
  },
  {
    "date": "2018-12-13",
    "symbol": "ADBE",
    "eps": 1.83,
    "epsEstimated": 1.88,
    "time": "amc",
    "revenue": 2464625000,
    "revenueEstimated": 2530173537,
    "updatedFromDate": "2025-04-25",
    "fiscalDateEnding": "2018-11-30"
  },
  {
    "date": "2018-09-13",
    "symbol": "ADBE",
    "eps": 1.73,
    "epsEstimated": 1.69,
    "time": "amc",
    "revenue": 2291076000,
    "revenueEstimated": 2238126589,
    "updatedFromDate": "2025-04-25",
    "fiscalDateEnding": "2018-08-31"
  },
  {
    "date": "2018-06-14",
    "symbol": "ADBE",
    "eps": 1.66,
    "epsEstimated": 1.54,
    "time": "amc",
    "revenue": 2195360000,
    "revenueEstimated": 2036696385,
    "updatedFromDate": "2025-04-25",
    "fiscalDateEnding": "2018-06-01"
  },
  {
    "date": "2018-03-15",
    "symbol": "ADBE",
    "eps": 1.55,
    "epsEstimated": 1.43,
    "time": "amc",
    "revenue": 2078947000,
    "revenueEstimated": 1931365161,
    "updatedFromDate": "2025-04-25",
    "fiscalDateEnding": "2018-03-02"
  },
  {
    "date": "2017-12-14",
    "symbol": "ADBE",
    "eps": 1.26,
    "epsEstimated": 1.16,
    "time": "amc",
    "revenue": 2006595000,
    "revenueEstimated": null,
    "updatedFromDate": "2025-04-25",
    "fiscalDateEnding": "2017-12-01"
  },
  {
    "date": "2017-09-19",
    "symbol": "ADBE",
    "eps": 1.1,
    "epsEstimated": 1.01,
    "time": "amc",
    "revenue": 1841074000,
    "revenueEstimated": 1690464545,
    "updatedFromDate": "2025-04-25",
    "fiscalDateEnding": "2017-09-01"
  },
  {
    "date": "2017-06-20",
    "symbol": "ADBE",
    "eps": 1.02,
    "epsEstimated": 0.94,
    "time": "amc",
    "revenue": 1772190000,
    "revenueEstimated": 1650578431,
    "updatedFromDate": "2025-04-25",
    "fiscalDateEnding": "2017-06-02"
  },
  {
    "date": "2017-03-16",
    "symbol": "ADBE",
    "eps": 0.94,
    "epsEstimated": 0.87,
    "time": "amc",
    "revenue": 1681646000,
    "revenueEstimated": 1556374468,
    "updatedFromDate": "2025-04-25",
    "fiscalDateEnding": "2017-03-03"
  },
  {
    "date": "2016-12-15",
    "symbol": "ADBE",
    "eps": 0.9,
    "epsEstimated": 0.86,
    "time": "amc",
    "revenue": 1608419000,
    "revenueEstimated": null,
    "updatedFromDate": "2025-04-25",
    "fiscalDateEnding": "2016-12-02"
  },
  {
    "date": "2016-09-20",
    "symbol": "ADBE",
    "eps": 0.75,
    "epsEstimated": 0.72,
    "time": "amc",
    "revenue": 1463967000,
    "revenueEstimated": 1405440000,
    "updatedFromDate": "2025-04-25",
    "fiscalDateEnding": "2016-09-02"
  },
  {
    "date": "2016-06-21",
    "symbol": "ADBE",
    "eps": 0.71,
    "epsEstimated": 0.68,
    "time": "amc",
    "revenue": 1398709000,
    "revenueEstimated": 1339600000,
    "updatedFromDate": "2025-04-25",
    "fiscalDateEnding": "2016-06-03"
  }
]