[
  {
    "date": "2026-05-20",
    "symbol": "ADI",
    "eps": null,
    "epsEstimated": null,
    "time": "bmo",
    "revenue": null,
    "revenueEstimated": null,
    "updatedFromDate": "2025-10-02",
    "fiscalDateEnding": "2026-05-02"
  },
  {
    "date": "2026-02-17",
    "symbol": "ADI",
    "eps": null,
    "epsEstimated": null,
    "time": "bmo",
    "revenue": null,
    "revenueEstimated": null,
    "updatedFromDate": "2025-10-02",
    "fiscalDateEnding": "2026-02-02"
  },
  {
    "date": "2025-11-25",
    "symbol": "ADI",
    "eps": null,
    "epsEstimated": 2.22,
    "time": "bmo",
    "revenue": null,
    "revenueEstimated": 3000390010,
    "updatedFromDate": "2025-10-02",
    "fiscalDateEnding": "2025-11-02"
  },
  {
    "date": "2025-08-20",
    "symbol": "ADI",
    "eps": 2.05,
    "epsEstimated": 1.95,
    "time": "bmo",
    "revenue": 2880348000,
    "revenueEstimated": 2768481803,
    "updatedFromDate": "2025-10-02",
    "fiscalDateEnding": "2025-08-02"
  },
  {
    "date": "2025-05-22",
    "symbol": "ADI",
    "eps": 1.85,
    "epsEstimated": 1.7,
    "time": "bmo",
    "revenue": 2640068000,
    "revenueEstimated": 2513221566,
    "updatedFromDate": "2025-08-22",
    "fiscalDateEnding": "2025-05-03"
  },
  {
    "date": "2025-02-19",
    "symbol": "ADI",
    "eps": 1.63,
    "epsEstimated": 1.54,
    "time": "bmo",
    "revenue": 2423174000,
    "revenueEstimated": 2360036975,
    "updatedFromDate": "2025-05-16",
    "fiscalDateEnding": "2025-02-01"
  },
  {
    "date": "2024-11-26",
    "symbol": "ADI",
    "eps": 1.67,
    "epsEstimated": 1.64,
    "time": "bmo",
    "revenue": 2443205000,
    "revenueEstimated": 2405343727,
    "updatedFromDate": "2025-04-25",
    "fiscalDateEnding": "2024-11-02"
  },
  {
    "date": "2024-08-21",
    "symbol": "ADI",
    "eps": 1.58,
    "epsEstimated": 1.51,
    "time": "bmo",
    "revenue": 2312209000,
    "revenueEstimated": 2274977073,
    "updatedFromDate": "2025-04-25",
    "fiscalDateEnding": "2024-08-03"
  },
  {
    "date": "2024-05-22",
    "symbol": "ADI",
    "eps": 1.4,
    "epsEstimated": 1.26,
    "time": "bmo",
    "revenue": 2159039000,
    "revenueEstimated": 2105264074,
    "updatedFromDate": "2025-04-25",
    "fiscalDateEnding": "2024-05-04"
  },
  {
    "date": "2024-02-21",
    "symbol": "ADI",
    "eps": 1.73,
    "epsEstimated": 1.71,
    "time": "bmo",
    "revenue": 2512704000,
    "revenueEstimated": 2497092432,
    "updatedFromDate": "2025-04-25",
    "fiscalDateEnding": "2024-02-03"
  },
  {
    "date": "2023-11-21",
    "symbol": "ADI",
    "eps": 2.01,
    "epsEstimated": 2.01,
    "time": "bmo",
    "revenue": 2716484000,
    "revenueEstimated": 2703980000,
    "updatedFromDate": "2025-04-25",
    "fiscalDateEnding": "2023-10-28"
  },
  {
    "date": "2023-08-23",
    "symbol": "ADI",
    "eps": 2.49,
    "epsEstimated": 2.53,
    "time": "bmo",
    "revenue": 3076495000,
    "revenueEstimated": 3096430000,
    "updatedFromDate": "2025-04-25",
    "fiscalDateEnding": "2023-07-29"
  },
  {
    "date": "2023-05-24",
    "symbol": "ADI",
    "eps": 2.83,
    "epsEstimated": 2.75,
    "time": "bmo",
    "revenue": 3262930000,
    "revenueEstimated": 3206000000,
    "updatedFromDate": "2025-04-25",
    "fiscalDateEnding": "2023-04-29"
  },
  {
    "date": "2023-02-15",
    "symbol": "ADI",
    "eps": 2.75,
    "epsEstimated": 2.59,
    "time": "bmo",
    "revenue": 3249630000,
    "revenueEstimated": 3150743175,
    "updatedFromDate": "2025-04-25",
    "fiscalDateEnding": "2023-01-28"
  },
  {
    "date": "2022-11-22",
    "symbol": "ADI",
    "eps": 2.73,
    "epsEstimated": 2.58,
    "time": "bmo",
    "revenue": 3247716000,
    "revenueEstimated": 3150444897,
    "updatedFromDate": "2025-04-25",
    "fiscalDateEnding": "2022-10-29"
  },
  {
    "date": "2022-08-17",
    "symbol": "ADI",
    "eps": 2.52,
    "epsEstimated": 2.43,
    "time": "bmo",
    "revenue": 3109880000,
    "revenueEstimated": 3057569832,
    "updatedFromDate": "2025-04-25",
    "fiscalDateEnding": "2022-07-30"
  },
  {
    "date": "2022-05-18",
    "symbol": "ADI",
    "eps": 2.4,
    "epsEstimated": 2.12,
    "time": "bmo",
    "revenue": 2972064000,
    "revenueEstimated": 2841636096,
    "updatedFromDate": "2025-04-25",
    "fiscalDateEnding": "2022-04-30"
  },
  {
    "date": "2022-02-16",
    "symbol": "ADI",
    "eps": 1.94,
    "epsEstimated": 1.79,
    "time": "bmo",
    "revenue": 2684293000,
    "revenueEstimated": 2609961124,
    "updatedFromDate": "2025-04-25",
    "fiscalDateEnding": "2022-01-29"
  },
  {
    "date": "2021-11-23",
    "symbol": "ADI",
    "eps": 1.73,
    "epsEstimated": 1.69,
    "time": "bmo",
    "revenue": 2339568000,
    "revenueEstimated": 2588580000,
    "updatedFromDate": "2025-04-25",
    "fiscalDateEnding": "2021-10-30"
  },
  {
    "date": "2021-08-18",
    "symbol": "ADI",
    "eps": 1.72,
    "epsEstimated": 1.63,
    "time": "bmo",
    "revenue": 1758853000,
    "revenueEstimated": 2307200000,
    "updatedFromDate": "2025-04-25",
    "fiscalDateEnding": "2021-07-31"
  },
  {
    "date": "2021-05-19",
    "symbol": "ADI",
    "eps": 1.54,
    "epsEstimated": 1.45,
    "time": "bmo",
    "revenue": 1661407000,
    "revenueEstimated": 1601980000,
    "updatedFromDate": "2025-04-25",
    "fiscalDateEnding": "2021-05-01"
  },
  {
    "date": "2021-02-17",
    "symbol": "ADI",
    "eps": 1.44,
    "epsEstimated": 1.32,
    "time": "bmo",
    "revenue": 1558458000,
    "revenueEstimated": 1416780000,
    "updatedFromDate": "2025-04-25",
    "fiscalDateEnding": "2021-01-30"
  },
  {
    "date": "2020-11-24",
    "symbol": "ADI",
    "eps": 1.44,
    "epsEstimated": 1.32,
    "time": "bmo",
    "revenue": 1526295000,
    "revenueEstimated": 1400060075,
    "updatedFromDate": "2025-04-25",
    "fiscalDateEnding": "2020-10-31"
  },
  {
    "date": "2020-08-19",
    "symbol": "ADI",
    "eps": 1.36,
    "epsEstimated": 1.33,
    "time": "bmo",
    "revenue": 1456136000,
    "revenueEstimated": 1370480941,
    "updatedFromDate": "2025-04-25",
    "fiscalDateEnding": "2020-08-01"
  },
  {
    "date": "2020-05-20",
    "symbol": "ADI",
    "eps": 1.08,
    "epsEstimated": 1.05,
    "time": "bmo",
    "revenue": 1317060000,
    "revenueEstimated": 1256085000,
    "updatedFromDate": "2025-04-25",
    "fiscalDateEnding": "2020-05-02"
  },
  {
    "date": "2020-02-19",
    "symbol": "ADI",
    "eps": 1.03,
    "epsEstimated": 1,
    "time": "bmo",
    "revenue": 1303565000,
    "revenueEstimated": 1265597087,
    "updatedFromDate": "2025-04-25",
    "fiscalDateEnding": "2020-02-01"
  },
  {
    "date": "2019-11-26",
    "symbol": "ADI",
    "eps": 1.19,
    "epsEstimated": 1.21,
    "time": "bmo",
    "revenue": 1443219000,
    "revenueEstimated": 1479602672,
    "updatedFromDate": "2025-04-25",
    "fiscalDateEnding": "2019-11-02"
  },
  {
    "date": "2019-08-21",
    "symbol": "ADI",
    "eps": 1.26,
    "epsEstimated": 1.22,
    "time": "bmo",
    "revenue": 1480143000,
    "revenueEstimated": 1433154333,
    "updatedFromDate": "2025-04-25",
    "fiscalDateEnding": "2019-08-03"
  },
  {
    "date": "2019-05-22",
    "symbol": "ADI",
    "eps": 1.36,
    "epsEstimated": 1.3,
    "time": "bmo",
    "revenue": 1526602000,
    "revenueEstimated": 2932363161,
    "updatedFromDate": "2025-04-25",
    "fiscalDateEnding": "2019-05-04"
  },
  {
    "date": "2019-02-20",
    "symbol": "ADI",
    "eps": 1.33,
    "epsEstimated": 1.28,
    "time": "bmo",
    "revenue": 1541101000,
    "revenueEstimated": 1483164872,
    "updatedFromDate": "2025-04-25",
    "fiscalDateEnding": "2019-02-02"
  },
  {
    "date": "2018-11-20",
    "symbol": "ADI",
    "eps": 1.55,
    "epsEstimated": 1.52,
    "time": "bmo",
    "revenue": 1596586000,
    "revenueEstimated": 1506396490,
    "updatedFromDate": "2025-04-25",
    "fiscalDateEnding": "2018-11-03"
  },
  {
    "date": "2018-08-22",
    "symbol": "ADI",
    "eps": 1.53,
    "epsEstimated": 1.46,
    "time": "bmo",
    "revenue": 1572679000,
    "revenueEstimated": 1486909803,
    "updatedFromDate": "2025-04-25",
    "fiscalDateEnding": "2018-08-04"
  },
  {
    "date": "2018-05-30",
    "symbol": "ADI",
    "eps": 1.45,
    "epsEstimated": 1.37,
    "time": "bmo",
    "revenue": 1513053000,
    "revenueEstimated": 1488020689,
    "updatedFromDate": "2025-04-25",
    "fiscalDateEnding": "2018-05-05"
  },
  {
    "date": "2018-02-28",
    "symbol": "ADI",
    "eps": 1.42,
    "epsEstimated": 1.29,
    "time": "bmo",
    "revenue": 1518624000,
    "revenueEstimated": 1423451408,
    "updatedFromDate": "2025-04-25",
    "fiscalDateEnding": "2018-02-03"
  },
  {
    "date": "2017-11-21",
    "symbol": "ADI",
    "eps": 1.45,
    "epsEstimated": 1.36,
    "time": "bmo",
    "revenue": 1541170000,
    "revenueEstimated": 1575724137,
    "updatedFromDate": "2025-04-25",
    "fiscalDateEnding": "2017-10-28"
  },
  {
    "date": "2017-08-30",
    "symbol": "ADI",
    "eps": 1.26,
    "epsEstimated": 1.15,
    "time": "bmo",
    "revenue": 1433902000,
    "revenueEstimated": 1308718253,
    "updatedFromDate": "2025-04-25",
    "fiscalDateEnding": "2017-07-29"
  },
  {
    "date": "2017-05-31",
    "symbol": "ADI",
    "eps": 1.03,
    "epsEstimated": 0.85,
    "time": "bmo",
    "revenue": 1147982000,
    "revenueEstimated": 936233009,
    "updatedFromDate": "2025-04-25",
    "fiscalDateEnding": "2017-04-29"
  },
  {
    "date": "2017-02-15",
    "symbol": "ADI",
    "eps": 0.94,
    "epsEstimated": 0.73,
    "time": "bmo",
    "revenue": 984449000,
    "revenueEstimated": 774953191,
    "updatedFromDate": "2025-04-25",
    "fiscalDateEnding": "2017-01-28"
  },
  {
    "date": "2016-11-22",
    "symbol": "ADI",
    "eps": 1.05,
    "epsEstimated": 0.89,
    "time": "bmo",
    "revenue": 1003623000,
    "revenueEstimated": 850670476,
    "updatedFromDate": "2025-04-25",
    "fiscalDateEnding": "2016-10-29"
  },
  {
    "date": "2016-08-17",
    "symbol": "ADI",
    "eps": 0.82,
    "epsEstimated": 0.76,
    "time": "bmo",
    "revenue": 869591000,
    "revenueEstimated": 805970731,
    "updatedFromDate": "2025-04-25",
    "fiscalDateEnding": "2016-07-30"
  }
]