[
  {
    "date": "2026-05-04",
    "symbol": "ADM",
    "eps": null,
    "epsEstimated": null,
    "time": "bmo",
    "revenue": null,
    "revenueEstimated": null,
    "updatedFromDate": "2025-10-02",
    "fiscalDateEnding": "2026-03-30"
  },
  {
    "date": "2026-02-02",
    "symbol": "ADM",
    "eps": null,
    "epsEstimated": null,
    "time": "bmo",
    "revenue": null,
    "revenueEstimated": null,
    "updatedFromDate": "2025-10-02",
    "fiscalDateEnding": "2025-12-30"
  },
  {
    "date": "2025-11-17",
    "symbol": "ADM",
    "eps": null,
    "epsEstimated": 0.98,
    "time": "bmo",
    "revenue": null,
    "revenueEstimated": null,
    "updatedFromDate": "2025-10-02",
    "fiscalDateEnding": "2025-09-30"
  },
  {
    "date": "2025-08-05",
    "symbol": "ADM",
    "eps": 0.93,
    "epsEstimated": 0.817,
    "time": "bmo",
    "revenue": 21188000000,
    "revenueEstimated": 22030232194,
    "updatedFromDate": "2025-10-02",
    "fiscalDateEnding": "2025-06-30"
  },
  {
    "date": "2025-05-06",
    "symbol": "ADM",
    "eps": 0.7,
    "epsEstimated": 0.663,
    "time": "bmo",
    "revenue": 20175000000,
    "revenueEstimated": 22077990070,
    "updatedFromDate": "2025-08-06",
    "fiscalDateEnding": "2025-03-31"
  },
  {
    "date": "2025-02-04",
    "symbol": "ADM",
    "eps": 1.14,
    "epsEstimated": 1.14,
    "time": "bmo",
    "revenue": 21498000000,
    "revenueEstimated": 22772682780,
    "updatedFromDate": "2025-05-04",
    "fiscalDateEnding": "2024-12-31"
  },
  {
    "date": "2024-11-18",
    "symbol": "ADM",
    "eps": 1.09,
    "epsEstimated": 1.19,
    "time": "bmo",
    "revenue": 19937000000,
    "revenueEstimated": 21479479777,
    "updatedFromDate": "2025-04-23",
    "fiscalDateEnding": "2024-09-30"
  },
  {
    "date": "2024-07-30",
    "symbol": "ADM",
    "eps": 1.03,
    "epsEstimated": 1.22,
    "time": "bmo",
    "revenue": 22248000000,
    "revenueEstimated": 23116289896,
    "updatedFromDate": "2025-04-23",
    "fiscalDateEnding": "2024-06-30"
  },
  {
    "date": "2024-04-30",
    "symbol": "ADM",
    "eps": 1.46,
    "epsEstimated": 1.36,
    "time": "bmo",
    "revenue": 21847000000,
    "revenueEstimated": 22263716287,
    "updatedFromDate": "2025-04-23",
    "fiscalDateEnding": "2024-03-31"
  },
  {
    "date": "2024-03-12",
    "symbol": "ADM",
    "eps": 1.36,
    "epsEstimated": 1.43,
    "time": "bmo",
    "revenue": 22986000000,
    "revenueEstimated": 23639400000,
    "updatedFromDate": "2025-04-23",
    "fiscalDateEnding": "2023-12-31"
  },
  {
    "date": "2023-10-24",
    "symbol": "ADM",
    "eps": 1.63,
    "epsEstimated": 1.52,
    "time": "bmo",
    "revenue": 21695000000,
    "revenueEstimated": 23678100000,
    "updatedFromDate": "2025-04-23",
    "fiscalDateEnding": "2023-09-30"
  },
  {
    "date": "2023-07-25",
    "symbol": "ADM",
    "eps": 1.89,
    "epsEstimated": 1.6,
    "time": "bmo",
    "revenue": 25190000000,
    "revenueEstimated": 25900200000,
    "updatedFromDate": "2025-04-23",
    "fiscalDateEnding": "2023-06-30"
  },
  {
    "date": "2023-04-25",
    "symbol": "ADM",
    "eps": 2.09,
    "epsEstimated": 1.78,
    "time": "bmo",
    "revenue": 24072000000,
    "revenueEstimated": 24074900000,
    "updatedFromDate": "2025-04-23",
    "fiscalDateEnding": "2023-03-31"
  },
  {
    "date": "2023-01-26",
    "symbol": "ADM",
    "eps": 1.93,
    "epsEstimated": 1.65,
    "time": "bmo",
    "revenue": 26231000000,
    "revenueEstimated": 25279315199,
    "updatedFromDate": "2025-04-23",
    "fiscalDateEnding": "2022-12-31"
  },
  {
    "date": "2022-10-25",
    "symbol": "ADM",
    "eps": 1.86,
    "epsEstimated": 1.44,
    "time": "bmo",
    "revenue": 24683000000,
    "revenueEstimated": 22176901174,
    "updatedFromDate": "2025-04-23",
    "fiscalDateEnding": "2022-09-30"
  },
  {
    "date": "2022-07-26",
    "symbol": "ADM",
    "eps": 2.15,
    "epsEstimated": 1.71,
    "time": "bmo",
    "revenue": 27284000000,
    "revenueEstimated": 24899756815,
    "updatedFromDate": "2025-04-23",
    "fiscalDateEnding": "2022-06-30"
  },
  {
    "date": "2022-04-26",
    "symbol": "ADM",
    "eps": 1.9,
    "epsEstimated": 1.41,
    "time": "bmo",
    "revenue": 23650000000,
    "revenueEstimated": 20779446472,
    "updatedFromDate": "2025-04-23",
    "fiscalDateEnding": "2022-03-31"
  },
  {
    "date": "2022-01-25",
    "symbol": "ADM",
    "eps": 1.5,
    "epsEstimated": 1.37,
    "time": "bmo",
    "revenue": 23090000000,
    "revenueEstimated": 20213726496,
    "updatedFromDate": "2025-04-23",
    "fiscalDateEnding": "2021-12-31"
  },
  {
    "date": "2021-10-26",
    "symbol": "ADM",
    "eps": 0.97,
    "epsEstimated": 0.89,
    "time": "bmo",
    "revenue": 20340000000,
    "revenueEstimated": 17777900000,
    "updatedFromDate": "2025-04-23",
    "fiscalDateEnding": "2021-09-30"
  },
  {
    "date": "2021-07-27",
    "symbol": "ADM",
    "eps": 1.33,
    "epsEstimated": 1.03,
    "time": "bmo",
    "revenue": 22926000000,
    "revenueEstimated": 17777900000,
    "updatedFromDate": "2025-04-23",
    "fiscalDateEnding": "2021-06-30"
  },
  {
    "date": "2021-04-27",
    "symbol": "ADM",
    "eps": 1.39,
    "epsEstimated": 1.04,
    "time": "bmo",
    "revenue": 18893000000,
    "revenueEstimated": 16323300000,
    "updatedFromDate": "2025-04-23",
    "fiscalDateEnding": "2021-03-31"
  },
  {
    "date": "2021-01-26",
    "symbol": "ADM",
    "eps": 1.21,
    "epsEstimated": 1.1,
    "time": "bmo",
    "revenue": 17978000000,
    "revenueEstimated": 16441300000,
    "updatedFromDate": "2025-04-23",
    "fiscalDateEnding": "2020-12-31"
  },
  {
    "date": "2020-10-29",
    "symbol": "ADM",
    "eps": 0.89,
    "epsEstimated": 0.71,
    "time": "amc",
    "revenue": 15126000000,
    "revenueEstimated": 12066808988,
    "updatedFromDate": "2025-04-23",
    "fiscalDateEnding": "2020-09-30"
  },
  {
    "date": "2020-07-29",
    "symbol": "ADM",
    "eps": 0.85,
    "epsEstimated": 0.51,
    "time": "amc",
    "revenue": 16281000000,
    "revenueEstimated": 13431825000,
    "updatedFromDate": "2025-04-23",
    "fiscalDateEnding": "2020-06-30"
  },
  {
    "date": "2020-04-29",
    "symbol": "ADM",
    "eps": 0.64,
    "epsEstimated": 0.55,
    "time": "amc",
    "revenue": 14970000000,
    "revenueEstimated": 12864843750,
    "updatedFromDate": "2025-04-23",
    "fiscalDateEnding": "2020-03-31"
  },
  {
    "date": "2020-01-29",
    "symbol": "ADM",
    "eps": 1.42,
    "epsEstimated": 0.79,
    "time": "amc",
    "revenue": 16329000000,
    "revenueEstimated": 11860711138,
    "updatedFromDate": "2025-04-23",
    "fiscalDateEnding": "2019-12-31"
  },
  {
    "date": "2019-10-31",
    "symbol": "ADM",
    "eps": 0.77,
    "epsEstimated": 0.69,
    "time": "bmo",
    "revenue": 16726000000,
    "revenueEstimated": 14988233766,
    "updatedFromDate": "2025-04-23",
    "fiscalDateEnding": "2019-09-30"
  },
  {
    "date": "2019-08-01",
    "symbol": "ADM",
    "eps": 0.6,
    "epsEstimated": 0.61,
    "time": "bmo",
    "revenue": 16297000000,
    "revenueEstimated": 16568616666,
    "updatedFromDate": "2025-04-23",
    "fiscalDateEnding": "2019-06-30"
  },
  {
    "date": "2019-04-26",
    "symbol": "ADM",
    "eps": 0.46,
    "epsEstimated": 0.6,
    "time": "bmo",
    "revenue": 15304000000,
    "revenueEstimated": 19961739130,
    "updatedFromDate": "2025-04-23",
    "fiscalDateEnding": "2019-03-31"
  },
  {
    "date": "2019-02-05",
    "symbol": "ADM",
    "eps": 0.88,
    "epsEstimated": 0.92,
    "time": "bmo",
    "revenue": 15947000000,
    "revenueEstimated": 16671863636,
    "updatedFromDate": "2025-04-23",
    "fiscalDateEnding": "2018-12-31"
  },
  {
    "date": "2018-11-06",
    "symbol": "ADM",
    "eps": 0.92,
    "epsEstimated": 0.83,
    "time": "bmo",
    "revenue": 15800000000,
    "revenueEstimated": 14254347826,
    "updatedFromDate": "2025-04-23",
    "fiscalDateEnding": "2018-09-30"
  },
  {
    "date": "2018-07-31",
    "symbol": "ADM",
    "eps": 1.02,
    "epsEstimated": 0.77,
    "time": "bmo",
    "revenue": 17068000000,
    "revenueEstimated": 12884666666,
    "updatedFromDate": "2025-04-23",
    "fiscalDateEnding": "2018-06-30"
  },
  {
    "date": "2018-05-01",
    "symbol": "ADM",
    "eps": 0.68,
    "epsEstimated": 0.5,
    "time": "bmo",
    "revenue": 15526000000,
    "revenueEstimated": 11416176470,
    "updatedFromDate": "2025-04-23",
    "fiscalDateEnding": "2018-03-31"
  },
  {
    "date": "2018-02-06",
    "symbol": "ADM",
    "eps": 0.82,
    "epsEstimated": 0.7,
    "time": "bmo",
    "revenue": 16070000000,
    "revenueEstimated": 13718292682,
    "updatedFromDate": "2025-04-23",
    "fiscalDateEnding": "2017-12-31"
  },
  {
    "date": "2017-10-31",
    "symbol": "ADM",
    "eps": 0.45,
    "epsEstimated": 0.55,
    "time": "bmo",
    "revenue": 14827000000,
    "revenueEstimated": 18451377777,
    "updatedFromDate": "2025-04-23",
    "fiscalDateEnding": "2017-09-30"
  },
  {
    "date": "2017-08-01",
    "symbol": "ADM",
    "eps": 0.57,
    "epsEstimated": 0.52,
    "time": "bmo",
    "revenue": 14943000000,
    "revenueEstimated": 13632210526,
    "updatedFromDate": "2025-04-23",
    "fiscalDateEnding": "2017-06-30"
  },
  {
    "date": "2017-05-02",
    "symbol": "ADM",
    "eps": 0.6,
    "epsEstimated": 0.62,
    "time": "bmo",
    "revenue": 14988000000,
    "revenueEstimated": 15487600000,
    "updatedFromDate": "2025-04-23",
    "fiscalDateEnding": "2017-03-31"
  },
  {
    "date": "2017-02-07",
    "symbol": "ADM",
    "eps": 0.75,
    "epsEstimated": 0.77,
    "time": "bmo",
    "revenue": 16501000000,
    "revenueEstimated": 16941026666,
    "updatedFromDate": "2025-04-23",
    "fiscalDateEnding": "2016-12-31"
  },
  {
    "date": "2016-11-01",
    "symbol": "ADM",
    "eps": 0.59,
    "epsEstimated": 0.46,
    "time": "bmo",
    "revenue": 15832000000,
    "revenueEstimated": 12343593220,
    "updatedFromDate": "2025-04-23",
    "fiscalDateEnding": "2016-09-30"
  },
  {
    "date": "2016-08-02",
    "symbol": "ADM",
    "eps": 0.41,
    "epsEstimated": 0.45,
    "time": "bmo",
    "revenue": 15629000000,
    "revenueEstimated": 17153780487,
    "updatedFromDate": "2025-04-23",
    "fiscalDateEnding": "2016-06-30"
  }
]