[
  {
    "date": "2026-04-28",
    "symbol": "ADP",
    "eps": null,
    "epsEstimated": null,
    "time": "bmo",
    "revenue": null,
    "revenueEstimated": null,
    "updatedFromDate": "2025-10-02",
    "fiscalDateEnding": "2026-03-30"
  },
  {
    "date": "2026-01-27",
    "symbol": "ADP",
    "eps": null,
    "epsEstimated": null,
    "time": "bmo",
    "revenue": null,
    "revenueEstimated": null,
    "updatedFromDate": "2025-10-02",
    "fiscalDateEnding": "2025-12-30"
  },
  {
    "date": "2025-10-29",
    "symbol": "ADP",
    "eps": null,
    "epsEstimated": 2.44,
    "time": "bmo",
    "revenue": null,
    "revenueEstimated": 5138664930,
    "updatedFromDate": "2025-10-02",
    "fiscalDateEnding": "2025-09-30"
  },
  {
    "date": "2025-07-30",
    "symbol": "ADP",
    "eps": 2.26,
    "epsEstimated": 2.23,
    "time": "bmo",
    "revenue": 5126800000,
    "revenueEstimated": 5044046989,
    "updatedFromDate": "2025-10-02",
    "fiscalDateEnding": "2025-06-30"
  },
  {
    "date": "2025-04-30",
    "symbol": "ADP",
    "eps": 3.06,
    "epsEstimated": 2.97,
    "time": "bmo",
    "revenue": 5553000000,
    "revenueEstimated": 5491238230,
    "updatedFromDate": "2025-07-30",
    "fiscalDateEnding": "2025-03-31"
  },
  {
    "date": "2025-01-29",
    "symbol": "ADP",
    "eps": 2.35,
    "epsEstimated": 2.3,
    "time": "bmo",
    "revenue": 5048400000,
    "revenueEstimated": 4970434842,
    "updatedFromDate": "2025-04-29",
    "fiscalDateEnding": "2024-12-31"
  },
  {
    "date": "2024-10-30",
    "symbol": "ADP",
    "eps": 2.33,
    "epsEstimated": 2.21,
    "time": "bmo",
    "revenue": 4832700000,
    "revenueEstimated": 4774179156,
    "updatedFromDate": "2025-04-25",
    "fiscalDateEnding": "2024-09-30"
  },
  {
    "date": "2024-07-31",
    "symbol": "ADP",
    "eps": 2.09,
    "epsEstimated": 2.06,
    "time": "bmo",
    "revenue": 4768500000,
    "revenueEstimated": 4742077188,
    "updatedFromDate": "2025-04-25",
    "fiscalDateEnding": "2024-06-30"
  },
  {
    "date": "2024-05-01",
    "symbol": "ADP",
    "eps": 2.88,
    "epsEstimated": 2.79,
    "time": "bmo",
    "revenue": 5253800000,
    "revenueEstimated": 5224828452,
    "updatedFromDate": "2025-04-25",
    "fiscalDateEnding": "2024-03-31"
  },
  {
    "date": "2024-01-31",
    "symbol": "ADP",
    "eps": 2.13,
    "epsEstimated": 2.1,
    "time": "bmo",
    "revenue": 4668000000,
    "revenueEstimated": 4658040000,
    "updatedFromDate": "2025-04-25",
    "fiscalDateEnding": "2023-12-31"
  },
  {
    "date": "2023-10-25",
    "symbol": "ADP",
    "eps": 2.08,
    "epsEstimated": 2.03,
    "time": "bmo",
    "revenue": 4512400000,
    "revenueEstimated": 4512160000,
    "updatedFromDate": "2025-04-25",
    "fiscalDateEnding": "2023-09-30"
  },
  {
    "date": "2023-07-26",
    "symbol": "ADP",
    "eps": 1.89,
    "epsEstimated": 1.83,
    "time": "bmo",
    "revenue": 4477800000,
    "revenueEstimated": 4386350000,
    "updatedFromDate": "2025-04-25",
    "fiscalDateEnding": "2023-06-30"
  },
  {
    "date": "2023-04-26",
    "symbol": "ADP",
    "eps": 2.52,
    "epsEstimated": 2.45,
    "time": "bmo",
    "revenue": 4927800000,
    "revenueEstimated": 4878250000,
    "updatedFromDate": "2025-04-25",
    "fiscalDateEnding": "2023-03-31"
  },
  {
    "date": "2023-01-25",
    "symbol": "ADP",
    "eps": 1.96,
    "epsEstimated": 1.94,
    "time": "bmo",
    "revenue": 4203800000,
    "revenueEstimated": 4373270722,
    "updatedFromDate": "2025-04-25",
    "fiscalDateEnding": "2022-12-31"
  },
  {
    "date": "2022-10-26",
    "symbol": "ADP",
    "eps": 1.86,
    "epsEstimated": 1.8,
    "time": "bmo",
    "revenue": 4074600000,
    "revenueEstimated": 4158529534,
    "updatedFromDate": "2025-04-25",
    "fiscalDateEnding": "2022-09-30"
  },
  {
    "date": "2022-07-27",
    "symbol": "ADP",
    "eps": 1.5,
    "epsEstimated": 1.46,
    "time": "bmo",
    "revenue": 4000800000,
    "revenueEstimated": 4052902943,
    "updatedFromDate": "2025-04-25",
    "fiscalDateEnding": "2022-06-30"
  },
  {
    "date": "2022-04-27",
    "symbol": "ADP",
    "eps": 2.21,
    "epsEstimated": 2.08,
    "time": "bmo",
    "revenue": 4395000000,
    "revenueEstimated": 4457481935,
    "updatedFromDate": "2025-04-25",
    "fiscalDateEnding": "2022-03-31"
  },
  {
    "date": "2022-01-26",
    "symbol": "ADP",
    "eps": 1.65,
    "epsEstimated": 1.63,
    "time": "bmo",
    "revenue": 3919400000,
    "revenueEstimated": 3976169338,
    "updatedFromDate": "2025-04-25",
    "fiscalDateEnding": "2021-12-31"
  },
  {
    "date": "2021-10-27",
    "symbol": "ADP",
    "eps": 1.65,
    "epsEstimated": 1.49,
    "time": "bmo",
    "revenue": 3731200000,
    "revenueEstimated": 3977530000,
    "updatedFromDate": "2025-04-25",
    "fiscalDateEnding": "2021-09-30"
  },
  {
    "date": "2021-07-28",
    "symbol": "ADP",
    "eps": 1.2,
    "epsEstimated": 1.14,
    "time": "bmo",
    "revenue": 3633700000,
    "revenueEstimated": 3752170000,
    "updatedFromDate": "2025-04-25",
    "fiscalDateEnding": "2021-06-30"
  },
  {
    "date": "2021-04-28",
    "symbol": "ADP",
    "eps": 1.89,
    "epsEstimated": 1.82,
    "time": "bmo",
    "revenue": 3994600000,
    "revenueEstimated": 4079690000,
    "updatedFromDate": "2025-04-25",
    "fiscalDateEnding": "2021-03-31"
  },
  {
    "date": "2021-01-27",
    "symbol": "ADP",
    "eps": 1.52,
    "epsEstimated": 1.29,
    "time": "bmo",
    "revenue": 3590300000,
    "revenueEstimated": 3036776744,
    "updatedFromDate": "2025-04-25",
    "fiscalDateEnding": "2020-12-31"
  },
  {
    "date": "2020-10-28",
    "symbol": "ADP",
    "eps": 1.41,
    "epsEstimated": 0.98,
    "time": "bmo",
    "revenue": 3364200000,
    "revenueEstimated": 2411773049,
    "updatedFromDate": "2025-04-25",
    "fiscalDateEnding": "2020-09-30"
  },
  {
    "date": "2020-07-29",
    "symbol": "ADP",
    "eps": 1.14,
    "epsEstimated": 0.96,
    "time": "bmo",
    "revenue": 3262000000,
    "revenueEstimated": 2843621052,
    "updatedFromDate": "2025-04-25",
    "fiscalDateEnding": "2020-06-30"
  },
  {
    "date": "2020-04-29",
    "symbol": "ADP",
    "eps": 1.92,
    "epsEstimated": 1.89,
    "time": "bmo",
    "revenue": 3888900000,
    "revenueEstimated": 3984553125,
    "updatedFromDate": "2025-04-25",
    "fiscalDateEnding": "2020-03-31"
  },
  {
    "date": "2020-01-29",
    "symbol": "ADP",
    "eps": 1.52,
    "epsEstimated": 1.45,
    "time": "bmo",
    "revenue": 3531800000,
    "revenueEstimated": 3500509868,
    "updatedFromDate": "2025-04-25",
    "fiscalDateEnding": "2019-12-31"
  },
  {
    "date": "2019-10-30",
    "symbol": "ADP",
    "eps": 1.34,
    "epsEstimated": 1.33,
    "time": "bmo",
    "revenue": 3361800000,
    "revenueEstimated": 3469612686,
    "updatedFromDate": "2025-04-25",
    "fiscalDateEnding": "2019-09-30"
  },
  {
    "date": "2019-07-31",
    "symbol": "ADP",
    "eps": 1.14,
    "epsEstimated": 1.13,
    "time": "bmo",
    "revenue": 3351800000,
    "revenueEstimated": 3448779824,
    "updatedFromDate": "2025-04-25",
    "fiscalDateEnding": "2019-06-30"
  },
  {
    "date": "2019-05-01",
    "symbol": "ADP",
    "eps": 1.77,
    "epsEstimated": 1.69,
    "time": "bmo",
    "revenue": 3680000000,
    "revenueEstimated": 3655174011,
    "updatedFromDate": "2025-04-25",
    "fiscalDateEnding": "2019-03-31"
  },
  {
    "date": "2019-01-30",
    "symbol": "ADP",
    "eps": 1.34,
    "epsEstimated": 1.18,
    "time": "bmo",
    "revenue": 3376800000,
    "revenueEstimated": 3075397014,
    "updatedFromDate": "2025-04-25",
    "fiscalDateEnding": "2018-12-31"
  },
  {
    "date": "2018-10-31",
    "symbol": "ADP",
    "eps": 1.2,
    "epsEstimated": 1.11,
    "time": "bmo",
    "revenue": 3204700000,
    "revenueEstimated": 3062027500,
    "updatedFromDate": "2025-04-25",
    "fiscalDateEnding": "2018-09-30"
  },
  {
    "date": "2018-08-01",
    "symbol": "ADP",
    "eps": 0.92,
    "epsEstimated": 0.9,
    "time": "bmo",
    "revenue": 3193000000,
    "revenueEstimated": 3244108695,
    "updatedFromDate": "2025-04-25",
    "fiscalDateEnding": "2018-06-30"
  },
  {
    "date": "2018-05-02",
    "symbol": "ADP",
    "eps": 1.52,
    "epsEstimated": 1.44,
    "time": "bmo",
    "revenue": 3558200000,
    "revenueEstimated": 3501473684,
    "updatedFromDate": "2025-04-25",
    "fiscalDateEnding": "2018-03-31"
  },
  {
    "date": "2018-01-31",
    "symbol": "ADP",
    "eps": 0.99,
    "epsEstimated": 0.9,
    "time": "bmo",
    "revenue": 3128700000,
    "revenueEstimated": 2943909090,
    "updatedFromDate": "2025-04-25",
    "fiscalDateEnding": "2017-12-31"
  },
  {
    "date": "2017-11-02",
    "symbol": "ADP",
    "eps": 0.91,
    "epsEstimated": 0.85,
    "time": "bmo",
    "revenue": 2979400000,
    "revenueEstimated": 2874307692,
    "updatedFromDate": "2025-04-25",
    "fiscalDateEnding": "2017-09-30"
  },
  {
    "date": "2017-07-27",
    "symbol": "ADP",
    "eps": 0.66,
    "epsEstimated": 0.67,
    "time": "bmo",
    "revenue": 2960100000,
    "revenueEstimated": 3111337878,
    "updatedFromDate": "2025-04-25",
    "fiscalDateEnding": "2017-06-30"
  },
  {
    "date": "2017-05-03",
    "symbol": "ADP",
    "eps": 1.31,
    "epsEstimated": 1.23,
    "time": "bmo",
    "revenue": 3299200000,
    "revenueEstimated": 3202506870,
    "updatedFromDate": "2025-04-25",
    "fiscalDateEnding": "2017-03-31"
  },
  {
    "date": "2017-02-01",
    "symbol": "ADP",
    "eps": 0.87,
    "epsEstimated": 0.81,
    "time": "bmo",
    "revenue": 2895500000,
    "revenueEstimated": 2781279310,
    "updatedFromDate": "2025-04-25",
    "fiscalDateEnding": "2016-12-31"
  },
  {
    "date": "2016-11-02",
    "symbol": "ADP",
    "eps": 0.86,
    "epsEstimated": 0.76,
    "time": "bmo",
    "revenue": 2827700000,
    "revenueEstimated": 2577725581,
    "updatedFromDate": "2025-04-25",
    "fiscalDateEnding": "2016-09-30"
  },
  {
    "date": "2016-07-28",
    "symbol": "ADP",
    "eps": 0.69,
    "epsEstimated": 0.67,
    "time": "bmo",
    "revenue": 2800900000,
    "revenueEstimated": 2814291304,
    "updatedFromDate": "2025-04-25",
    "fiscalDateEnding": "2016-06-30"
  }
]