[
  {
    "date": "2026-05-20",
    "symbol": "ADSK",
    "eps": null,
    "epsEstimated": null,
    "time": "amc",
    "revenue": null,
    "revenueEstimated": null,
    "updatedFromDate": "2025-10-02",
    "fiscalDateEnding": "2026-04-30"
  },
  {
    "date": "2026-02-25",
    "symbol": "ADSK",
    "eps": null,
    "epsEstimated": null,
    "time": "amc",
    "revenue": null,
    "revenueEstimated": null,
    "updatedFromDate": "2025-10-02",
    "fiscalDateEnding": "2026-01-31"
  },
  {
    "date": "2025-11-25",
    "symbol": "ADSK",
    "eps": null,
    "epsEstimated": 2.49,
    "time": "bmo",
    "revenue": null,
    "revenueEstimated": 1806233600,
    "updatedFromDate": "2025-10-02",
    "fiscalDateEnding": "2025-10-31"
  },
  {
    "date": "2025-08-28",
    "symbol": "ADSK",
    "eps": 2.62,
    "epsEstimated": 2.45,
    "time": "amc",
    "revenue": 1763000000,
    "revenueEstimated": 1724738445,
    "updatedFromDate": "2025-10-02",
    "fiscalDateEnding": "2025-07-31"
  },
  {
    "date": "2025-05-22",
    "symbol": "ADSK",
    "eps": 2.29,
    "epsEstimated": 2.15,
    "time": "amc",
    "revenue": 1625000000,
    "revenueEstimated": 1606667074,
    "updatedFromDate": "2025-08-22",
    "fiscalDateEnding": "2025-04-30"
  },
  {
    "date": "2025-02-27",
    "symbol": "ADSK",
    "eps": 2.29,
    "epsEstimated": 2.14,
    "time": "amc",
    "revenue": 1639000000,
    "revenueEstimated": 1631938634,
    "updatedFromDate": "2025-05-27",
    "fiscalDateEnding": "2025-01-31"
  },
  {
    "date": "2024-11-26",
    "symbol": "ADSK",
    "eps": 2.17,
    "epsEstimated": 2.12,
    "time": "amc",
    "revenue": 1570000000,
    "revenueEstimated": 1562099415,
    "updatedFromDate": "2025-04-25",
    "fiscalDateEnding": "2024-10-31"
  },
  {
    "date": "2024-08-29",
    "symbol": "ADSK",
    "eps": 2.15,
    "epsEstimated": 2,
    "time": "amc",
    "revenue": 1505000000,
    "revenueEstimated": 1482346113,
    "updatedFromDate": "2025-04-25",
    "fiscalDateEnding": "2024-07-31"
  },
  {
    "date": "2024-06-11",
    "symbol": "ADSK",
    "eps": 1.87,
    "epsEstimated": 1.8,
    "time": "amc",
    "revenue": 1417000000,
    "revenueEstimated": 1400613278,
    "updatedFromDate": "2025-04-25",
    "fiscalDateEnding": "2024-04-30"
  },
  {
    "date": "2024-02-29",
    "symbol": "ADSK",
    "eps": 2.09,
    "epsEstimated": 1.95,
    "time": "amc",
    "revenue": 1469000000,
    "revenueEstimated": 1431641508,
    "updatedFromDate": "2025-04-25",
    "fiscalDateEnding": "2024-01-31"
  },
  {
    "date": "2023-11-21",
    "symbol": "ADSK",
    "eps": 2.07,
    "epsEstimated": 1.99,
    "time": "amc",
    "revenue": 1414000000,
    "revenueEstimated": 1384910000,
    "updatedFromDate": "2025-04-25",
    "fiscalDateEnding": "2023-10-31"
  },
  {
    "date": "2023-08-23",
    "symbol": "ADSK",
    "eps": 1.91,
    "epsEstimated": 1.72,
    "time": "amc",
    "revenue": 1345000000,
    "revenueEstimated": 1320420000,
    "updatedFromDate": "2025-04-25",
    "fiscalDateEnding": "2023-07-31"
  },
  {
    "date": "2023-05-25",
    "symbol": "ADSK",
    "eps": 1.55,
    "epsEstimated": 1.55,
    "time": "amc",
    "revenue": 1269000000,
    "revenueEstimated": 1268700000,
    "updatedFromDate": "2025-04-25",
    "fiscalDateEnding": "2023-04-30"
  },
  {
    "date": "2023-02-23",
    "symbol": "ADSK",
    "eps": 1.86,
    "epsEstimated": 1.81,
    "time": "amc",
    "revenue": 1318000000,
    "revenueEstimated": 1313497332,
    "updatedFromDate": "2025-04-25",
    "fiscalDateEnding": "2023-01-31"
  },
  {
    "date": "2022-11-22",
    "symbol": "ADSK",
    "eps": 1.7,
    "epsEstimated": 1.7,
    "time": "amc",
    "revenue": 1280000000,
    "revenueEstimated": 1281120822,
    "updatedFromDate": "2025-04-25",
    "fiscalDateEnding": "2022-10-31"
  },
  {
    "date": "2022-08-24",
    "symbol": "ADSK",
    "eps": 1.65,
    "epsEstimated": 1.56,
    "time": "amc",
    "revenue": 1237000000,
    "revenueEstimated": 1224882266,
    "updatedFromDate": "2025-04-25",
    "fiscalDateEnding": "2022-07-31"
  },
  {
    "date": "2022-05-26",
    "symbol": "ADSK",
    "eps": 1.43,
    "epsEstimated": 1.33,
    "time": "amc",
    "revenue": 1170000000,
    "revenueEstimated": 1148003857,
    "updatedFromDate": "2025-04-25",
    "fiscalDateEnding": "2022-04-30"
  },
  {
    "date": "2022-02-24",
    "symbol": "ADSK",
    "eps": 1.5,
    "epsEstimated": 1.43,
    "time": "amc",
    "revenue": 1211600000,
    "revenueEstimated": 1194815288,
    "updatedFromDate": "2025-04-25",
    "fiscalDateEnding": "2022-01-31"
  },
  {
    "date": "2021-11-23",
    "symbol": "ADSK",
    "eps": 1.33,
    "epsEstimated": 1.25,
    "time": "amc",
    "revenue": 1125800000,
    "revenueEstimated": 1195380000,
    "updatedFromDate": "2025-04-25",
    "fiscalDateEnding": "2021-10-31"
  },
  {
    "date": "2021-08-25",
    "symbol": "ADSK",
    "eps": 1.21,
    "epsEstimated": 1.11,
    "time": "amc",
    "revenue": 1059700000,
    "revenueEstimated": 1118020000,
    "updatedFromDate": "2025-04-25",
    "fiscalDateEnding": "2021-07-31"
  },
  {
    "date": "2021-05-27",
    "symbol": "ADSK",
    "eps": 1.03,
    "epsEstimated": 0.94,
    "time": "amc",
    "revenue": 989300000,
    "revenueEstimated": 964770000,
    "updatedFromDate": "2025-04-25",
    "fiscalDateEnding": "2021-04-30"
  },
  {
    "date": "2021-02-25",
    "symbol": "ADSK",
    "eps": 1.18,
    "epsEstimated": 1.07,
    "time": "amc",
    "revenue": 1039200000,
    "revenueEstimated": 932366355,
    "updatedFromDate": "2025-04-25",
    "fiscalDateEnding": "2021-01-31"
  },
  {
    "date": "2020-11-24",
    "symbol": "ADSK",
    "eps": 1.04,
    "epsEstimated": 0.95,
    "time": "amc",
    "revenue": 952400000,
    "revenueEstimated": 873033333,
    "updatedFromDate": "2025-04-25",
    "fiscalDateEnding": "2020-10-31"
  },
  {
    "date": "2020-08-25",
    "symbol": "ADSK",
    "eps": 0.98,
    "epsEstimated": 0.9,
    "time": "amc",
    "revenue": 913100000,
    "revenueEstimated": 838561224,
    "updatedFromDate": "2025-04-25",
    "fiscalDateEnding": "2020-07-31"
  },
  {
    "date": "2020-05-27",
    "symbol": "ADSK",
    "eps": 0.85,
    "epsEstimated": 0.81,
    "time": "amc",
    "revenue": 885700000,
    "revenueEstimated": 833600000,
    "updatedFromDate": "2025-04-25",
    "fiscalDateEnding": "2020-04-30"
  },
  {
    "date": "2020-02-27",
    "symbol": "ADSK",
    "eps": 0.92,
    "epsEstimated": 0.9,
    "time": "amc",
    "revenue": 899300000,
    "revenueEstimated": 869975000,
    "updatedFromDate": "2025-04-25",
    "fiscalDateEnding": "2020-01-31"
  },
  {
    "date": "2019-11-26",
    "symbol": "ADSK",
    "eps": 0.78,
    "epsEstimated": 0.73,
    "time": "amc",
    "revenue": 842700000,
    "revenueEstimated": 777876923,
    "updatedFromDate": "2025-04-25",
    "fiscalDateEnding": "2019-10-31"
  },
  {
    "date": "2019-08-27",
    "symbol": "ADSK",
    "eps": 0.65,
    "epsEstimated": 0.61,
    "time": "amc",
    "revenue": 796800000,
    "revenueEstimated": 747766153,
    "updatedFromDate": "2025-04-25",
    "fiscalDateEnding": "2019-07-31"
  },
  {
    "date": "2019-05-23",
    "symbol": "ADSK",
    "eps": 0.45,
    "epsEstimated": 0.47,
    "time": "amc",
    "revenue": 735500000,
    "revenueEstimated": 768188888,
    "updatedFromDate": "2025-04-25",
    "fiscalDateEnding": "2019-04-30"
  },
  {
    "date": "2019-02-28",
    "symbol": "ADSK",
    "eps": 0.46,
    "epsEstimated": 0.42,
    "time": "amc",
    "revenue": 737300000,
    "revenueEstimated": 673186956,
    "updatedFromDate": "2025-04-25",
    "fiscalDateEnding": "2019-01-31"
  },
  {
    "date": "2018-11-20",
    "symbol": "ADSK",
    "eps": 0.29,
    "epsEstimated": 0.26,
    "time": "amc",
    "revenue": 660900000,
    "revenueEstimated": 615320689,
    "updatedFromDate": "2025-04-25",
    "fiscalDateEnding": "2018-10-31"
  },
  {
    "date": "2018-08-23",
    "symbol": "ADSK",
    "eps": 0.19,
    "epsEstimated": 0.17,
    "time": "amc",
    "revenue": 611700000,
    "revenueEstimated": 515115789,
    "updatedFromDate": "2025-04-25",
    "fiscalDateEnding": "2018-07-31"
  },
  {
    "date": "2018-05-24",
    "symbol": "ADSK",
    "eps": 0.06,
    "epsEstimated": 0.03167,
    "time": "amc",
    "revenue": 559900000,
    "revenueEstimated": 279950000,
    "updatedFromDate": "2025-04-25",
    "fiscalDateEnding": "2018-04-30"
  },
  {
    "date": "2018-03-06",
    "symbol": "ADSK",
    "eps": -0.09,
    "epsEstimated": -0.12,
    "time": "amc",
    "revenue": 553800000,
    "revenueEstimated": 676866666,
    "updatedFromDate": "2025-04-25",
    "fiscalDateEnding": "2018-01-31"
  },
  {
    "date": "2017-11-28",
    "symbol": "ADSK",
    "eps": -0.12,
    "epsEstimated": -0.13,
    "time": "amc",
    "revenue": 515300000,
    "revenueEstimated": 558241666,
    "updatedFromDate": "2025-04-25",
    "fiscalDateEnding": "2017-10-31"
  },
  {
    "date": "2017-08-24",
    "symbol": "ADSK",
    "eps": -0.11,
    "epsEstimated": -0.15,
    "time": "amc",
    "revenue": 501800000,
    "revenueEstimated": 684272727,
    "updatedFromDate": "2025-04-25",
    "fiscalDateEnding": "2017-07-31"
  },
  {
    "date": "2017-05-18",
    "symbol": "ADSK",
    "eps": -0.16,
    "epsEstimated": -0.22,
    "time": "amc",
    "revenue": 485700000,
    "revenueEstimated": 728550000,
    "updatedFromDate": "2025-04-25",
    "fiscalDateEnding": "2017-04-30"
  },
  {
    "date": "2017-03-02",
    "symbol": "ADSK",
    "eps": -0.28,
    "epsEstimated": -0.33,
    "time": "amc",
    "revenue": 478800000,
    "revenueEstimated": 581400000,
    "updatedFromDate": "2025-04-25",
    "fiscalDateEnding": "2017-01-31"
  },
  {
    "date": "2016-11-29",
    "symbol": "ADSK",
    "eps": -0.18,
    "epsEstimated": -0.24,
    "time": "amc",
    "revenue": 489600000,
    "revenueEstimated": 652800000,
    "updatedFromDate": "2025-04-25",
    "fiscalDateEnding": "2016-10-31"
  },
  {
    "date": "2016-08-25",
    "symbol": "ADSK",
    "eps": 0.05,
    "epsEstimated": -0.13,
    "time": "amc",
    "revenue": 550700000,
    "revenueEstimated": 1431819999,
    "updatedFromDate": "2025-04-25",
    "fiscalDateEnding": "2016-07-31"
  }
]