[
  {
    "date": "2026-04-29",
    "symbol": "AEE",
    "eps": null,
    "epsEstimated": null,
    "time": "amc",
    "revenue": null,
    "revenueEstimated": null,
    "updatedFromDate": "2025-10-02",
    "fiscalDateEnding": "2026-03-30"
  },
  {
    "date": "2026-02-11",
    "symbol": "AEE",
    "eps": null,
    "epsEstimated": null,
    "time": "amc",
    "revenue": null,
    "revenueEstimated": null,
    "updatedFromDate": "2025-10-02",
    "fiscalDateEnding": "2025-12-30"
  },
  {
    "date": "2025-11-05",
    "symbol": "AEE",
    "eps": null,
    "epsEstimated": 1.83,
    "time": "bmo",
    "revenue": null,
    "revenueEstimated": 2638207610,
    "updatedFromDate": "2025-10-02",
    "fiscalDateEnding": "2025-09-30"
  },
  {
    "date": "2025-07-31",
    "symbol": "AEE",
    "eps": 1.01,
    "epsEstimated": 0.987,
    "time": "amc",
    "revenue": 2221000000,
    "revenueEstimated": 1781181571,
    "updatedFromDate": "2025-10-02",
    "fiscalDateEnding": "2025-06-30"
  },
  {
    "date": "2025-05-01",
    "symbol": "AEE",
    "eps": 1.07,
    "epsEstimated": 1.07,
    "time": "amc",
    "revenue": 2097000000,
    "revenueEstimated": 1916340523,
    "updatedFromDate": "2025-08-01",
    "fiscalDateEnding": "2025-03-31"
  },
  {
    "date": "2025-02-13",
    "symbol": "AEE",
    "eps": 0.77,
    "epsEstimated": 0.795,
    "time": "amc",
    "revenue": 1941000000,
    "revenueEstimated": 1898781082,
    "updatedFromDate": "2025-05-13",
    "fiscalDateEnding": "2024-12-31"
  },
  {
    "date": "2024-11-06",
    "symbol": "AEE",
    "eps": 1.87,
    "epsEstimated": 1.91,
    "time": "amc",
    "revenue": 2173000000,
    "revenueEstimated": 2171653294,
    "updatedFromDate": "2025-04-25",
    "fiscalDateEnding": "2024-09-30"
  },
  {
    "date": "2024-08-01",
    "symbol": "AEE",
    "eps": 0.97,
    "epsEstimated": 0.93,
    "time": "amc",
    "revenue": 1693000000,
    "revenueEstimated": 1873837562,
    "updatedFromDate": "2025-04-25",
    "fiscalDateEnding": "2024-06-30"
  },
  {
    "date": "2024-05-02",
    "symbol": "AEE",
    "eps": 0.98,
    "epsEstimated": 1.06,
    "time": "amc",
    "revenue": 1816000000,
    "revenueEstimated": 2186668100,
    "updatedFromDate": "2025-04-25",
    "fiscalDateEnding": "2024-03-31"
  },
  {
    "date": "2024-02-22",
    "symbol": "AEE",
    "eps": 0.6,
    "epsEstimated": 0.61,
    "time": "amc",
    "revenue": 1618000000,
    "revenueEstimated": 1618000000,
    "updatedFromDate": "2025-04-25",
    "fiscalDateEnding": "2023-12-31"
  },
  {
    "date": "2023-11-08",
    "symbol": "AEE",
    "eps": 1.87,
    "epsEstimated": 1.82,
    "time": "amc",
    "revenue": 2060000000,
    "revenueEstimated": 2289260000,
    "updatedFromDate": "2025-04-25",
    "fiscalDateEnding": "2023-09-30"
  },
  {
    "date": "2023-08-02",
    "symbol": "AEE",
    "eps": 0.9,
    "epsEstimated": 0.8,
    "time": "amc",
    "revenue": 1760000000,
    "revenueEstimated": 2286070000,
    "updatedFromDate": "2025-04-25",
    "fiscalDateEnding": "2023-06-30"
  },
  {
    "date": "2023-05-04",
    "symbol": "AEE",
    "eps": 1,
    "epsEstimated": 0.94,
    "time": "amc",
    "revenue": 2062000000,
    "revenueEstimated": 1952040000,
    "updatedFromDate": "2025-04-25",
    "fiscalDateEnding": "2023-03-31"
  },
  {
    "date": "2023-02-15",
    "symbol": "AEE",
    "eps": 0.63,
    "epsEstimated": 0.56,
    "time": "amc",
    "revenue": 2046000000,
    "revenueEstimated": 1309005376,
    "updatedFromDate": "2025-04-25",
    "fiscalDateEnding": "2022-12-31"
  },
  {
    "date": "2022-11-03",
    "symbol": "AEE",
    "eps": 1.74,
    "epsEstimated": 1.74,
    "time": "amc",
    "revenue": 2306000000,
    "revenueEstimated": 1888979770,
    "updatedFromDate": "2025-04-25",
    "fiscalDateEnding": "2022-09-30"
  },
  {
    "date": "2022-08-04",
    "symbol": "AEE",
    "eps": 0.8,
    "epsEstimated": 0.83,
    "time": "amc",
    "revenue": 1726000000,
    "revenueEstimated": 1523946869,
    "updatedFromDate": "2025-04-25",
    "fiscalDateEnding": "2022-06-30"
  },
  {
    "date": "2022-05-05",
    "symbol": "AEE",
    "eps": 0.97,
    "epsEstimated": 0.98,
    "time": "amc",
    "revenue": 1879000000,
    "revenueEstimated": 1612077041,
    "updatedFromDate": "2025-04-25",
    "fiscalDateEnding": "2022-03-31"
  },
  {
    "date": "2022-02-17",
    "symbol": "AEE",
    "eps": 0.48,
    "epsEstimated": 0.49,
    "time": "amc",
    "revenue": 1545000000,
    "revenueEstimated": 1403186121,
    "updatedFromDate": "2025-04-25",
    "fiscalDateEnding": "2021-12-31"
  },
  {
    "date": "2021-11-03",
    "symbol": "AEE",
    "eps": 1.65,
    "epsEstimated": 1.61,
    "time": "amc",
    "revenue": 1811000000,
    "revenueEstimated": 1777462962,
    "updatedFromDate": "2025-04-25",
    "fiscalDateEnding": "2021-09-30"
  },
  {
    "date": "2021-08-05",
    "symbol": "AEE",
    "eps": 0.8,
    "epsEstimated": 0.78,
    "time": "amc",
    "revenue": 1472000000,
    "revenueEstimated": 1433630000,
    "updatedFromDate": "2025-04-25",
    "fiscalDateEnding": "2021-06-30"
  },
  {
    "date": "2021-05-10",
    "symbol": "AEE",
    "eps": 0.91,
    "epsEstimated": 0.74,
    "time": "amc",
    "revenue": 1566000000,
    "revenueEstimated": 1206243243,
    "updatedFromDate": "2025-04-25",
    "fiscalDateEnding": "2021-03-31"
  },
  {
    "date": "2021-02-18",
    "symbol": "AEE",
    "eps": 0.46,
    "epsEstimated": 0.42,
    "time": "amc",
    "revenue": 1328000000,
    "revenueEstimated": 1201523809,
    "updatedFromDate": "2025-04-25",
    "fiscalDateEnding": "2020-12-31"
  },
  {
    "date": "2020-11-04",
    "symbol": "AEE",
    "eps": 1.47,
    "epsEstimated": 1.47,
    "time": "amc",
    "revenue": 1628000000,
    "revenueEstimated": 1628000000,
    "updatedFromDate": "2025-04-25",
    "fiscalDateEnding": "2020-09-30"
  },
  {
    "date": "2020-08-06",
    "symbol": "AEE",
    "eps": 0.98,
    "epsEstimated": 0.87,
    "time": "amc",
    "revenue": 1398000000,
    "revenueEstimated": 1241081632,
    "updatedFromDate": "2025-04-25",
    "fiscalDateEnding": "2020-06-30"
  },
  {
    "date": "2020-05-11",
    "symbol": "AEE",
    "eps": 0.59,
    "epsEstimated": 0.7,
    "time": "amc",
    "revenue": 1440000000,
    "revenueEstimated": 1708474576,
    "updatedFromDate": "2025-04-25",
    "fiscalDateEnding": "2020-03-31"
  },
  {
    "date": "2020-02-26",
    "symbol": "AEE",
    "eps": 0.38,
    "epsEstimated": 0.31,
    "time": "bmo",
    "revenue": 1316000000,
    "revenueEstimated": 1073578947,
    "updatedFromDate": "2025-04-25",
    "fiscalDateEnding": "2019-12-31"
  },
  {
    "date": "2019-11-08",
    "symbol": "AEE",
    "eps": 1.47,
    "epsEstimated": 1.45,
    "time": "bmo",
    "revenue": 1659000000,
    "revenueEstimated": 1636428571,
    "updatedFromDate": "2025-04-25",
    "fiscalDateEnding": "2019-09-30"
  },
  {
    "date": "2019-08-02",
    "symbol": "AEE",
    "eps": 0.72,
    "epsEstimated": 0.75,
    "time": "bmo",
    "revenue": 1379000000,
    "revenueEstimated": 1436458333,
    "updatedFromDate": "2025-04-25",
    "fiscalDateEnding": "2019-06-30"
  },
  {
    "date": "2019-05-09",
    "symbol": "AEE",
    "eps": 0.78,
    "epsEstimated": 0.68,
    "time": "bmo",
    "revenue": 1556000000,
    "revenueEstimated": 1356512820,
    "updatedFromDate": "2025-04-25",
    "fiscalDateEnding": "2019-03-31"
  },
  {
    "date": "2019-02-14",
    "symbol": "AEE",
    "eps": 0.28,
    "epsEstimated": 0.32,
    "time": "bmo",
    "revenue": 1419000000,
    "revenueEstimated": 1621714285,
    "updatedFromDate": "2025-04-25",
    "fiscalDateEnding": "2018-12-31"
  },
  {
    "date": "2018-10-31",
    "symbol": "AEE",
    "eps": 1.5,
    "epsEstimated": 1.31,
    "time": "bmo",
    "revenue": 1724000000,
    "revenueEstimated": 1505626666,
    "updatedFromDate": "2025-04-25",
    "fiscalDateEnding": "2018-09-30"
  },
  {
    "date": "2018-08-03",
    "symbol": "AEE",
    "eps": 0.97,
    "epsEstimated": 0.78,
    "time": "bmo",
    "revenue": 1563000000,
    "revenueEstimated": 1256845360,
    "updatedFromDate": "2025-04-25",
    "fiscalDateEnding": "2018-06-30"
  },
  {
    "date": "2018-05-09",
    "symbol": "AEE",
    "eps": 0.62,
    "epsEstimated": 0.58,
    "time": "bmo",
    "revenue": 1585000000,
    "revenueEstimated": 1482741935,
    "updatedFromDate": "2025-04-25",
    "fiscalDateEnding": "2018-03-31"
  },
  {
    "date": "2018-02-16",
    "symbol": "AEE",
    "eps": 0.39,
    "epsEstimated": 0.34,
    "time": "bmo",
    "revenue": 1402000000,
    "revenueEstimated": 1294153846,
    "updatedFromDate": "2025-04-25",
    "fiscalDateEnding": "2017-12-31"
  },
  {
    "date": "2017-11-03",
    "symbol": "AEE",
    "eps": 1.24,
    "epsEstimated": 1.33,
    "time": "bmo",
    "revenue": 1723000000,
    "revenueEstimated": 1848056451,
    "updatedFromDate": "2025-04-25",
    "fiscalDateEnding": "2017-09-30"
  },
  {
    "date": "2017-08-04",
    "symbol": "AEE",
    "eps": 0.79,
    "epsEstimated": 0.7,
    "time": "bmo",
    "revenue": 1538000000,
    "revenueEstimated": 1361898734,
    "updatedFromDate": "2025-04-25",
    "fiscalDateEnding": "2017-06-30"
  },
  {
    "date": "2017-05-04",
    "symbol": "AEE",
    "eps": 0.42,
    "epsEstimated": 0.39,
    "time": "bmo",
    "revenue": 1514000000,
    "revenueEstimated": 1406785714,
    "updatedFromDate": "2025-04-25",
    "fiscalDateEnding": "2017-03-31"
  },
  {
    "date": "2017-02-16",
    "symbol": "AEE",
    "eps": 0.13,
    "epsEstimated": 0.15,
    "time": "bmo",
    "revenue": 1356000000,
    "revenueEstimated": 1564615384,
    "updatedFromDate": "2025-04-25",
    "fiscalDateEnding": "2016-12-31"
  },
  {
    "date": "2016-11-04",
    "symbol": "AEE",
    "eps": 1.52,
    "epsEstimated": 1.38,
    "time": "bmo",
    "revenue": 1859000000,
    "revenueEstimated": 1687776315,
    "updatedFromDate": "2025-04-25",
    "fiscalDateEnding": "2016-09-30"
  },
  {
    "date": "2016-08-05",
    "symbol": "AEE",
    "eps": 0.61,
    "epsEstimated": 0.52,
    "time": "bmo",
    "revenue": 1427000000,
    "revenueEstimated": 1216459016,
    "updatedFromDate": "2025-04-25",
    "fiscalDateEnding": "2016-06-30"
  }
]