[
  {
    "date": "2026-05-04",
    "symbol": "AEP",
    "eps": null,
    "epsEstimated": null,
    "time": "bmo",
    "revenue": null,
    "revenueEstimated": null,
    "updatedFromDate": "2025-10-02",
    "fiscalDateEnding": "2026-03-30"
  },
  {
    "date": "2026-02-11",
    "symbol": "AEP",
    "eps": null,
    "epsEstimated": null,
    "time": "bmo",
    "revenue": null,
    "revenueEstimated": null,
    "updatedFromDate": "2025-10-02",
    "fiscalDateEnding": "2025-12-30"
  },
  {
    "date": "2025-11-05",
    "symbol": "AEP",
    "eps": null,
    "epsEstimated": 1.87,
    "time": "bmo",
    "revenue": null,
    "revenueEstimated": null,
    "updatedFromDate": "2025-10-02",
    "fiscalDateEnding": "2025-09-30"
  },
  {
    "date": "2025-07-30",
    "symbol": "AEP",
    "eps": 1.43,
    "epsEstimated": 1.27,
    "time": "bmo",
    "revenue": 5087600000,
    "revenueEstimated": 4962908633,
    "updatedFromDate": "2025-10-02",
    "fiscalDateEnding": "2025-06-30"
  },
  {
    "date": "2025-05-06",
    "symbol": "AEP",
    "eps": 1.54,
    "epsEstimated": 1.4,
    "time": "bmo",
    "revenue": 5463400000,
    "revenueEstimated": 5163895785,
    "updatedFromDate": "2025-08-06",
    "fiscalDateEnding": "2025-03-31"
  },
  {
    "date": "2025-02-13",
    "symbol": "AEP",
    "eps": 1.24,
    "epsEstimated": 1.25,
    "time": "bmo",
    "revenue": 4696300000,
    "revenueEstimated": 4906272639,
    "updatedFromDate": "2025-05-13",
    "fiscalDateEnding": "2024-12-31"
  },
  {
    "date": "2024-11-06",
    "symbol": "AEP",
    "eps": 1.85,
    "epsEstimated": 1.8,
    "time": "bmo",
    "revenue": 5420100000,
    "revenueEstimated": 5434381844,
    "updatedFromDate": "2025-04-25",
    "fiscalDateEnding": "2024-09-30"
  },
  {
    "date": "2024-07-30",
    "symbol": "AEP",
    "eps": 1.25,
    "epsEstimated": 1.23,
    "time": "bmo",
    "revenue": 4579200000,
    "revenueEstimated": 4739006746,
    "updatedFromDate": "2025-04-25",
    "fiscalDateEnding": "2024-06-30"
  },
  {
    "date": "2024-04-30",
    "symbol": "AEP",
    "eps": 1.27,
    "epsEstimated": 1.25,
    "time": "bmo",
    "revenue": 5025700000,
    "revenueEstimated": 5020754640,
    "updatedFromDate": "2025-04-25",
    "fiscalDateEnding": "2024-03-31"
  },
  {
    "date": "2024-02-26",
    "symbol": "AEP",
    "eps": 1.23,
    "epsEstimated": 1.27,
    "time": "bmo",
    "revenue": 4577200000,
    "revenueEstimated": 5062240000,
    "updatedFromDate": "2025-04-25",
    "fiscalDateEnding": "2023-12-31"
  },
  {
    "date": "2023-11-02",
    "symbol": "AEP",
    "eps": 1.77,
    "epsEstimated": 1.7,
    "time": "bmo",
    "revenue": 5341700000,
    "revenueEstimated": 5382580000,
    "updatedFromDate": "2025-04-25",
    "fiscalDateEnding": "2023-09-30"
  },
  {
    "date": "2023-07-27",
    "symbol": "AEP",
    "eps": 1.13,
    "epsEstimated": 1.12,
    "time": "bmo",
    "revenue": 4372500000,
    "revenueEstimated": 4699560000,
    "updatedFromDate": "2025-04-25",
    "fiscalDateEnding": "2023-06-30"
  },
  {
    "date": "2023-05-04",
    "symbol": "AEP",
    "eps": 1.11,
    "epsEstimated": 1.14,
    "time": "bmo",
    "revenue": 4690900000,
    "revenueEstimated": 4706460000,
    "updatedFromDate": "2025-04-25",
    "fiscalDateEnding": "2023-03-31"
  },
  {
    "date": "2023-02-23",
    "symbol": "AEP",
    "eps": 1.05,
    "epsEstimated": 0.99,
    "time": "bmo",
    "revenue": 4881100000,
    "revenueEstimated": 3514136544,
    "updatedFromDate": "2025-04-25",
    "fiscalDateEnding": "2022-12-31"
  },
  {
    "date": "2022-10-27",
    "symbol": "AEP",
    "eps": 1.62,
    "epsEstimated": 1.56,
    "time": "bmo",
    "revenue": 5526100000,
    "revenueEstimated": 4754886793,
    "updatedFromDate": "2025-04-25",
    "fiscalDateEnding": "2022-09-30"
  },
  {
    "date": "2022-07-27",
    "symbol": "AEP",
    "eps": 1.2,
    "epsEstimated": 1.19,
    "time": "bmo",
    "revenue": 4639700000,
    "revenueEstimated": 4072452883,
    "updatedFromDate": "2025-04-25",
    "fiscalDateEnding": "2022-06-30"
  },
  {
    "date": "2022-04-28",
    "symbol": "AEP",
    "eps": 1.22,
    "epsEstimated": 1.2,
    "time": "bmo",
    "revenue": 4592600000,
    "revenueEstimated": 4496771491,
    "updatedFromDate": "2025-04-25",
    "fiscalDateEnding": "2022-03-31"
  },
  {
    "date": "2022-02-24",
    "symbol": "AEP",
    "eps": 0.98,
    "epsEstimated": 0.93,
    "time": "bmo",
    "revenue": 4061400000,
    "revenueEstimated": 3729438142,
    "updatedFromDate": "2025-04-25",
    "fiscalDateEnding": "2021-12-31"
  },
  {
    "date": "2021-10-28",
    "symbol": "AEP",
    "eps": 1.43,
    "epsEstimated": 1.46,
    "time": "bmo",
    "revenue": 4623000000,
    "revenueEstimated": 4038740000,
    "updatedFromDate": "2025-04-25",
    "fiscalDateEnding": "2021-09-30"
  },
  {
    "date": "2021-07-22",
    "symbol": "AEP",
    "eps": 1.18,
    "epsEstimated": 1.14,
    "time": "bmo",
    "revenue": 3826500000,
    "revenueEstimated": 4352200000,
    "updatedFromDate": "2025-04-25",
    "fiscalDateEnding": "2021-06-30"
  },
  {
    "date": "2021-04-22",
    "symbol": "AEP",
    "eps": 1.15,
    "epsEstimated": 1.17,
    "time": "bmo",
    "revenue": 4281100000,
    "revenueEstimated": 3901650000,
    "updatedFromDate": "2025-04-25",
    "fiscalDateEnding": "2021-03-31"
  },
  {
    "date": "2021-02-25",
    "symbol": "AEP",
    "eps": 0.87,
    "epsEstimated": 0.79,
    "time": "bmo",
    "revenue": 3610600000,
    "revenueEstimated": 3951520000,
    "updatedFromDate": "2025-04-25",
    "fiscalDateEnding": "2020-12-31"
  },
  {
    "date": "2020-10-22",
    "symbol": "AEP",
    "eps": 1.47,
    "epsEstimated": 1.48,
    "time": "bmo",
    "revenue": 4066400000,
    "revenueEstimated": 4093875675,
    "updatedFromDate": "2025-04-25",
    "fiscalDateEnding": "2020-09-30"
  },
  {
    "date": "2020-08-06",
    "symbol": "AEP",
    "eps": 1.08,
    "epsEstimated": 1.06,
    "time": "bmo",
    "revenue": 3494000000,
    "revenueEstimated": 3429296296,
    "updatedFromDate": "2025-04-25",
    "fiscalDateEnding": "2020-06-30"
  },
  {
    "date": "2020-05-06",
    "symbol": "AEP",
    "eps": 1.02,
    "epsEstimated": 1.1,
    "time": "bmo",
    "revenue": 3747500000,
    "revenueEstimated": 4041421568,
    "updatedFromDate": "2025-04-25",
    "fiscalDateEnding": "2020-03-31"
  },
  {
    "date": "2020-02-20",
    "symbol": "AEP",
    "eps": 0.6,
    "epsEstimated": 0.6,
    "time": "bmo",
    "revenue": 3616000000,
    "revenueEstimated": 3495466666,
    "updatedFromDate": "2025-04-25",
    "fiscalDateEnding": "2019-12-31"
  },
  {
    "date": "2019-10-24",
    "symbol": "AEP",
    "eps": 1.46,
    "epsEstimated": 1.32,
    "time": "bmo",
    "revenue": 4315000000,
    "revenueEstimated": 3901232876,
    "updatedFromDate": "2025-04-25",
    "fiscalDateEnding": "2019-09-30"
  },
  {
    "date": "2019-07-25",
    "symbol": "AEP",
    "eps": 1,
    "epsEstimated": 0.97,
    "time": "bmo",
    "revenue": 3573600000,
    "revenueEstimated": 3466392000,
    "updatedFromDate": "2025-04-25",
    "fiscalDateEnding": "2019-06-30"
  },
  {
    "date": "2019-04-25",
    "symbol": "AEP",
    "eps": 1.19,
    "epsEstimated": 1.11,
    "time": "bmo",
    "revenue": 4056800000,
    "revenueEstimated": 3818164705,
    "updatedFromDate": "2025-04-25",
    "fiscalDateEnding": "2019-03-31"
  },
  {
    "date": "2019-01-24",
    "symbol": "AEP",
    "eps": 0.72,
    "epsEstimated": 0.71,
    "time": "bmo",
    "revenue": 3801100000,
    "revenueEstimated": 3748306944,
    "updatedFromDate": "2025-04-25",
    "fiscalDateEnding": "2018-12-31"
  },
  {
    "date": "2018-10-25",
    "symbol": "AEP",
    "eps": 1.26,
    "epsEstimated": 1.21,
    "time": "bmo",
    "revenue": 4333100000,
    "revenueEstimated": 4161151587,
    "updatedFromDate": "2025-04-25",
    "fiscalDateEnding": "2018-09-30"
  },
  {
    "date": "2018-07-25",
    "symbol": "AEP",
    "eps": 1.01,
    "epsEstimated": 0.88,
    "time": "bmo",
    "revenue": 4013200000,
    "revenueEstimated": 3496475247,
    "updatedFromDate": "2025-04-25",
    "fiscalDateEnding": "2018-06-30"
  },
  {
    "date": "2018-04-26",
    "symbol": "AEP",
    "eps": 0.96,
    "epsEstimated": 0.98,
    "time": "bmo",
    "revenue": 4048300000,
    "revenueEstimated": 4132333333,
    "updatedFromDate": "2025-04-25",
    "fiscalDateEnding": "2018-03-31"
  },
  {
    "date": "2018-01-25",
    "symbol": "AEP",
    "eps": 0.85,
    "epsEstimated": 0.79,
    "time": "bmo",
    "revenue": 3810400000,
    "revenueEstimated": 3541988235,
    "updatedFromDate": "2025-04-25",
    "fiscalDateEnding": "2017-12-31"
  },
  {
    "date": "2017-10-26",
    "symbol": "AEP",
    "eps": 1.1,
    "epsEstimated": 1.16,
    "time": "bmo",
    "revenue": 4104700000,
    "revenueEstimated": 4328909090,
    "updatedFromDate": "2025-04-25",
    "fiscalDateEnding": "2017-09-30"
  },
  {
    "date": "2017-07-27",
    "symbol": "AEP",
    "eps": 0.75,
    "epsEstimated": 0.82,
    "time": "bmo",
    "revenue": 3576500000,
    "revenueEstimated": 3910853333,
    "updatedFromDate": "2025-04-25",
    "fiscalDateEnding": "2017-06-30"
  },
  {
    "date": "2017-04-27",
    "symbol": "AEP",
    "eps": 0.96,
    "epsEstimated": 0.95,
    "time": "bmo",
    "revenue": 3933300000,
    "revenueEstimated": 3892031250,
    "updatedFromDate": "2025-04-25",
    "fiscalDateEnding": "2017-03-31"
  },
  {
    "date": "2017-01-26",
    "symbol": "AEP",
    "eps": 0.67,
    "epsEstimated": 0.55,
    "time": "bmo",
    "revenue": 3790100000,
    "revenueEstimated": 3111194029,
    "updatedFromDate": "2025-04-25",
    "fiscalDateEnding": "2016-12-31"
  },
  {
    "date": "2016-11-01",
    "symbol": "AEP",
    "eps": 1.3,
    "epsEstimated": 1.21,
    "time": "bmo",
    "revenue": 4652200000,
    "revenueEstimated": 4365723076,
    "updatedFromDate": "2025-04-25",
    "fiscalDateEnding": "2016-09-30"
  },
  {
    "date": "2016-07-28",
    "symbol": "AEP",
    "eps": 0.95,
    "epsEstimated": 0.9,
    "time": "bmo",
    "revenue": 3892900000,
    "revenueEstimated": 3688105263,
    "updatedFromDate": "2025-04-25",
    "fiscalDateEnding": "2016-06-30"
  }
]