[
  {
    "date": "2026-03-31",
    "symbol": "AES",
    "eps": null,
    "epsEstimated": null,
    "time": "amc",
    "revenue": null,
    "revenueEstimated": null,
    "updatedFromDate": "2025-10-02",
    "fiscalDateEnding": "2026-03-30"
  },
  {
    "date": "2026-02-26",
    "symbol": "AES",
    "eps": null,
    "epsEstimated": null,
    "time": "amc",
    "revenue": null,
    "revenueEstimated": null,
    "updatedFromDate": "2025-10-02",
    "fiscalDateEnding": "2025-12-30"
  },
  {
    "date": "2025-10-30",
    "symbol": "AES",
    "eps": null,
    "epsEstimated": 0.69,
    "time": "bmo",
    "revenue": null,
    "revenueEstimated": 3368498390,
    "updatedFromDate": "2025-10-02",
    "fiscalDateEnding": "2025-09-30"
  },
  {
    "date": "2025-07-31",
    "symbol": "AES",
    "eps": 0.51,
    "epsEstimated": 0.39,
    "time": "amc",
    "revenue": 2855000000,
    "revenueEstimated": 3368498390,
    "updatedFromDate": "2025-10-02",
    "fiscalDateEnding": "2025-06-30"
  },
  {
    "date": "2025-05-01",
    "symbol": "AES",
    "eps": 0.27,
    "epsEstimated": 0.37,
    "time": "amc",
    "revenue": 2926000000,
    "revenueEstimated": 3047496340,
    "updatedFromDate": "2025-08-01",
    "fiscalDateEnding": "2025-03-31"
  },
  {
    "date": "2025-02-28",
    "symbol": "AES",
    "eps": 0.54,
    "epsEstimated": 0.35,
    "time": "amc",
    "revenue": 2962000000,
    "revenueEstimated": 3070612750,
    "updatedFromDate": "2025-05-28",
    "fiscalDateEnding": "2024-12-31"
  },
  {
    "date": "2024-10-31",
    "symbol": "AES",
    "eps": 0.71,
    "epsEstimated": 0.64,
    "time": "amc",
    "revenue": 3289000000,
    "revenueEstimated": 3461220000,
    "updatedFromDate": "2024-11-01",
    "fiscalDateEnding": "2024-09-30"
  },
  {
    "date": "2024-08-01",
    "symbol": "AES",
    "eps": 0.38,
    "epsEstimated": 0.36,
    "time": "amc",
    "revenue": 2942000000,
    "revenueEstimated": 3185800000,
    "updatedFromDate": "2025-04-25",
    "fiscalDateEnding": "2024-06-30"
  },
  {
    "date": "2024-05-02",
    "symbol": "AES",
    "eps": 0.5,
    "epsEstimated": 0.34,
    "time": "amc",
    "revenue": 3085000000,
    "revenueEstimated": 3196956180,
    "updatedFromDate": "2025-04-25",
    "fiscalDateEnding": "2024-03-31"
  },
  {
    "date": "2024-02-26",
    "symbol": "AES",
    "eps": 0.73,
    "epsEstimated": 0.69,
    "time": "amc",
    "revenue": 2968000000,
    "revenueEstimated": 3139560000,
    "updatedFromDate": "2025-04-25",
    "fiscalDateEnding": "2023-12-31"
  },
  {
    "date": "2023-11-02",
    "symbol": "AES",
    "eps": 0.6,
    "epsEstimated": 0.55,
    "time": "bmo",
    "revenue": 3434000000,
    "revenueEstimated": 3251940000,
    "updatedFromDate": "2025-04-25",
    "fiscalDateEnding": "2023-09-30"
  },
  {
    "date": "2023-08-03",
    "symbol": "AES",
    "eps": 0.21,
    "epsEstimated": 0.25,
    "time": "amc",
    "revenue": 3027000000,
    "revenueEstimated": 3533350000,
    "updatedFromDate": "2025-04-25",
    "fiscalDateEnding": "2023-06-30"
  },
  {
    "date": "2023-05-04",
    "symbol": "AES",
    "eps": 0.22,
    "epsEstimated": 0.23,
    "time": "bmo",
    "revenue": 3239000000,
    "revenueEstimated": 2839780000,
    "updatedFromDate": "2025-04-25",
    "fiscalDateEnding": "2023-03-31"
  },
  {
    "date": "2023-02-27",
    "symbol": "AES",
    "eps": 0.49,
    "epsEstimated": 0.46,
    "time": "bmo",
    "revenue": 3060000000,
    "revenueEstimated": 2344620612,
    "updatedFromDate": "2025-04-25",
    "fiscalDateEnding": "2022-12-31"
  },
  {
    "date": "2022-11-04",
    "symbol": "AES",
    "eps": 0.63,
    "epsEstimated": 0.53,
    "time": "amc",
    "revenue": 3627000000,
    "revenueEstimated": 2929530638,
    "updatedFromDate": "2025-04-25",
    "fiscalDateEnding": "2022-09-30"
  },
  {
    "date": "2022-08-04",
    "symbol": "AES",
    "eps": 0.34,
    "epsEstimated": 0.31,
    "time": "amc",
    "revenue": 3078000000,
    "revenueEstimated": 2520720864,
    "updatedFromDate": "2025-04-25",
    "fiscalDateEnding": "2022-06-30"
  },
  {
    "date": "2022-05-05",
    "symbol": "AES",
    "eps": 0.21,
    "epsEstimated": 0.28,
    "time": "bmo",
    "revenue": 2852000000,
    "revenueEstimated": 2381775068,
    "updatedFromDate": "2025-04-25",
    "fiscalDateEnding": "2022-03-31"
  },
  {
    "date": "2022-02-24",
    "symbol": "AES",
    "eps": 0.45,
    "epsEstimated": 0.43,
    "time": "amc",
    "revenue": 2770000000,
    "revenueEstimated": 2642091585,
    "updatedFromDate": "2025-04-25",
    "fiscalDateEnding": "2021-12-31"
  },
  {
    "date": "2021-11-03",
    "symbol": "AES",
    "eps": 0.5,
    "epsEstimated": 0.43,
    "time": "bmo",
    "revenue": 3036000000,
    "revenueEstimated": 2698666666,
    "updatedFromDate": "2025-04-25",
    "fiscalDateEnding": "2021-09-30"
  },
  {
    "date": "2021-08-04",
    "symbol": "AES",
    "eps": 0.31,
    "epsEstimated": 0.29,
    "time": "bmo",
    "revenue": 2700000000,
    "revenueEstimated": 2700000000,
    "updatedFromDate": "2025-04-25",
    "fiscalDateEnding": "2021-06-30"
  },
  {
    "date": "2021-05-06",
    "symbol": "AES",
    "eps": 0.28,
    "epsEstimated": 0.3,
    "time": "bmo",
    "revenue": 2635000000,
    "revenueEstimated": 2391820000,
    "updatedFromDate": "2025-04-25",
    "fiscalDateEnding": "2021-03-31"
  },
  {
    "date": "2021-02-25",
    "symbol": "AES",
    "eps": 0.48,
    "epsEstimated": 0.44,
    "time": "bmo",
    "revenue": 2560000000,
    "revenueEstimated": 2327272727,
    "updatedFromDate": "2025-04-25",
    "fiscalDateEnding": "2020-12-31"
  },
  {
    "date": "2020-11-06",
    "symbol": "AES",
    "eps": 0.42,
    "epsEstimated": 0.43,
    "time": "bmo",
    "revenue": 2545000000,
    "revenueEstimated": 2604186046,
    "updatedFromDate": "2025-04-25",
    "fiscalDateEnding": "2020-09-30"
  },
  {
    "date": "2020-08-06",
    "symbol": "AES",
    "eps": 0.25,
    "epsEstimated": 0.23,
    "time": "bmo",
    "revenue": 2217000000,
    "revenueEstimated": 2039640000,
    "updatedFromDate": "2025-04-25",
    "fiscalDateEnding": "2020-06-30"
  },
  {
    "date": "2020-05-07",
    "symbol": "AES",
    "eps": 0.29,
    "epsEstimated": 0.32,
    "time": "bmo",
    "revenue": 2338000000,
    "revenueEstimated": 2338000000,
    "updatedFromDate": "2025-04-25",
    "fiscalDateEnding": "2020-03-31"
  },
  {
    "date": "2020-02-28",
    "symbol": "AES",
    "eps": 0.35,
    "epsEstimated": 0.33,
    "time": "bmo",
    "revenue": 2431000000,
    "revenueEstimated": 2292085714,
    "updatedFromDate": "2025-04-25",
    "fiscalDateEnding": "2019-12-31"
  },
  {
    "date": "2019-11-06",
    "symbol": "AES",
    "eps": 0.48,
    "epsEstimated": 0.4,
    "time": "bmo",
    "revenue": 2625000000,
    "revenueEstimated": 2242187500,
    "updatedFromDate": "2025-04-25",
    "fiscalDateEnding": "2019-09-30"
  },
  {
    "date": "2019-08-06",
    "symbol": "AES",
    "eps": 0.26,
    "epsEstimated": 0.27,
    "time": "bmo",
    "revenue": 2483000000,
    "revenueEstimated": 2578500000,
    "updatedFromDate": "2025-04-25",
    "fiscalDateEnding": "2019-06-30"
  },
  {
    "date": "2019-05-07",
    "symbol": "AES",
    "eps": 0.28,
    "epsEstimated": 0.3,
    "time": "bmo",
    "revenue": 2650000000,
    "revenueEstimated": 2839285714,
    "updatedFromDate": "2025-04-25",
    "fiscalDateEnding": "2019-03-31"
  },
  {
    "date": "2019-02-27",
    "symbol": "AES",
    "eps": 0.36,
    "epsEstimated": 0.33,
    "time": "bmo",
    "revenue": 2622000000,
    "revenueEstimated": 2403500000,
    "updatedFromDate": "2025-04-25",
    "fiscalDateEnding": "2018-12-31"
  },
  {
    "date": "2018-11-06",
    "symbol": "AES",
    "eps": 0.35,
    "epsEstimated": 0.29,
    "time": "bmo",
    "revenue": 2837000000,
    "revenueEstimated": 2431714285,
    "updatedFromDate": "2025-04-25",
    "fiscalDateEnding": "2018-09-30"
  },
  {
    "date": "2018-08-07",
    "symbol": "AES",
    "eps": 0.25,
    "epsEstimated": 0.28,
    "time": "bmo",
    "revenue": 2537000000,
    "revenueEstimated": 2841440000,
    "updatedFromDate": "2025-04-25",
    "fiscalDateEnding": "2018-06-30"
  },
  {
    "date": "2018-05-08",
    "symbol": "AES",
    "eps": 0.28,
    "epsEstimated": 0.25,
    "time": "bmo",
    "revenue": 2740000000,
    "revenueEstimated": 2446428571,
    "updatedFromDate": "2025-04-25",
    "fiscalDateEnding": "2018-03-31"
  },
  {
    "date": "2018-02-27",
    "symbol": "AES",
    "eps": 0.43,
    "epsEstimated": 0.32,
    "time": "bmo",
    "revenue": 2643000000,
    "revenueEstimated": 2089813953,
    "updatedFromDate": "2025-04-25",
    "fiscalDateEnding": "2017-12-31"
  },
  {
    "date": "2017-11-02",
    "symbol": "AES",
    "eps": 0.24,
    "epsEstimated": 0.29,
    "time": "bmo",
    "revenue": 2693000000,
    "revenueEstimated": 3254041666,
    "updatedFromDate": "2025-04-25",
    "fiscalDateEnding": "2017-09-30"
  },
  {
    "date": "2017-08-08",
    "symbol": "AES",
    "eps": 0.25,
    "epsEstimated": 0.21,
    "time": "bmo",
    "revenue": 2613000000,
    "revenueEstimated": 2194920000,
    "updatedFromDate": "2025-04-25",
    "fiscalDateEnding": "2017-06-30"
  },
  {
    "date": "2017-05-08",
    "symbol": "AES",
    "eps": 0.17,
    "epsEstimated": 0.2,
    "time": "bmo",
    "revenue": 2581000000,
    "revenueEstimated": 3036470588,
    "updatedFromDate": "2025-04-25",
    "fiscalDateEnding": "2017-03-31"
  },
  {
    "date": "2017-02-27",
    "symbol": "AES",
    "eps": 0.35,
    "epsEstimated": 0.36,
    "time": "bmo",
    "revenue": 239000000,
    "revenueEstimated": 245828571,
    "updatedFromDate": "2025-04-25",
    "fiscalDateEnding": "2016-12-31"
  },
  {
    "date": "2016-11-04",
    "symbol": "AES",
    "eps": 0.32,
    "epsEstimated": 0.32,
    "time": "bmo",
    "revenue": 3542000000,
    "revenueEstimated": 3652687500,
    "updatedFromDate": "2025-04-25",
    "fiscalDateEnding": "2016-09-30"
  },
  {
    "date": "2016-08-05",
    "symbol": "AES",
    "eps": 0.17,
    "epsEstimated": 0.18,
    "time": "bmo",
    "revenue": 3229000000,
    "revenueEstimated": 3039058823,
    "updatedFromDate": "2025-04-25",
    "fiscalDateEnding": "2016-06-30"
  }
]