[
  {
    "date": "2026-04-28",
    "symbol": "AFL",
    "eps": null,
    "epsEstimated": null,
    "time": "amc",
    "revenue": null,
    "revenueEstimated": null,
    "updatedFromDate": "2025-10-02",
    "fiscalDateEnding": "2026-03-30"
  },
  {
    "date": "2026-02-03",
    "symbol": "AFL",
    "eps": null,
    "epsEstimated": null,
    "time": "amc",
    "revenue": null,
    "revenueEstimated": null,
    "updatedFromDate": "2025-10-02",
    "fiscalDateEnding": "2025-12-30"
  },
  {
    "date": "2025-11-04",
    "symbol": "AFL",
    "eps": null,
    "epsEstimated": 1.74,
    "time": "amc",
    "revenue": null,
    "revenueEstimated": 4357731220,
    "updatedFromDate": "2025-10-02",
    "fiscalDateEnding": "2025-09-30"
  },
  {
    "date": "2025-08-05",
    "symbol": "AFL",
    "eps": 1.78,
    "epsEstimated": 1.7,
    "time": "amc",
    "revenue": 4218000000,
    "revenueEstimated": 4329832800,
    "updatedFromDate": "2025-10-02",
    "fiscalDateEnding": "2025-06-30"
  },
  {
    "date": "2025-04-30",
    "symbol": "AFL",
    "eps": 1.66,
    "epsEstimated": 1.67,
    "time": "amc",
    "revenue": 3453000000,
    "revenueEstimated": 4277547783,
    "updatedFromDate": "2025-07-30",
    "fiscalDateEnding": "2025-03-31"
  },
  {
    "date": "2025-02-05",
    "symbol": "AFL",
    "eps": 1.56,
    "epsEstimated": 1.62,
    "time": "amc",
    "revenue": 5498000000,
    "revenueEstimated": 4329692563,
    "updatedFromDate": "2025-05-05",
    "fiscalDateEnding": "2024-12-31"
  },
  {
    "date": "2024-10-30",
    "symbol": "AFL",
    "eps": 2.16,
    "epsEstimated": 1.69,
    "time": "amc",
    "revenue": 3035000000,
    "revenueEstimated": 4299728640,
    "updatedFromDate": "2025-04-25",
    "fiscalDateEnding": "2024-09-30"
  },
  {
    "date": "2024-07-31",
    "symbol": "AFL",
    "eps": 1.83,
    "epsEstimated": 1.6,
    "time": "amc",
    "revenue": 5157000000,
    "revenueEstimated": 4101735612,
    "updatedFromDate": "2025-04-25",
    "fiscalDateEnding": "2024-06-30"
  },
  {
    "date": "2024-05-01",
    "symbol": "AFL",
    "eps": 1.66,
    "epsEstimated": 1.58,
    "time": "amc",
    "revenue": 5437000000,
    "revenueEstimated": 4139463649,
    "updatedFromDate": "2025-04-25",
    "fiscalDateEnding": "2024-03-31"
  },
  {
    "date": "2024-01-31",
    "symbol": "AFL",
    "eps": 1.25,
    "epsEstimated": 1.45,
    "time": "amc",
    "revenue": 3857000000,
    "revenueEstimated": 4391883722,
    "updatedFromDate": "2025-04-25",
    "fiscalDateEnding": "2023-12-31"
  },
  {
    "date": "2023-11-01",
    "symbol": "AFL",
    "eps": 1.84,
    "epsEstimated": 1.44,
    "time": "amc",
    "revenue": 5032000000,
    "revenueEstimated": 4329250000,
    "updatedFromDate": "2025-04-25",
    "fiscalDateEnding": "2023-09-30"
  },
  {
    "date": "2023-08-01",
    "symbol": "AFL",
    "eps": 1.58,
    "epsEstimated": 1.42,
    "time": "amc",
    "revenue": 5173000000,
    "revenueEstimated": 4396750000,
    "updatedFromDate": "2025-04-25",
    "fiscalDateEnding": "2023-06-30"
  },
  {
    "date": "2023-04-26",
    "symbol": "AFL",
    "eps": 1.55,
    "epsEstimated": 1.4,
    "time": "amc",
    "revenue": 4831000000,
    "revenueEstimated": 4588610000,
    "updatedFromDate": "2025-04-25",
    "fiscalDateEnding": "2023-03-31"
  },
  {
    "date": "2023-02-01",
    "symbol": "AFL",
    "eps": 1.29,
    "epsEstimated": 1.21,
    "time": "amc",
    "revenue": 4022000000,
    "revenueEstimated": 4497201144,
    "updatedFromDate": "2025-04-25",
    "fiscalDateEnding": "2022-12-31"
  },
  {
    "date": "2022-10-31",
    "symbol": "AFL",
    "eps": 1.23,
    "epsEstimated": 1.22,
    "time": "amc",
    "revenue": 4711000000,
    "revenueEstimated": 4620323761,
    "updatedFromDate": "2025-04-25",
    "fiscalDateEnding": "2022-09-30"
  },
  {
    "date": "2022-08-01",
    "symbol": "AFL",
    "eps": 1.46,
    "epsEstimated": 1.29,
    "time": "amc",
    "revenue": 5332000000,
    "revenueEstimated": 4795608511,
    "updatedFromDate": "2025-04-25",
    "fiscalDateEnding": "2022-06-30"
  },
  {
    "date": "2022-04-27",
    "symbol": "AFL",
    "eps": 1.42,
    "epsEstimated": 1.37,
    "time": "amc",
    "revenue": 5148000000,
    "revenueEstimated": 5134589869,
    "updatedFromDate": "2025-04-25",
    "fiscalDateEnding": "2022-03-31"
  },
  {
    "date": "2022-02-02",
    "symbol": "AFL",
    "eps": 1.28,
    "epsEstimated": 1.27,
    "time": "amc",
    "revenue": 5387000000,
    "revenueEstimated": 5232162576,
    "updatedFromDate": "2025-04-25",
    "fiscalDateEnding": "2021-12-31"
  },
  {
    "date": "2021-10-27",
    "symbol": "AFL",
    "eps": 1.53,
    "epsEstimated": 1.32,
    "time": "amc",
    "revenue": 5263000000,
    "revenueEstimated": 5251400000,
    "updatedFromDate": "2025-04-25",
    "fiscalDateEnding": "2021-09-30"
  },
  {
    "date": "2021-07-28",
    "symbol": "AFL",
    "eps": 1.59,
    "epsEstimated": 1.27,
    "time": "amc",
    "revenue": 5511000000,
    "revenueEstimated": 5564000000,
    "updatedFromDate": "2025-04-25",
    "fiscalDateEnding": "2021-06-30"
  },
  {
    "date": "2021-04-28",
    "symbol": "AFL",
    "eps": 1.53,
    "epsEstimated": 1.21,
    "time": "amc",
    "revenue": 5795000000,
    "revenueEstimated": 5506640000,
    "updatedFromDate": "2025-04-25",
    "fiscalDateEnding": "2021-03-31"
  },
  {
    "date": "2021-02-03",
    "symbol": "AFL",
    "eps": 1.07,
    "epsEstimated": 1.05,
    "time": "amc",
    "revenue": 6003000000,
    "revenueEstimated": 5454700000,
    "updatedFromDate": "2025-04-25",
    "fiscalDateEnding": "2020-12-31"
  },
  {
    "date": "2020-10-27",
    "symbol": "AFL",
    "eps": 1.39,
    "epsEstimated": 1.12,
    "time": "amc",
    "revenue": 5627000000,
    "revenueEstimated": 4646115107,
    "updatedFromDate": "2025-04-25",
    "fiscalDateEnding": "2020-09-30"
  },
  {
    "date": "2020-07-28",
    "symbol": "AFL",
    "eps": 1.28,
    "epsEstimated": 1.07,
    "time": "amc",
    "revenue": 5364000000,
    "revenueEstimated": 3934757812,
    "updatedFromDate": "2025-04-25",
    "fiscalDateEnding": "2020-06-30"
  },
  {
    "date": "2020-04-29",
    "symbol": "AFL",
    "eps": 1.21,
    "epsEstimated": 1.11,
    "time": "amc",
    "revenue": 5122000000,
    "revenueEstimated": 4291818181,
    "updatedFromDate": "2025-04-25",
    "fiscalDateEnding": "2020-03-31"
  },
  {
    "date": "2020-02-04",
    "symbol": "AFL",
    "eps": 1.03,
    "epsEstimated": 1.02,
    "time": "amc",
    "revenue": 5569000000,
    "revenueEstimated": 4659320388,
    "updatedFromDate": "2025-04-25",
    "fiscalDateEnding": "2019-12-31"
  },
  {
    "date": "2019-10-24",
    "symbol": "AFL",
    "eps": 1.16,
    "epsEstimated": 1.07,
    "time": "amc",
    "revenue": 5519000000,
    "revenueEstimated": 4384232758,
    "updatedFromDate": "2025-04-25",
    "fiscalDateEnding": "2019-09-30"
  },
  {
    "date": "2019-07-25",
    "symbol": "AFL",
    "eps": 1.13,
    "epsEstimated": 1.07,
    "time": "amc",
    "revenue": 5493000000,
    "revenueEstimated": 4449495575,
    "updatedFromDate": "2025-04-25",
    "fiscalDateEnding": "2019-06-30"
  },
  {
    "date": "2019-04-25",
    "symbol": "AFL",
    "eps": 1.12,
    "epsEstimated": 1.06,
    "time": "amc",
    "revenue": 5640000000,
    "revenueEstimated": 4455785714,
    "updatedFromDate": "2025-04-25",
    "fiscalDateEnding": "2019-03-31"
  },
  {
    "date": "2019-01-31",
    "symbol": "AFL",
    "eps": 1.02,
    "epsEstimated": 0.94,
    "time": "amc",
    "revenue": 5110000000,
    "revenueEstimated": 4245666666,
    "updatedFromDate": "2025-04-25",
    "fiscalDateEnding": "2018-12-31"
  },
  {
    "date": "2018-10-24",
    "symbol": "AFL",
    "eps": 1.03,
    "epsEstimated": 0.99,
    "time": "amc",
    "revenue": 5562000000,
    "revenueEstimated": 4470378640,
    "updatedFromDate": "2025-04-25",
    "fiscalDateEnding": "2018-09-30"
  },
  {
    "date": "2018-07-26",
    "symbol": "AFL",
    "eps": 1.06,
    "epsEstimated": 0.99,
    "time": "amc",
    "revenue": 5571000000,
    "revenueEstimated": 4412037735,
    "updatedFromDate": "2025-04-25",
    "fiscalDateEnding": "2018-06-30"
  },
  {
    "date": "2018-04-25",
    "symbol": "AFL",
    "eps": 1.02,
    "epsEstimated": 0.97,
    "time": "amc",
    "revenue": 5448000000,
    "revenueEstimated": 4527617647,
    "updatedFromDate": "2025-04-25",
    "fiscalDateEnding": "2018-03-31"
  },
  {
    "date": "2018-01-31",
    "symbol": "AFL",
    "eps": 0.8,
    "epsEstimated": 0.78,
    "time": "amc",
    "revenue": 5407000000,
    "revenueEstimated": 4342317073,
    "updatedFromDate": "2025-04-25",
    "fiscalDateEnding": "2017-12-31"
  },
  {
    "date": "2017-10-25",
    "symbol": "AFL",
    "eps": 0.85,
    "epsEstimated": 0.82,
    "time": "amc",
    "revenue": 5489000000,
    "revenueEstimated": 4559200000,
    "updatedFromDate": "2025-04-25",
    "fiscalDateEnding": "2017-09-30"
  },
  {
    "date": "2017-07-27",
    "symbol": "AFL",
    "eps": 0.92,
    "epsEstimated": 0.83,
    "time": "amc",
    "revenue": 5411000000,
    "revenueEstimated": 4228489130,
    "updatedFromDate": "2025-04-25",
    "fiscalDateEnding": "2017-06-30"
  },
  {
    "date": "2017-04-27",
    "symbol": "AFL",
    "eps": 0.84,
    "epsEstimated": 0.81,
    "time": "amc",
    "revenue": 5292000000,
    "revenueEstimated": 4482000000,
    "updatedFromDate": "2025-04-25",
    "fiscalDateEnding": "2017-03-31"
  },
  {
    "date": "2017-01-31",
    "symbol": "AFL",
    "eps": 0.73,
    "epsEstimated": 0.81,
    "time": "amc",
    "revenue": 5728000000,
    "revenueEstimated": 5695520547,
    "updatedFromDate": "2025-04-25",
    "fiscalDateEnding": "2016-12-31"
  },
  {
    "date": "2016-10-27",
    "symbol": "AFL",
    "eps": 0.91,
    "epsEstimated": 0.87,
    "time": "amc",
    "revenue": 5700000000,
    "revenueEstimated": 4783087912,
    "updatedFromDate": "2025-04-25",
    "fiscalDateEnding": "2016-09-30"
  },
  {
    "date": "2016-07-28",
    "symbol": "AFL",
    "eps": 0.86,
    "epsEstimated": 0.84,
    "time": "amc",
    "revenue": 5422000000,
    "revenueEstimated": 4703023255,
    "updatedFromDate": "2025-04-25",
    "fiscalDateEnding": "2016-06-30"
  }
]