[
  {
    "date": "2026-04-29",
    "symbol": "AIG",
    "eps": null,
    "epsEstimated": null,
    "time": "amc",
    "revenue": null,
    "revenueEstimated": null,
    "updatedFromDate": "2025-10-02",
    "fiscalDateEnding": "2026-03-30"
  },
  {
    "date": "2026-02-09",
    "symbol": "AIG",
    "eps": null,
    "epsEstimated": null,
    "time": "amc",
    "revenue": null,
    "revenueEstimated": null,
    "updatedFromDate": "2025-10-02",
    "fiscalDateEnding": "2025-12-30"
  },
  {
    "date": "2025-11-03",
    "symbol": "AIG",
    "eps": null,
    "epsEstimated": 1.58,
    "time": "bmo",
    "revenue": null,
    "revenueEstimated": 6823542330,
    "updatedFromDate": "2025-10-02",
    "fiscalDateEnding": "2025-09-30"
  },
  {
    "date": "2025-08-06",
    "symbol": "AIG",
    "eps": 1.81,
    "epsEstimated": 1.6,
    "time": "amc",
    "revenue": 7091000000,
    "revenueEstimated": 6781548330,
    "updatedFromDate": "2025-10-02",
    "fiscalDateEnding": "2025-06-30"
  },
  {
    "date": "2025-05-01",
    "symbol": "AIG",
    "eps": 1.17,
    "epsEstimated": 1,
    "time": "amc",
    "revenue": 6774000000,
    "revenueEstimated": 6821750568,
    "updatedFromDate": "2025-08-01",
    "fiscalDateEnding": "2025-03-31"
  },
  {
    "date": "2025-02-11",
    "symbol": "AIG",
    "eps": 1.3,
    "epsEstimated": 1.33,
    "time": "amc",
    "revenue": 7158000000,
    "revenueEstimated": 6745686183,
    "updatedFromDate": "2025-05-11",
    "fiscalDateEnding": "2024-12-31"
  },
  {
    "date": "2024-11-04",
    "symbol": "AIG",
    "eps": 1.23,
    "epsEstimated": 1.1,
    "time": "amc",
    "revenue": 6755000000,
    "revenueEstimated": 6729616440,
    "updatedFromDate": "2025-04-25",
    "fiscalDateEnding": "2024-09-30"
  },
  {
    "date": "2024-07-31",
    "symbol": "AIG",
    "eps": 1.16,
    "epsEstimated": 1.32,
    "time": "amc",
    "revenue": 6587000000,
    "revenueEstimated": 11636000000,
    "updatedFromDate": "2025-04-25",
    "fiscalDateEnding": "2024-06-30"
  },
  {
    "date": "2024-05-01",
    "symbol": "AIG",
    "eps": 1.77,
    "epsEstimated": 1.65,
    "time": "amc",
    "revenue": 12600000000,
    "revenueEstimated": 11631943664,
    "updatedFromDate": "2025-04-25",
    "fiscalDateEnding": "2024-03-31"
  },
  {
    "date": "2024-02-13",
    "symbol": "AIG",
    "eps": 1.79,
    "epsEstimated": 1.64,
    "time": "amc",
    "revenue": 9970000000,
    "revenueEstimated": 11608227798,
    "updatedFromDate": "2025-04-25",
    "fiscalDateEnding": "2023-12-31"
  },
  {
    "date": "2023-11-01",
    "symbol": "AIG",
    "eps": 1.61,
    "epsEstimated": 1.55,
    "time": "amc",
    "revenue": 7287000000,
    "revenueEstimated": 12563100000,
    "updatedFromDate": "2025-04-25",
    "fiscalDateEnding": "2023-09-30"
  },
  {
    "date": "2023-08-01",
    "symbol": "AIG",
    "eps": 1.75,
    "epsEstimated": 1.59,
    "time": "amc",
    "revenue": 7464000000,
    "revenueEstimated": 11510000000,
    "updatedFromDate": "2025-04-25",
    "fiscalDateEnding": "2023-06-30"
  },
  {
    "date": "2023-05-04",
    "symbol": "AIG",
    "eps": 1.63,
    "epsEstimated": 1.43,
    "time": "amc",
    "revenue": 11047000000,
    "revenueEstimated": 11625300000,
    "updatedFromDate": "2025-04-25",
    "fiscalDateEnding": "2023-03-31"
  },
  {
    "date": "2023-02-15",
    "symbol": "AIG",
    "eps": 1.36,
    "epsEstimated": 1.19,
    "time": "amc",
    "revenue": 11641000000,
    "revenueEstimated": 11801612774,
    "updatedFromDate": "2025-04-25",
    "fiscalDateEnding": "2022-12-31"
  },
  {
    "date": "2022-11-01",
    "symbol": "AIG",
    "eps": 0.66,
    "epsEstimated": 0.59,
    "time": "amc",
    "revenue": 14042000000,
    "revenueEstimated": 11096956707,
    "updatedFromDate": "2025-04-25",
    "fiscalDateEnding": "2022-09-30"
  },
  {
    "date": "2022-08-08",
    "symbol": "AIG",
    "eps": 1.19,
    "epsEstimated": 1.23,
    "time": "amc",
    "revenue": 13681000000,
    "revenueEstimated": 11182138675,
    "updatedFromDate": "2025-04-25",
    "fiscalDateEnding": "2022-06-30"
  },
  {
    "date": "2022-05-03",
    "symbol": "AIG",
    "eps": 1.3,
    "epsEstimated": 1.24,
    "time": "amc",
    "revenue": 14971000000,
    "revenueEstimated": 11391504284,
    "updatedFromDate": "2025-04-25",
    "fiscalDateEnding": "2022-03-31"
  },
  {
    "date": "2022-02-16",
    "symbol": "AIG",
    "eps": 1.58,
    "epsEstimated": 1.14,
    "time": "amc",
    "revenue": 13915000000,
    "revenueEstimated": 11470575788,
    "updatedFromDate": "2025-04-25",
    "fiscalDateEnding": "2021-12-31"
  },
  {
    "date": "2021-11-04",
    "symbol": "AIG",
    "eps": 0.97,
    "epsEstimated": 0.93,
    "time": "amc",
    "revenue": 12810000000,
    "revenueEstimated": 11568600000,
    "updatedFromDate": "2025-04-25",
    "fiscalDateEnding": "2021-09-30"
  },
  {
    "date": "2021-08-05",
    "symbol": "AIG",
    "eps": 1.52,
    "epsEstimated": 1.19,
    "time": "amc",
    "revenue": 10681000000,
    "revenueEstimated": 11265500000,
    "updatedFromDate": "2025-04-25",
    "fiscalDateEnding": "2021-06-30"
  },
  {
    "date": "2021-05-06",
    "symbol": "AIG",
    "eps": 1.05,
    "epsEstimated": 0.99,
    "time": "amc",
    "revenue": 14418000000,
    "revenueEstimated": 10732800000,
    "updatedFromDate": "2025-04-25",
    "fiscalDateEnding": "2021-03-31"
  },
  {
    "date": "2021-02-16",
    "symbol": "AIG",
    "eps": 0.94,
    "epsEstimated": 0.98,
    "time": "amc",
    "revenue": 9712000000,
    "revenueEstimated": 10796000000,
    "updatedFromDate": "2025-04-25",
    "fiscalDateEnding": "2020-12-31"
  },
  {
    "date": "2020-11-05",
    "symbol": "AIG",
    "eps": 0.81,
    "epsEstimated": 0.62,
    "time": "amc",
    "revenue": 10221000000,
    "revenueEstimated": 8508225000,
    "updatedFromDate": "2025-04-25",
    "fiscalDateEnding": "2020-09-30"
  },
  {
    "date": "2020-08-03",
    "symbol": "AIG",
    "eps": 0.66,
    "epsEstimated": 0.67,
    "time": "amc",
    "revenue": 9414000000,
    "revenueEstimated": 6334848484,
    "updatedFromDate": "2025-04-25",
    "fiscalDateEnding": "2020-06-30"
  },
  {
    "date": "2020-05-04",
    "symbol": "AIG",
    "eps": 0.11,
    "epsEstimated": 0.83,
    "time": "amc",
    "revenue": 14481000000,
    "revenueEstimated": 55086545454,
    "updatedFromDate": "2025-04-25",
    "fiscalDateEnding": "2020-03-31"
  },
  {
    "date": "2020-02-13",
    "symbol": "AIG",
    "eps": 1.03,
    "epsEstimated": 1,
    "time": "bmo",
    "revenue": 11826000000,
    "revenueEstimated": 11471220000,
    "updatedFromDate": "2025-04-25",
    "fiscalDateEnding": "2019-12-31"
  },
  {
    "date": "2019-11-01",
    "symbol": "AIG",
    "eps": 0.56,
    "epsEstimated": 1,
    "time": "bmo",
    "revenue": 12939000000,
    "revenueEstimated": 15316071428,
    "updatedFromDate": "2025-04-25",
    "fiscalDateEnding": "2019-09-30"
  },
  {
    "date": "2019-08-07",
    "symbol": "AIG",
    "eps": 1.43,
    "epsEstimated": 1.15,
    "time": "amc",
    "revenue": 12547000000,
    "revenueEstimated": 6764895104,
    "updatedFromDate": "2025-04-25",
    "fiscalDateEnding": "2019-06-30"
  },
  {
    "date": "2019-05-06",
    "symbol": "AIG",
    "eps": 1.58,
    "epsEstimated": 1.07,
    "time": "amc",
    "revenue": 12480000000,
    "revenueEstimated": 6053405063,
    "updatedFromDate": "2025-04-25",
    "fiscalDateEnding": "2019-03-31"
  },
  {
    "date": "2019-02-13",
    "symbol": "AIG",
    "eps": -0.63,
    "epsEstimated": 0.47,
    "time": "amc",
    "revenue": 12579000000,
    "revenueEstimated": 39623850000,
    "updatedFromDate": "2025-04-25",
    "fiscalDateEnding": "2018-12-31"
  },
  {
    "date": "2018-10-31",
    "symbol": "AIG",
    "eps": -0.34,
    "epsEstimated": 0.07,
    "time": "amc",
    "revenue": 11509000000,
    "revenueEstimated": 3035647058,
    "updatedFromDate": "2025-04-25",
    "fiscalDateEnding": "2018-09-30"
  },
  {
    "date": "2018-08-02",
    "symbol": "AIG",
    "eps": 1.05,
    "epsEstimated": 1.21,
    "time": "amc",
    "revenue": 11657000000,
    "revenueEstimated": 9681152380,
    "updatedFromDate": "2025-04-25",
    "fiscalDateEnding": "2018-06-30"
  },
  {
    "date": "2018-05-02",
    "symbol": "AIG",
    "eps": 1.04,
    "epsEstimated": 1.27,
    "time": "amc",
    "revenue": 11736000000,
    "revenueEstimated": 10343173076,
    "updatedFromDate": "2025-04-25",
    "fiscalDateEnding": "2018-03-31"
  },
  {
    "date": "2018-02-08",
    "symbol": "AIG",
    "eps": 0.57,
    "epsEstimated": 0.78,
    "time": "amc",
    "revenue": 12629000000,
    "revenueEstimated": 15659960000,
    "updatedFromDate": "2025-04-25",
    "fiscalDateEnding": "2017-12-31"
  },
  {
    "date": "2017-11-02",
    "symbol": "AIG",
    "eps": -1.22,
    "epsEstimated": -0.83,
    "time": "amc",
    "revenue": 12062000000,
    "revenueEstimated": 5994286885,
    "updatedFromDate": "2025-04-25",
    "fiscalDateEnding": "2017-09-30"
  },
  {
    "date": "2017-08-02",
    "symbol": "AIG",
    "eps": 1.53,
    "epsEstimated": 1.2,
    "time": "amc",
    "revenue": 12572000000,
    "revenueEstimated": 7025882352,
    "updatedFromDate": "2025-04-25",
    "fiscalDateEnding": "2017-06-30"
  },
  {
    "date": "2017-05-03",
    "symbol": "AIG",
    "eps": 1.36,
    "epsEstimated": 1.08,
    "time": "amc",
    "revenue": 12667000000,
    "revenueEstimated": 7195500000,
    "updatedFromDate": "2025-04-25",
    "fiscalDateEnding": "2017-03-31"
  },
  {
    "date": "2017-02-14",
    "symbol": "AIG",
    "eps": 0.84,
    "epsEstimated": 1.24,
    "time": "amc",
    "revenue": 13076000000,
    "revenueEstimated": 50663959322,
    "updatedFromDate": "2025-04-25",
    "fiscalDateEnding": "2016-12-31"
  },
  {
    "date": "2016-11-02",
    "symbol": "AIG",
    "eps": 1,
    "epsEstimated": 1.21,
    "time": "amc",
    "revenue": 12926000000,
    "revenueEstimated": 11901560000,
    "updatedFromDate": "2025-04-25",
    "fiscalDateEnding": "2016-09-30"
  },
  {
    "date": "2016-08-02",
    "symbol": "AIG",
    "eps": 0.98,
    "epsEstimated": 0.91,
    "time": "amc",
    "revenue": 14846000000,
    "revenueEstimated": 14047827956,
    "updatedFromDate": "2025-04-25",
    "fiscalDateEnding": "2016-06-30"
  }
]