[
  {
    "date": "2026-05-04",
    "symbol": "AIZ",
    "eps": null,
    "epsEstimated": null,
    "time": "amc",
    "revenue": null,
    "revenueEstimated": null,
    "updatedFromDate": "2025-10-02",
    "fiscalDateEnding": "2026-03-30"
  },
  {
    "date": "2026-02-09",
    "symbol": "AIZ",
    "eps": null,
    "epsEstimated": null,
    "time": "amc",
    "revenue": null,
    "revenueEstimated": null,
    "updatedFromDate": "2025-10-02",
    "fiscalDateEnding": "2025-12-30"
  },
  {
    "date": "2025-11-04",
    "symbol": "AIZ",
    "eps": null,
    "epsEstimated": 4.07,
    "time": "bmo",
    "revenue": null,
    "revenueEstimated": 3166555750,
    "updatedFromDate": "2025-10-02",
    "fiscalDateEnding": "2025-09-30"
  },
  {
    "date": "2025-08-05",
    "symbol": "AIZ",
    "eps": 5.56,
    "epsEstimated": 4.43,
    "time": "amc",
    "revenue": 3158400000,
    "revenueEstimated": 3165556000,
    "updatedFromDate": "2025-10-02",
    "fiscalDateEnding": "2025-06-30"
  },
  {
    "date": "2025-05-06",
    "symbol": "AIZ",
    "eps": 3.39,
    "epsEstimated": 2.75,
    "time": "amc",
    "revenue": 3074000000,
    "revenueEstimated": 3076948238,
    "updatedFromDate": "2025-08-06",
    "fiscalDateEnding": "2025-03-31"
  },
  {
    "date": "2025-02-11",
    "symbol": "AIZ",
    "eps": 4.79,
    "epsEstimated": 4.33,
    "time": "amc",
    "revenue": 3104800000,
    "revenueEstimated": 3080518250,
    "updatedFromDate": "2025-05-11",
    "fiscalDateEnding": "2024-12-31"
  },
  {
    "date": "2024-11-05",
    "symbol": "AIZ",
    "eps": 3,
    "epsEstimated": 2.52,
    "time": "amc",
    "revenue": 2967700000,
    "revenueEstimated": 2939390000,
    "updatedFromDate": "2024-11-06",
    "fiscalDateEnding": "2024-09-30"
  },
  {
    "date": "2024-08-06",
    "symbol": "AIZ",
    "eps": 4.08,
    "epsEstimated": 3.62,
    "time": "amc",
    "revenue": 2924900000,
    "revenueEstimated": 2893070000,
    "updatedFromDate": "2025-04-22",
    "fiscalDateEnding": "2024-06-30"
  },
  {
    "date": "2024-05-07",
    "symbol": "AIZ",
    "eps": 4.78,
    "epsEstimated": 3.87,
    "time": "amc",
    "revenue": 2880100000,
    "revenueEstimated": 2840571204,
    "updatedFromDate": "2025-04-22",
    "fiscalDateEnding": "2024-03-31"
  },
  {
    "date": "2024-02-06",
    "symbol": "AIZ",
    "eps": 4.58,
    "epsEstimated": 3.7,
    "time": "amc",
    "revenue": 2983100000,
    "revenueEstimated": 2802780000,
    "updatedFromDate": "2025-04-22",
    "fiscalDateEnding": "2023-12-31"
  },
  {
    "date": "2023-10-31",
    "symbol": "AIZ",
    "eps": 4.29,
    "epsEstimated": 2.58,
    "time": "amc",
    "revenue": 2774100000,
    "revenueEstimated": 2690150000,
    "updatedFromDate": "2025-04-22",
    "fiscalDateEnding": "2023-09-30"
  },
  {
    "date": "2023-08-01",
    "symbol": "AIZ",
    "eps": 3.89,
    "epsEstimated": 2.6,
    "time": "amc",
    "revenue": 2731600000,
    "revenueEstimated": 2643900000,
    "updatedFromDate": "2025-04-22",
    "fiscalDateEnding": "2023-06-30"
  },
  {
    "date": "2023-05-02",
    "symbol": "AIZ",
    "eps": 2.75,
    "epsEstimated": 2.32,
    "time": "amc",
    "revenue": 2642800000,
    "revenueEstimated": 2622890000,
    "updatedFromDate": "2025-04-22",
    "fiscalDateEnding": "2023-03-31"
  },
  {
    "date": "2023-02-07",
    "symbol": "AIZ",
    "eps": 3.23,
    "epsEstimated": 2.59,
    "time": "amc",
    "revenue": 2652800000,
    "revenueEstimated": 2631296126,
    "updatedFromDate": "2025-04-22",
    "fiscalDateEnding": "2022-12-31"
  },
  {
    "date": "2022-11-01",
    "symbol": "AIZ",
    "eps": 1.01,
    "epsEstimated": 1,
    "time": "amc",
    "revenue": 2547800000,
    "revenueEstimated": 2601043359,
    "updatedFromDate": "2025-04-22",
    "fiscalDateEnding": "2022-09-30"
  },
  {
    "date": "2022-08-02",
    "symbol": "AIZ",
    "eps": 2.95,
    "epsEstimated": 3.21,
    "time": "amc",
    "revenue": 2509700000,
    "revenueEstimated": 2622469003,
    "updatedFromDate": "2025-04-22",
    "fiscalDateEnding": "2022-06-30"
  },
  {
    "date": "2022-05-03",
    "symbol": "AIZ",
    "eps": 3.75,
    "epsEstimated": 2.86,
    "time": "amc",
    "revenue": 2482700000,
    "revenueEstimated": 2621237427,
    "updatedFromDate": "2025-04-22",
    "fiscalDateEnding": "2022-03-31"
  },
  {
    "date": "2022-02-08",
    "symbol": "AIZ",
    "eps": 2.47,
    "epsEstimated": 2.3,
    "time": "amc",
    "revenue": 2574900000,
    "revenueEstimated": 2577225280,
    "updatedFromDate": "2025-04-22",
    "fiscalDateEnding": "2021-12-31"
  },
  {
    "date": "2021-11-02",
    "symbol": "AIZ",
    "eps": 1.41,
    "epsEstimated": 1.23,
    "time": "amc",
    "revenue": 2637800000,
    "revenueEstimated": 2518210000,
    "updatedFromDate": "2025-04-22",
    "fiscalDateEnding": "2021-09-30"
  },
  {
    "date": "2021-08-03",
    "symbol": "AIZ",
    "eps": 2.99,
    "epsEstimated": 2.5,
    "time": "amc",
    "revenue": 2542300000,
    "revenueEstimated": 2400030000,
    "updatedFromDate": "2025-04-22",
    "fiscalDateEnding": "2021-06-30"
  },
  {
    "date": "2021-05-04",
    "symbol": "AIZ",
    "eps": 3.03,
    "epsEstimated": 1.96,
    "time": "amc",
    "revenue": 2432600000,
    "revenueEstimated": 2469310000,
    "updatedFromDate": "2025-04-22",
    "fiscalDateEnding": "2021-03-31"
  },
  {
    "date": "2021-02-09",
    "symbol": "AIZ",
    "eps": 1.82,
    "epsEstimated": 2.08,
    "time": "amc",
    "revenue": 2553100000,
    "revenueEstimated": 2883375000,
    "updatedFromDate": "2025-04-22",
    "fiscalDateEnding": "2020-12-31"
  },
  {
    "date": "2020-11-02",
    "symbol": "AIZ",
    "eps": 1.41,
    "epsEstimated": 0.94,
    "time": "amc",
    "revenue": 2376700000,
    "revenueEstimated": 2434139400,
    "updatedFromDate": "2025-04-22",
    "fiscalDateEnding": "2020-09-30"
  },
  {
    "date": "2020-08-04",
    "symbol": "AIZ",
    "eps": 2.75,
    "epsEstimated": 2.09,
    "time": "amc",
    "revenue": 2331200000,
    "revenueEstimated": 1755828000,
    "updatedFromDate": "2025-04-22",
    "fiscalDateEnding": "2020-06-30"
  },
  {
    "date": "2020-05-05",
    "symbol": "AIZ",
    "eps": 2.64,
    "epsEstimated": 2.42,
    "time": "amc",
    "revenue": 2448700000,
    "revenueEstimated": 2296158333,
    "updatedFromDate": "2025-04-22",
    "fiscalDateEnding": "2020-03-31"
  },
  {
    "date": "2020-02-11",
    "symbol": "AIZ",
    "eps": 2.25,
    "epsEstimated": 2.39,
    "time": "amc",
    "revenue": 2609000000,
    "revenueEstimated": 2566966222,
    "updatedFromDate": "2025-04-22",
    "fiscalDateEnding": "2019-12-31"
  },
  {
    "date": "2019-11-05",
    "symbol": "AIZ",
    "eps": 1.69,
    "epsEstimated": 1.69,
    "time": "amc",
    "revenue": 2494900000,
    "revenueEstimated": 2260109467,
    "updatedFromDate": "2025-04-22",
    "fiscalDateEnding": "2019-09-30"
  },
  {
    "date": "2019-08-06",
    "symbol": "AIZ",
    "eps": 2.34,
    "epsEstimated": 2.09,
    "time": "amc",
    "revenue": 2540800000,
    "revenueEstimated": 2119920940,
    "updatedFromDate": "2025-04-22",
    "fiscalDateEnding": "2019-06-30"
  },
  {
    "date": "2019-05-06",
    "symbol": "AIZ",
    "eps": 2.21,
    "epsEstimated": 2.13,
    "time": "amc",
    "revenue": 2427800000,
    "revenueEstimated": 2159395927,
    "updatedFromDate": "2025-04-22",
    "fiscalDateEnding": "2019-03-31"
  },
  {
    "date": "2019-02-12",
    "symbol": "AIZ",
    "eps": 0.77,
    "epsEstimated": 0.46,
    "time": "amc",
    "revenue": 2306300000,
    "revenueEstimated": 1861334509,
    "updatedFromDate": "2025-04-22",
    "fiscalDateEnding": "2018-12-31"
  },
  {
    "date": "2018-11-06",
    "symbol": "AIZ",
    "eps": 1.06,
    "epsEstimated": 1,
    "time": "amc",
    "revenue": 2257600000,
    "revenueEstimated": 2024001886,
    "updatedFromDate": "2025-04-22",
    "fiscalDateEnding": "2018-09-30"
  },
  {
    "date": "2018-08-07",
    "symbol": "AIZ",
    "eps": 2.11,
    "epsEstimated": 1.89,
    "time": "amc",
    "revenue": 1816700000,
    "revenueEstimated": 1410892018,
    "updatedFromDate": "2025-04-22",
    "fiscalDateEnding": "2018-06-30"
  },
  {
    "date": "2018-05-03",
    "symbol": "AIZ",
    "eps": 2,
    "epsEstimated": 1.93,
    "time": "amc",
    "revenue": 1620100000,
    "revenueEstimated": 1455123500,
    "updatedFromDate": "2025-04-22",
    "fiscalDateEnding": "2018-03-31"
  },
  {
    "date": "2018-02-08",
    "symbol": "AIZ",
    "eps": 1.84,
    "epsEstimated": 1.58,
    "time": "amc",
    "revenue": 1656200000,
    "revenueEstimated": 1350173913,
    "updatedFromDate": "2025-04-22",
    "fiscalDateEnding": "2017-12-31"
  },
  {
    "date": "2017-11-02",
    "symbol": "AIZ",
    "eps": -1.4,
    "epsEstimated": -1.79,
    "time": "amc",
    "revenue": 1563300000,
    "revenueEstimated": 1775654285,
    "updatedFromDate": "2025-04-22",
    "fiscalDateEnding": "2017-09-30"
  },
  {
    "date": "2017-08-01",
    "symbol": "AIZ",
    "eps": 1.63,
    "epsEstimated": 1.58,
    "time": "amc",
    "revenue": 1577100000,
    "revenueEstimated": 1420642944,
    "updatedFromDate": "2025-04-22",
    "fiscalDateEnding": "2017-06-30"
  },
  {
    "date": "2017-05-02",
    "symbol": "AIZ",
    "eps": 1.87,
    "epsEstimated": 1.52,
    "time": "amc",
    "revenue": 1514500000,
    "revenueEstimated": 1160320855,
    "updatedFromDate": "2025-04-22",
    "fiscalDateEnding": "2017-03-31"
  },
  {
    "date": "2017-02-07",
    "symbol": "AIZ",
    "eps": 0.46,
    "epsEstimated": 0.29,
    "time": "amc",
    "revenue": 1667033000,
    "revenueEstimated": 1039460869,
    "updatedFromDate": "2025-04-22",
    "fiscalDateEnding": "2016-12-31"
  },
  {
    "date": "2016-10-25",
    "symbol": "AIZ",
    "eps": 1,
    "epsEstimated": 1.14,
    "time": "amc",
    "revenue": 1698300000,
    "revenueEstimated": 1664726000,
    "updatedFromDate": "2025-04-22",
    "fiscalDateEnding": "2016-09-30"
  },
  {
    "date": "2016-07-26",
    "symbol": "AIZ",
    "eps": 1.42,
    "epsEstimated": 1.41,
    "time": "amc",
    "revenue": 1672000000,
    "revenueEstimated": 1574651408,
    "updatedFromDate": "2025-04-22",
    "fiscalDateEnding": "2016-06-30"
  }
]