[
  {
    "date": "2026-04-29",
    "symbol": "AJG",
    "eps": null,
    "epsEstimated": null,
    "time": "amc",
    "revenue": null,
    "revenueEstimated": null,
    "updatedFromDate": "2025-10-02",
    "fiscalDateEnding": "2026-03-30"
  },
  {
    "date": "2026-01-28",
    "symbol": "AJG",
    "eps": null,
    "epsEstimated": null,
    "time": "amc",
    "revenue": null,
    "revenueEstimated": null,
    "updatedFromDate": "2025-10-02",
    "fiscalDateEnding": "2025-12-30"
  },
  {
    "date": "2025-10-23",
    "symbol": "AJG",
    "eps": null,
    "epsEstimated": 2.44,
    "time": "bmo",
    "revenue": null,
    "revenueEstimated": null,
    "updatedFromDate": "2025-10-02",
    "fiscalDateEnding": "2025-09-30"
  },
  {
    "date": "2025-07-31",
    "symbol": "AJG",
    "eps": 2.33,
    "epsEstimated": 2.36,
    "time": "amc",
    "revenue": 3220800000,
    "revenueEstimated": 3204777070,
    "updatedFromDate": "2025-10-02",
    "fiscalDateEnding": "2025-06-30"
  },
  {
    "date": "2025-05-01",
    "symbol": "AJG",
    "eps": 3.67,
    "epsEstimated": 3.57,
    "time": "amc",
    "revenue": 3727400000,
    "revenueEstimated": 3710647756,
    "updatedFromDate": "2025-07-31",
    "fiscalDateEnding": "2025-03-31"
  },
  {
    "date": "2025-01-30",
    "symbol": "AJG",
    "eps": 2.13,
    "epsEstimated": 2.03,
    "time": "amc",
    "revenue": 2716000000,
    "revenueEstimated": 2703988965,
    "updatedFromDate": "2025-07-17",
    "fiscalDateEnding": "2024-12-31"
  },
  {
    "date": "2024-10-24",
    "symbol": "AJG",
    "eps": 2.26,
    "epsEstimated": 2.26,
    "time": "amc",
    "revenue": 2806800000,
    "revenueEstimated": 2780102800,
    "updatedFromDate": "2025-07-17",
    "fiscalDateEnding": "2024-09-30"
  },
  {
    "date": "2024-07-25",
    "symbol": "AJG",
    "eps": 2.26,
    "epsEstimated": 2.24,
    "time": "amc",
    "revenue": 2775400000,
    "revenueEstimated": 2766997350,
    "updatedFromDate": "2025-07-17",
    "fiscalDateEnding": "2024-06-30"
  },
  {
    "date": "2024-04-25",
    "symbol": "AJG",
    "eps": 3.49,
    "epsEstimated": 3.41,
    "time": "amc",
    "revenue": 3256700000,
    "revenueEstimated": 3177669622,
    "updatedFromDate": "2025-07-17",
    "fiscalDateEnding": "2024-03-31"
  },
  {
    "date": "2024-01-25",
    "symbol": "AJG",
    "eps": 1.85,
    "epsEstimated": 1.83,
    "time": "amc",
    "revenue": 2437800000,
    "revenueEstimated": 2362860000,
    "updatedFromDate": "2025-07-17",
    "fiscalDateEnding": "2023-12-31"
  },
  {
    "date": "2023-10-26",
    "symbol": "AJG",
    "eps": 2,
    "epsEstimated": 1.94,
    "time": "amc",
    "revenue": 2492000000,
    "revenueEstimated": 2389960000,
    "updatedFromDate": "2025-07-17",
    "fiscalDateEnding": "2023-09-30"
  },
  {
    "date": "2023-07-27",
    "symbol": "AJG",
    "eps": 1.9,
    "epsEstimated": 1.86,
    "time": "amc",
    "revenue": 2441900000,
    "revenueEstimated": 2360790000,
    "updatedFromDate": "2025-07-17",
    "fiscalDateEnding": "2023-06-30"
  },
  {
    "date": "2023-04-27",
    "symbol": "AJG",
    "eps": 3.03,
    "epsEstimated": 3,
    "time": "amc",
    "revenue": 2706100000,
    "revenueEstimated": 2671810000,
    "updatedFromDate": "2025-07-17",
    "fiscalDateEnding": "2023-03-31"
  },
  {
    "date": "2023-01-26",
    "symbol": "AJG",
    "eps": 1.54,
    "epsEstimated": 1.5,
    "time": "amc",
    "revenue": 2018200000,
    "revenueEstimated": 1955165725,
    "updatedFromDate": "2025-07-17",
    "fiscalDateEnding": "2022-12-31"
  },
  {
    "date": "2022-10-27",
    "symbol": "AJG",
    "eps": 1.72,
    "epsEstimated": 1.67,
    "time": "amc",
    "revenue": 2045300000,
    "revenueEstimated": 2033980222,
    "updatedFromDate": "2025-07-17",
    "fiscalDateEnding": "2022-09-30"
  },
  {
    "date": "2022-07-28",
    "symbol": "AJG",
    "eps": 1.7,
    "epsEstimated": 1.68,
    "time": "amc",
    "revenue": 2040200000,
    "revenueEstimated": 2022808625,
    "updatedFromDate": "2025-07-17",
    "fiscalDateEnding": "2022-06-30"
  },
  {
    "date": "2022-04-28",
    "symbol": "AJG",
    "eps": 2.81,
    "epsEstimated": 2.77,
    "time": "amc",
    "revenue": 2433900000,
    "revenueEstimated": 2410370639,
    "updatedFromDate": "2025-07-17",
    "fiscalDateEnding": "2022-03-31"
  },
  {
    "date": "2022-01-27",
    "symbol": "AJG",
    "eps": 0.98,
    "epsEstimated": 0.93,
    "time": "amc",
    "revenue": 1962800000,
    "revenueEstimated": 1902166667,
    "updatedFromDate": "2025-07-17",
    "fiscalDateEnding": "2021-12-31"
  },
  {
    "date": "2021-10-28",
    "symbol": "AJG",
    "eps": 1.33,
    "epsEstimated": 1.21,
    "time": "amc",
    "revenue": 2133900000,
    "revenueEstimated": 1821250000,
    "updatedFromDate": "2025-07-17",
    "fiscalDateEnding": "2021-09-30"
  },
  {
    "date": "2021-07-29",
    "symbol": "AJG",
    "eps": 1.17,
    "epsEstimated": 1.14,
    "time": "amc",
    "revenue": 1932900000,
    "revenueEstimated": 1569730000,
    "updatedFromDate": "2025-07-17",
    "fiscalDateEnding": "2021-06-30"
  },
  {
    "date": "2021-04-29",
    "symbol": "AJG",
    "eps": 2.02,
    "epsEstimated": 1.84,
    "time": "amc",
    "revenue": 2160900000,
    "revenueEstimated": 1699150000,
    "updatedFromDate": "2025-07-17",
    "fiscalDateEnding": "2021-03-31"
  },
  {
    "date": "2021-01-28",
    "symbol": "AJG",
    "eps": 0.88,
    "epsEstimated": 0.78,
    "time": "amc",
    "revenue": 1714000000,
    "revenueEstimated": 1451700000,
    "updatedFromDate": "2025-07-17",
    "fiscalDateEnding": "2020-12-31"
  },
  {
    "date": "2020-10-29",
    "symbol": "AJG",
    "eps": 1.08,
    "epsEstimated": 0.92,
    "time": "amc",
    "revenue": 1845700000,
    "revenueEstimated": 4514814814,
    "updatedFromDate": "2025-07-17",
    "fiscalDateEnding": "2020-09-30"
  },
  {
    "date": "2020-07-30",
    "symbol": "AJG",
    "eps": 0.94,
    "epsEstimated": 0.72,
    "time": "amc",
    "revenue": 1583000000,
    "revenueEstimated": 1230127659,
    "updatedFromDate": "2025-07-17",
    "fiscalDateEnding": "2020-06-30"
  },
  {
    "date": "2020-04-30",
    "symbol": "AJG",
    "eps": 1.83,
    "epsEstimated": 1.73,
    "time": "amc",
    "revenue": 1866700000,
    "revenueEstimated": 1764883606,
    "updatedFromDate": "2025-07-17",
    "fiscalDateEnding": "2020-03-31"
  },
  {
    "date": "2020-01-30",
    "symbol": "AJG",
    "eps": 0.58,
    "epsEstimated": 0.52,
    "time": "amc",
    "revenue": 1708400000,
    "revenueEstimated": 1543324137,
    "updatedFromDate": "2025-07-17",
    "fiscalDateEnding": "2019-12-31"
  },
  {
    "date": "2019-10-24",
    "symbol": "AJG",
    "eps": 0.8,
    "epsEstimated": 0.79,
    "time": "amc",
    "revenue": 1821900000,
    "revenueEstimated": 1802385000,
    "updatedFromDate": "2025-07-17",
    "fiscalDateEnding": "2019-09-30"
  },
  {
    "date": "2019-07-25",
    "symbol": "AJG",
    "eps": 0.65,
    "epsEstimated": 0.61,
    "time": "amc",
    "revenue": 1655900000,
    "revenueEstimated": 1555781538,
    "updatedFromDate": "2025-07-17",
    "fiscalDateEnding": "2019-06-30"
  },
  {
    "date": "2019-04-25",
    "symbol": "AJG",
    "eps": 1.63,
    "epsEstimated": 1.61,
    "time": "amc",
    "revenue": 1933500000,
    "revenueEstimated": 1966175460,
    "updatedFromDate": "2025-07-17",
    "fiscalDateEnding": "2019-03-31"
  },
  {
    "date": "2019-01-31",
    "symbol": "AJG",
    "eps": 0.53,
    "epsEstimated": 0.52,
    "time": "amc",
    "revenue": 1657400000,
    "revenueEstimated": 1626128301,
    "updatedFromDate": "2025-07-17",
    "fiscalDateEnding": "2018-12-31"
  },
  {
    "date": "2018-10-25",
    "symbol": "AJG",
    "eps": 0.78,
    "epsEstimated": 0.77,
    "time": "amc",
    "revenue": 1777900000,
    "revenueEstimated": 1755698717,
    "updatedFromDate": "2025-07-17",
    "fiscalDateEnding": "2018-09-30"
  },
  {
    "date": "2018-07-26",
    "symbol": "AJG",
    "eps": 0.62,
    "epsEstimated": 0.63,
    "time": "amc",
    "revenue": 1654300000,
    "revenueEstimated": 1687180645,
    "updatedFromDate": "2025-07-17",
    "fiscalDateEnding": "2018-06-30"
  },
  {
    "date": "2018-05-01",
    "symbol": "AJG",
    "eps": 1.52,
    "epsEstimated": 1.45,
    "time": "amc",
    "revenue": 1834800000,
    "revenueEstimated": 1753069078,
    "updatedFromDate": "2025-07-17",
    "fiscalDateEnding": "2018-03-31"
  },
  {
    "date": "2018-01-25",
    "symbol": "AJG",
    "eps": 0.82,
    "epsEstimated": 0.75,
    "time": "amc",
    "revenue": 1599000000,
    "revenueEstimated": 1389695121,
    "updatedFromDate": "2025-07-17",
    "fiscalDateEnding": "2017-12-31"
  },
  {
    "date": "2017-10-26",
    "symbol": "AJG",
    "eps": 0.81,
    "epsEstimated": 0.79,
    "time": "amc",
    "revenue": 1593700000,
    "revenueEstimated": 1554349382,
    "updatedFromDate": "2025-07-17",
    "fiscalDateEnding": "2017-09-30"
  },
  {
    "date": "2017-07-27",
    "symbol": "AJG",
    "eps": 1.03,
    "epsEstimated": 1.03,
    "time": "amc",
    "revenue": 1489500000,
    "revenueEstimated": 1489500000,
    "updatedFromDate": "2025-07-17",
    "fiscalDateEnding": "2017-06-30"
  },
  {
    "date": "2017-04-27",
    "symbol": "AJG",
    "eps": 0.4,
    "epsEstimated": 0.39,
    "time": "amc",
    "revenue": 1646400000,
    "revenueEstimated": 1605240000,
    "updatedFromDate": "2025-07-17",
    "fiscalDateEnding": "2017-03-31"
  },
  {
    "date": "2017-01-26",
    "symbol": "AJG",
    "eps": 0.66,
    "epsEstimated": 0.66,
    "time": "amc",
    "revenue": 1385000000,
    "revenueEstimated": 1470700000,
    "updatedFromDate": "2025-07-17",
    "fiscalDateEnding": "2016-12-31"
  },
  {
    "date": "2016-10-27",
    "symbol": "AJG",
    "eps": 0.77,
    "epsEstimated": 0.76,
    "time": "amc",
    "revenue": 1482300000,
    "revenueEstimated": 1463049350,
    "updatedFromDate": "2025-07-17",
    "fiscalDateEnding": "2016-09-30"
  },
  {
    "date": "2016-07-28",
    "symbol": "AJG",
    "eps": 0.97,
    "epsEstimated": 0.96,
    "time": "amc",
    "revenue": 1427100000,
    "revenueEstimated": 1412387628,
    "updatedFromDate": "2025-07-17",
    "fiscalDateEnding": "2016-06-30"
  }
]