[
  {
    "date": "2026-05-06",
    "symbol": "AKAM",
    "eps": null,
    "epsEstimated": null,
    "time": "amc",
    "revenue": null,
    "revenueEstimated": null,
    "updatedFromDate": "2025-10-02",
    "fiscalDateEnding": "2026-03-30"
  },
  {
    "date": "2026-02-18",
    "symbol": "AKAM",
    "eps": null,
    "epsEstimated": null,
    "time": "amc",
    "revenue": null,
    "revenueEstimated": null,
    "updatedFromDate": "2025-10-02",
    "fiscalDateEnding": "2025-12-30"
  },
  {
    "date": "2025-11-06",
    "symbol": "AKAM",
    "eps": null,
    "epsEstimated": 1.62,
    "time": "bmo",
    "revenue": null,
    "revenueEstimated": 1043893280,
    "updatedFromDate": "2025-10-02",
    "fiscalDateEnding": "2025-09-30"
  },
  {
    "date": "2025-08-07",
    "symbol": "AKAM",
    "eps": 1.73,
    "epsEstimated": 1.55,
    "time": "amc",
    "revenue": 1043494000,
    "revenueEstimated": 1020751006,
    "updatedFromDate": "2025-10-02",
    "fiscalDateEnding": "2025-06-30"
  },
  {
    "date": "2025-05-08",
    "symbol": "AKAM",
    "eps": 1.7,
    "epsEstimated": 1.57,
    "time": "amc",
    "revenue": 1015139000,
    "revenueEstimated": 1010192780,
    "updatedFromDate": "2025-08-08",
    "fiscalDateEnding": "2025-03-31"
  },
  {
    "date": "2025-02-20",
    "symbol": "AKAM",
    "eps": 1.66,
    "epsEstimated": 1.52,
    "time": "amc",
    "revenue": 1019939000,
    "revenueEstimated": 1015369572,
    "updatedFromDate": "2025-05-20",
    "fiscalDateEnding": "2024-12-31"
  },
  {
    "date": "2024-11-07",
    "symbol": "AKAM",
    "eps": 1.59,
    "epsEstimated": 1.59,
    "time": "amc",
    "revenue": 1004679000,
    "revenueEstimated": 999306772,
    "updatedFromDate": "2025-04-22",
    "fiscalDateEnding": "2024-09-30"
  },
  {
    "date": "2024-08-08",
    "symbol": "AKAM",
    "eps": 1.58,
    "epsEstimated": 1.53,
    "time": "amc",
    "revenue": 979580000,
    "revenueEstimated": 977665964,
    "updatedFromDate": "2025-04-22",
    "fiscalDateEnding": "2024-06-30"
  },
  {
    "date": "2024-05-09",
    "symbol": "AKAM",
    "eps": 1.64,
    "epsEstimated": 1.61,
    "time": "amc",
    "revenue": 986970000,
    "revenueEstimated": 989030194,
    "updatedFromDate": "2025-04-22",
    "fiscalDateEnding": "2024-03-31"
  },
  {
    "date": "2024-02-13",
    "symbol": "AKAM",
    "eps": 1.69,
    "epsEstimated": 1.59,
    "time": "amc",
    "revenue": 995017000,
    "revenueEstimated": 998130000,
    "updatedFromDate": "2025-04-22",
    "fiscalDateEnding": "2023-12-31"
  },
  {
    "date": "2023-11-07",
    "symbol": "AKAM",
    "eps": 1.63,
    "epsEstimated": 1.51,
    "time": "amc",
    "revenue": 965484000,
    "revenueEstimated": 943320000,
    "updatedFromDate": "2025-04-22",
    "fiscalDateEnding": "2023-09-30"
  },
  {
    "date": "2023-08-08",
    "symbol": "AKAM",
    "eps": 1.49,
    "epsEstimated": 1.41,
    "time": "amc",
    "revenue": 935721000,
    "revenueEstimated": 929690000,
    "updatedFromDate": "2025-04-22",
    "fiscalDateEnding": "2023-06-30"
  },
  {
    "date": "2023-05-09",
    "symbol": "AKAM",
    "eps": 1.4,
    "epsEstimated": 1.32,
    "time": "amc",
    "revenue": 915698000,
    "revenueEstimated": 910520000,
    "updatedFromDate": "2025-04-22",
    "fiscalDateEnding": "2023-03-31"
  },
  {
    "date": "2023-02-14",
    "symbol": "AKAM",
    "eps": 1.37,
    "epsEstimated": 1.27,
    "time": "amc",
    "revenue": 927779000,
    "revenueEstimated": 904753250,
    "updatedFromDate": "2025-04-22",
    "fiscalDateEnding": "2022-12-31"
  },
  {
    "date": "2022-11-08",
    "symbol": "AKAM",
    "eps": 1.26,
    "epsEstimated": 1.23,
    "time": "amc",
    "revenue": 881896000,
    "revenueEstimated": 876104533,
    "updatedFromDate": "2025-04-22",
    "fiscalDateEnding": "2022-09-30"
  },
  {
    "date": "2022-08-09",
    "symbol": "AKAM",
    "eps": 1.35,
    "epsEstimated": 1.31,
    "time": "amc",
    "revenue": 903332000,
    "revenueEstimated": 899001389,
    "updatedFromDate": "2025-04-22",
    "fiscalDateEnding": "2022-06-30"
  },
  {
    "date": "2022-05-03",
    "symbol": "AKAM",
    "eps": 1.39,
    "epsEstimated": 1.42,
    "time": "amc",
    "revenue": 903647000,
    "revenueEstimated": 903773733,
    "updatedFromDate": "2025-04-22",
    "fiscalDateEnding": "2022-03-31"
  },
  {
    "date": "2022-02-15",
    "symbol": "AKAM",
    "eps": 1.49,
    "epsEstimated": 1.42,
    "time": "amc",
    "revenue": 905358000,
    "revenueEstimated": 899290230,
    "updatedFromDate": "2025-04-22",
    "fiscalDateEnding": "2021-12-31"
  },
  {
    "date": "2021-11-02",
    "symbol": "AKAM",
    "eps": 1.45,
    "epsEstimated": 1.39,
    "time": "amc",
    "revenue": 860333000,
    "revenueEstimated": 851710000,
    "updatedFromDate": "2025-04-22",
    "fiscalDateEnding": "2021-09-30"
  },
  {
    "date": "2021-08-03",
    "symbol": "AKAM",
    "eps": 1.42,
    "epsEstimated": 1.39,
    "time": "amc",
    "revenue": 852824000,
    "revenueEstimated": 845360000,
    "updatedFromDate": "2025-04-22",
    "fiscalDateEnding": "2021-06-30"
  },
  {
    "date": "2021-05-04",
    "symbol": "AKAM",
    "eps": 1.38,
    "epsEstimated": 1.3,
    "time": "amc",
    "revenue": 842708000,
    "revenueEstimated": 829570000,
    "updatedFromDate": "2025-04-22",
    "fiscalDateEnding": "2021-03-31"
  },
  {
    "date": "2021-02-09",
    "symbol": "AKAM",
    "eps": 1.33,
    "epsEstimated": 1.32,
    "time": "amc",
    "revenue": 846287000,
    "revenueEstimated": 828390000,
    "updatedFromDate": "2025-04-22",
    "fiscalDateEnding": "2020-12-31"
  },
  {
    "date": "2020-10-27",
    "symbol": "AKAM",
    "eps": 1.31,
    "epsEstimated": 1.23,
    "time": "amc",
    "revenue": 792845000,
    "revenueEstimated": 744426984,
    "updatedFromDate": "2025-04-22",
    "fiscalDateEnding": "2020-09-30"
  },
  {
    "date": "2020-07-28",
    "symbol": "AKAM",
    "eps": 1.38,
    "epsEstimated": 1.22,
    "time": "amc",
    "revenue": 794715000,
    "revenueEstimated": 696815326,
    "updatedFromDate": "2025-04-22",
    "fiscalDateEnding": "2020-06-30"
  },
  {
    "date": "2020-04-28",
    "symbol": "AKAM",
    "eps": 1.2,
    "epsEstimated": 1.15,
    "time": "amc",
    "revenue": 764302000,
    "revenueEstimated": 738825266,
    "updatedFromDate": "2025-04-22",
    "fiscalDateEnding": "2020-03-31"
  },
  {
    "date": "2020-02-11",
    "symbol": "AKAM",
    "eps": 1.23,
    "epsEstimated": 1.13,
    "time": "amc",
    "revenue": 772123000,
    "revenueEstimated": 709348772,
    "updatedFromDate": "2025-04-22",
    "fiscalDateEnding": "2019-12-31"
  },
  {
    "date": "2019-10-28",
    "symbol": "AKAM",
    "eps": 1.1,
    "epsEstimated": 1,
    "time": "amc",
    "revenue": 709912000,
    "revenueEstimated": 645374545,
    "updatedFromDate": "2025-04-22",
    "fiscalDateEnding": "2019-09-30"
  },
  {
    "date": "2019-07-30",
    "symbol": "AKAM",
    "eps": 1.07,
    "epsEstimated": 1.01,
    "time": "amc",
    "revenue": 705074000,
    "revenueEstimated": 658947663,
    "updatedFromDate": "2025-04-22",
    "fiscalDateEnding": "2019-06-30"
  },
  {
    "date": "2019-04-30",
    "symbol": "AKAM",
    "eps": 1.1,
    "epsEstimated": 1.02,
    "time": "amc",
    "revenue": 706508000,
    "revenueEstimated": 655125600,
    "updatedFromDate": "2025-04-22",
    "fiscalDateEnding": "2019-03-31"
  },
  {
    "date": "2019-02-12",
    "symbol": "AKAM",
    "eps": 1.07,
    "epsEstimated": 1,
    "time": "amc",
    "revenue": 713363000,
    "revenueEstimated": 666694392,
    "updatedFromDate": "2025-04-22",
    "fiscalDateEnding": "2018-12-31"
  },
  {
    "date": "2018-10-29",
    "symbol": "AKAM",
    "eps": 0.94,
    "epsEstimated": 0.83,
    "time": "amc",
    "revenue": 669628000,
    "revenueEstimated": 591242553,
    "updatedFromDate": "2025-04-22",
    "fiscalDateEnding": "2018-09-30"
  },
  {
    "date": "2018-07-31",
    "symbol": "AKAM",
    "eps": 0.83,
    "epsEstimated": 0.79,
    "time": "amc",
    "revenue": 662759000,
    "revenueEstimated": 638843373,
    "updatedFromDate": "2025-04-22",
    "fiscalDateEnding": "2018-06-30"
  },
  {
    "date": "2018-04-30",
    "symbol": "AKAM",
    "eps": 0.79,
    "epsEstimated": 0.7,
    "time": "amc",
    "revenue": 668724000,
    "revenueEstimated": 592518987,
    "updatedFromDate": "2025-04-22",
    "fiscalDateEnding": "2018-03-31"
  },
  {
    "date": "2018-02-06",
    "symbol": "AKAM",
    "eps": 0.69,
    "epsEstimated": 0.63,
    "time": "amc",
    "revenue": 663452000,
    "revenueEstimated": 601239130,
    "updatedFromDate": "2025-04-22",
    "fiscalDateEnding": "2017-12-31"
  },
  {
    "date": "2017-10-24",
    "symbol": "AKAM",
    "eps": 0.62,
    "epsEstimated": 0.59,
    "time": "amc",
    "revenue": 624440000,
    "revenueEstimated": 594187096,
    "updatedFromDate": "2025-04-22",
    "fiscalDateEnding": "2017-09-30"
  },
  {
    "date": "2017-07-25",
    "symbol": "AKAM",
    "eps": 0.62,
    "epsEstimated": 0.6,
    "time": "amc",
    "revenue": 605832000,
    "revenueEstimated": 586258064,
    "updatedFromDate": "2025-04-22",
    "fiscalDateEnding": "2017-06-30"
  },
  {
    "date": "2017-05-02",
    "symbol": "AKAM",
    "eps": 0.69,
    "epsEstimated": 0.67,
    "time": "amc",
    "revenue": 600293000,
    "revenueEstimated": 582900000,
    "updatedFromDate": "2025-04-22",
    "fiscalDateEnding": "2017-03-31"
  },
  {
    "date": "2017-02-07",
    "symbol": "AKAM",
    "eps": 0.72,
    "epsEstimated": 0.68,
    "time": "amc",
    "revenue": 616124000,
    "revenueEstimated": 581872222,
    "updatedFromDate": "2025-04-22",
    "fiscalDateEnding": "2016-12-31"
  },
  {
    "date": "2016-10-25",
    "symbol": "AKAM",
    "eps": 0.68,
    "epsEstimated": 0.61,
    "time": "amc",
    "revenue": 584065000,
    "revenueEstimated": 523972058,
    "updatedFromDate": "2025-04-22",
    "fiscalDateEnding": "2016-09-30"
  },
  {
    "date": "2016-07-26",
    "symbol": "AKAM",
    "eps": 0.64,
    "epsEstimated": 0.63,
    "time": "amc",
    "revenue": 572135000,
    "revenueEstimated": 572100000,
    "updatedFromDate": "2025-04-22",
    "fiscalDateEnding": "2016-06-30"
  }
]