[
  {
    "date": "2026-04-28",
    "symbol": "ALB",
    "eps": null,
    "epsEstimated": null,
    "time": "amc",
    "revenue": null,
    "revenueEstimated": null,
    "updatedFromDate": "2025-10-02",
    "fiscalDateEnding": "2026-03-30"
  },
  {
    "date": "2026-02-10",
    "symbol": "ALB",
    "eps": null,
    "epsEstimated": null,
    "time": "amc",
    "revenue": null,
    "revenueEstimated": null,
    "updatedFromDate": "2025-10-02",
    "fiscalDateEnding": "2025-12-30"
  },
  {
    "date": "2025-11-05",
    "symbol": "ALB",
    "eps": null,
    "epsEstimated": -0.97,
    "time": "amc",
    "revenue": null,
    "revenueEstimated": 1270988230,
    "updatedFromDate": "2025-10-02",
    "fiscalDateEnding": "2025-09-30"
  },
  {
    "date": "2025-07-30",
    "symbol": "ALB",
    "eps": 0.11,
    "epsEstimated": -0.83,
    "time": "amc",
    "revenue": 1329992000,
    "revenueEstimated": 1270988230,
    "updatedFromDate": "2025-10-02",
    "fiscalDateEnding": "2025-06-30"
  },
  {
    "date": "2025-04-30",
    "symbol": "ALB",
    "eps": -0.18,
    "epsEstimated": -0.62,
    "time": "amc",
    "revenue": 1076881000,
    "revenueEstimated": 1164398370,
    "updatedFromDate": "2025-07-30",
    "fiscalDateEnding": "2025-03-31"
  },
  {
    "date": "2025-02-12",
    "symbol": "ALB",
    "eps": -1.09,
    "epsEstimated": -0.6,
    "time": "amc",
    "revenue": 1231713000,
    "revenueEstimated": 1335781720,
    "updatedFromDate": "2025-05-12",
    "fiscalDateEnding": "2024-12-31"
  },
  {
    "date": "2024-11-06",
    "symbol": "ALB",
    "eps": -1.55,
    "epsEstimated": -0.43883,
    "time": "amc",
    "revenue": 1354692000,
    "revenueEstimated": 1365592503,
    "updatedFromDate": "2025-04-17",
    "fiscalDateEnding": "2024-09-30"
  },
  {
    "date": "2024-07-31",
    "symbol": "ALB",
    "eps": 0.04,
    "epsEstimated": 0.53,
    "time": "amc",
    "revenue": 1430385000,
    "revenueEstimated": 1337950000,
    "updatedFromDate": "2025-04-17",
    "fiscalDateEnding": "2024-06-30"
  },
  {
    "date": "2024-05-01",
    "symbol": "ALB",
    "eps": 0.26,
    "epsEstimated": 0.2527,
    "time": "amc",
    "revenue": 1360736000,
    "revenueEstimated": 1294372590,
    "updatedFromDate": "2025-04-17",
    "fiscalDateEnding": "2024-03-31"
  },
  {
    "date": "2024-02-14",
    "symbol": "ALB",
    "eps": 1.85,
    "epsEstimated": 0.99,
    "time": "amc",
    "revenue": 2356165000,
    "revenueEstimated": 2180040000,
    "updatedFromDate": "2025-04-17",
    "fiscalDateEnding": "2023-12-31"
  },
  {
    "date": "2023-11-01",
    "symbol": "ALB",
    "eps": 2.74,
    "epsEstimated": 3.99,
    "time": "amc",
    "revenue": 2310596000,
    "revenueEstimated": 2554000000,
    "updatedFromDate": "2025-04-17",
    "fiscalDateEnding": "2023-09-30"
  },
  {
    "date": "2023-08-02",
    "symbol": "ALB",
    "eps": 7.33,
    "epsEstimated": 4.27,
    "time": "amc",
    "revenue": 2370190000,
    "revenueEstimated": 2429670000,
    "updatedFromDate": "2025-04-17",
    "fiscalDateEnding": "2023-06-30"
  },
  {
    "date": "2023-05-03",
    "symbol": "ALB",
    "eps": 10.32,
    "epsEstimated": 6.93,
    "time": "amc",
    "revenue": 2580252000,
    "revenueEstimated": 2667530000,
    "updatedFromDate": "2025-04-17",
    "fiscalDateEnding": "2023-03-31"
  },
  {
    "date": "2023-02-15",
    "symbol": "ALB",
    "eps": 8.62,
    "epsEstimated": 8.28,
    "time": "amc",
    "revenue": 2620978000,
    "revenueEstimated": 2620887528,
    "updatedFromDate": "2025-04-17",
    "fiscalDateEnding": "2022-12-31"
  },
  {
    "date": "2022-11-02",
    "symbol": "ALB",
    "eps": 7.5,
    "epsEstimated": 6.84,
    "time": "amc",
    "revenue": 2091805000,
    "revenueEstimated": 2222466167,
    "updatedFromDate": "2025-04-17",
    "fiscalDateEnding": "2022-09-30"
  },
  {
    "date": "2022-08-03",
    "symbol": "ALB",
    "eps": 3.45,
    "epsEstimated": 3.26,
    "time": "amc",
    "revenue": 1479593000,
    "revenueEstimated": 1427008004,
    "updatedFromDate": "2025-04-17",
    "fiscalDateEnding": "2022-06-30"
  },
  {
    "date": "2022-05-04",
    "symbol": "ALB",
    "eps": 2.38,
    "epsEstimated": 1.63,
    "time": "amc",
    "revenue": 1127728000,
    "revenueEstimated": 1036120079,
    "updatedFromDate": "2025-04-17",
    "fiscalDateEnding": "2022-03-31"
  },
  {
    "date": "2022-02-16",
    "symbol": "ALB",
    "eps": 1.01,
    "epsEstimated": 0.96,
    "time": "amc",
    "revenue": 894204000,
    "revenueEstimated": 897257616,
    "updatedFromDate": "2025-04-17",
    "fiscalDateEnding": "2021-12-31"
  },
  {
    "date": "2021-11-03",
    "symbol": "ALB",
    "eps": 1.05,
    "epsEstimated": 0.75,
    "time": "amc",
    "revenue": 830566000,
    "revenueEstimated": 763240000,
    "updatedFromDate": "2025-04-17",
    "fiscalDateEnding": "2021-09-30"
  },
  {
    "date": "2021-08-04",
    "symbol": "ALB",
    "eps": 0.89,
    "epsEstimated": 0.83,
    "time": "amc",
    "revenue": 773896000,
    "revenueEstimated": 773896000,
    "updatedFromDate": "2025-04-17",
    "fiscalDateEnding": "2021-06-30"
  },
  {
    "date": "2021-05-05",
    "symbol": "ALB",
    "eps": 1.1,
    "epsEstimated": 0.8,
    "time": "amc",
    "revenue": 829291000,
    "revenueEstimated": 758580000,
    "updatedFromDate": "2025-04-17",
    "fiscalDateEnding": "2021-03-31"
  },
  {
    "date": "2021-02-17",
    "symbol": "ALB",
    "eps": 1.17,
    "epsEstimated": 1.15,
    "time": "amc",
    "revenue": 879147000,
    "revenueEstimated": 823201281,
    "updatedFromDate": "2025-04-17",
    "fiscalDateEnding": "2020-12-31"
  },
  {
    "date": "2020-11-04",
    "symbol": "ALB",
    "eps": 1.09,
    "epsEstimated": 0.78,
    "time": "amc",
    "revenue": 746868000,
    "revenueEstimated": 534455999,
    "updatedFromDate": "2025-04-17",
    "fiscalDateEnding": "2020-09-30"
  },
  {
    "date": "2020-08-05",
    "symbol": "ALB",
    "eps": 0.86,
    "epsEstimated": 0.73,
    "time": "amc",
    "revenue": 764049000,
    "revenueEstimated": 648553220,
    "updatedFromDate": "2025-04-17",
    "fiscalDateEnding": "2020-06-30"
  },
  {
    "date": "2020-05-06",
    "symbol": "ALB",
    "eps": 1,
    "epsEstimated": 0.83,
    "time": "amc",
    "revenue": 738845000,
    "revenueEstimated": 613241350,
    "updatedFromDate": "2025-04-17",
    "fiscalDateEnding": "2020-03-31"
  },
  {
    "date": "2020-02-19",
    "symbol": "ALB",
    "eps": 1.73,
    "epsEstimated": 1.75,
    "time": "amc",
    "revenue": 992564000,
    "revenueEstimated": 998301364,
    "updatedFromDate": "2025-04-17",
    "fiscalDateEnding": "2019-12-31"
  },
  {
    "date": "2019-11-06",
    "symbol": "ALB",
    "eps": 1.53,
    "epsEstimated": 1.56,
    "time": "amc",
    "revenue": 879747000,
    "revenueEstimated": 896996941,
    "updatedFromDate": "2025-04-17",
    "fiscalDateEnding": "2019-09-30"
  },
  {
    "date": "2019-08-07",
    "symbol": "ALB",
    "eps": 1.55,
    "epsEstimated": 1.44,
    "time": "amc",
    "revenue": 885052000,
    "revenueEstimated": 822241858,
    "updatedFromDate": "2025-04-17",
    "fiscalDateEnding": "2019-06-30"
  },
  {
    "date": "2019-05-08",
    "symbol": "ALB",
    "eps": 1.23,
    "epsEstimated": 1.22,
    "time": "amc",
    "revenue": 832064000,
    "revenueEstimated": 825299252,
    "updatedFromDate": "2025-04-17",
    "fiscalDateEnding": "2019-03-31"
  },
  {
    "date": "2019-02-20",
    "symbol": "ALB",
    "eps": 1.53,
    "epsEstimated": 1.47,
    "time": "amc",
    "revenue": 921699000,
    "revenueEstimated": 885553941,
    "updatedFromDate": "2025-04-17",
    "fiscalDateEnding": "2018-12-31"
  },
  {
    "date": "2018-11-07",
    "symbol": "ALB",
    "eps": 1.31,
    "epsEstimated": 1.25,
    "time": "amc",
    "revenue": 777748000,
    "revenueEstimated": 742125954,
    "updatedFromDate": "2025-04-17",
    "fiscalDateEnding": "2018-09-30"
  },
  {
    "date": "2018-08-07",
    "symbol": "ALB",
    "eps": 1.36,
    "epsEstimated": 1.28,
    "time": "amc",
    "revenue": 853874000,
    "revenueEstimated": 803670588,
    "updatedFromDate": "2025-04-17",
    "fiscalDateEnding": "2018-06-30"
  },
  {
    "date": "2018-05-09",
    "symbol": "ALB",
    "eps": 1.3,
    "epsEstimated": 1.21,
    "time": "amc",
    "revenue": 821629000,
    "revenueEstimated": 764719999,
    "updatedFromDate": "2025-04-17",
    "fiscalDateEnding": "2018-03-31"
  },
  {
    "date": "2018-02-27",
    "symbol": "ALB",
    "eps": 1.34,
    "epsEstimated": 1.21,
    "time": "amc",
    "revenue": 857789000,
    "revenueEstimated": 774580597,
    "updatedFromDate": "2025-04-17",
    "fiscalDateEnding": "2017-12-31"
  },
  {
    "date": "2017-11-08",
    "symbol": "ALB",
    "eps": 1.08,
    "epsEstimated": 1.07,
    "time": "amc",
    "revenue": 754866000,
    "revenueEstimated": 747910185,
    "updatedFromDate": "2025-04-17",
    "fiscalDateEnding": "2017-09-30"
  },
  {
    "date": "2017-08-07",
    "symbol": "ALB",
    "eps": 1.13,
    "epsEstimated": 1.11,
    "time": "amc",
    "revenue": 737258000,
    "revenueEstimated": 724250442,
    "updatedFromDate": "2025-04-17",
    "fiscalDateEnding": "2017-06-30"
  },
  {
    "date": "2017-05-03",
    "symbol": "ALB",
    "eps": 1.05,
    "epsEstimated": 0.95,
    "time": "amc",
    "revenue": 722063000,
    "revenueEstimated": 667082857,
    "updatedFromDate": "2025-04-17",
    "fiscalDateEnding": "2017-03-31"
  },
  {
    "date": "2017-02-27",
    "symbol": "ALB",
    "eps": 0.78,
    "epsEstimated": 0.75,
    "time": "amc",
    "revenue": 696655000,
    "revenueEstimated": 652039743,
    "updatedFromDate": "2025-04-17",
    "fiscalDateEnding": "2016-12-31"
  },
  {
    "date": "2016-11-07",
    "symbol": "ALB",
    "eps": 0.91,
    "epsEstimated": 0.81,
    "time": "amc",
    "revenue": 654010000,
    "revenueEstimated": 582131868,
    "updatedFromDate": "2025-04-17",
    "fiscalDateEnding": "2016-09-30"
  },
  {
    "date": "2016-08-03",
    "symbol": "ALB",
    "eps": 1.09,
    "epsEstimated": 1,
    "time": "amc",
    "revenue": 669327000,
    "revenueEstimated": 712480645,
    "updatedFromDate": "2025-04-17",
    "fiscalDateEnding": "2016-06-30"
  }
]