[
  {
    "date": "2026-04-28",
    "symbol": "ALGN",
    "eps": null,
    "epsEstimated": null,
    "time": "amc",
    "revenue": null,
    "revenueEstimated": null,
    "updatedFromDate": "2025-09-30",
    "fiscalDateEnding": "2026-03-30"
  },
  {
    "date": "2026-02-03",
    "symbol": "ALGN",
    "eps": null,
    "epsEstimated": null,
    "time": "amc",
    "revenue": null,
    "revenueEstimated": null,
    "updatedFromDate": "2025-09-30",
    "fiscalDateEnding": "2025-12-30"
  },
  {
    "date": "2025-10-22",
    "symbol": "ALGN",
    "eps": null,
    "epsEstimated": 2.38,
    "time": "bmo",
    "revenue": null,
    "revenueEstimated": null,
    "updatedFromDate": "2025-09-30",
    "fiscalDateEnding": "2025-09-30"
  },
  {
    "date": "2025-07-30",
    "symbol": "ALGN",
    "eps": 2.49,
    "epsEstimated": 2.57,
    "time": "amc",
    "revenue": 1012449000,
    "revenueEstimated": 1022089490,
    "updatedFromDate": "2025-09-30",
    "fiscalDateEnding": "2025-06-30"
  },
  {
    "date": "2025-04-30",
    "symbol": "ALGN",
    "eps": 2.13,
    "epsEstimated": 1.99,
    "time": "amc",
    "revenue": 979262000,
    "revenueEstimated": 975246787,
    "updatedFromDate": "2025-07-21",
    "fiscalDateEnding": "2025-03-31"
  },
  {
    "date": "2025-02-05",
    "symbol": "ALGN",
    "eps": 2.44,
    "epsEstimated": 2.43,
    "time": "amc",
    "revenue": 995219000,
    "revenueEstimated": 999155080,
    "updatedFromDate": "2025-05-05",
    "fiscalDateEnding": "2024-12-31"
  },
  {
    "date": "2024-10-23",
    "symbol": "ALGN",
    "eps": 2.35,
    "epsEstimated": 2.31,
    "time": "amc",
    "revenue": 977872000,
    "revenueEstimated": 990046373,
    "updatedFromDate": "2025-04-24",
    "fiscalDateEnding": "2024-09-30"
  },
  {
    "date": "2024-07-24",
    "symbol": "ALGN",
    "eps": 2.41,
    "epsEstimated": 2.34,
    "time": "amc",
    "revenue": 1028490000,
    "revenueEstimated": 1037716210,
    "updatedFromDate": "2025-04-24",
    "fiscalDateEnding": "2024-06-30"
  },
  {
    "date": "2024-04-24",
    "symbol": "ALGN",
    "eps": 2.14,
    "epsEstimated": 1.97,
    "time": "amc",
    "revenue": 997431000,
    "revenueEstimated": 974530763,
    "updatedFromDate": "2025-04-24",
    "fiscalDateEnding": "2024-03-31"
  },
  {
    "date": "2024-01-31",
    "symbol": "ALGN",
    "eps": 2.42,
    "epsEstimated": 2.18,
    "time": "amc",
    "revenue": 956726000,
    "revenueEstimated": 932540000,
    "updatedFromDate": "2025-04-24",
    "fiscalDateEnding": "2023-12-31"
  },
  {
    "date": "2023-10-25",
    "symbol": "ALGN",
    "eps": 2.14,
    "epsEstimated": 2.26,
    "time": "amc",
    "revenue": 960214000,
    "revenueEstimated": 996480000,
    "updatedFromDate": "2025-04-24",
    "fiscalDateEnding": "2023-09-30"
  },
  {
    "date": "2023-07-26",
    "symbol": "ALGN",
    "eps": 2.22,
    "epsEstimated": 2.02,
    "time": "amc",
    "revenue": 1002173000,
    "revenueEstimated": 991600000,
    "updatedFromDate": "2025-04-24",
    "fiscalDateEnding": "2023-06-30"
  },
  {
    "date": "2023-04-26",
    "symbol": "ALGN",
    "eps": 1.82,
    "epsEstimated": 1.69,
    "time": "amc",
    "revenue": 943147000,
    "revenueEstimated": 903200000,
    "updatedFromDate": "2025-04-24",
    "fiscalDateEnding": "2023-03-31"
  },
  {
    "date": "2023-02-01",
    "symbol": "ALGN",
    "eps": 1.73,
    "epsEstimated": 1.52,
    "time": "amc",
    "revenue": 901515000,
    "revenueEstimated": 891812328,
    "updatedFromDate": "2025-04-24",
    "fiscalDateEnding": "2022-12-31"
  },
  {
    "date": "2022-10-26",
    "symbol": "ALGN",
    "eps": 1.36,
    "epsEstimated": 2.21,
    "time": "amc",
    "revenue": 890348000,
    "revenueEstimated": 963757528,
    "updatedFromDate": "2025-04-24",
    "fiscalDateEnding": "2022-09-30"
  },
  {
    "date": "2022-07-27",
    "symbol": "ALGN",
    "eps": 2,
    "epsEstimated": 2.12,
    "time": "amc",
    "revenue": 969553000,
    "revenueEstimated": 984655443,
    "updatedFromDate": "2025-04-24",
    "fiscalDateEnding": "2022-06-30"
  },
  {
    "date": "2022-04-27",
    "symbol": "ALGN",
    "eps": 2.13,
    "epsEstimated": 2.22,
    "time": "amc",
    "revenue": 973219000,
    "revenueEstimated": 1001971838,
    "updatedFromDate": "2025-04-24",
    "fiscalDateEnding": "2022-03-31"
  },
  {
    "date": "2022-02-02",
    "symbol": "ALGN",
    "eps": 2.83,
    "epsEstimated": 2.71,
    "time": "amc",
    "revenue": 1031099000,
    "revenueEstimated": 1023309334,
    "updatedFromDate": "2025-04-24",
    "fiscalDateEnding": "2021-12-31"
  },
  {
    "date": "2021-10-27",
    "symbol": "ALGN",
    "eps": 2.87,
    "epsEstimated": 2.6,
    "time": "amc",
    "revenue": 1015906000,
    "revenueEstimated": 980320000,
    "updatedFromDate": "2025-04-24",
    "fiscalDateEnding": "2021-09-30"
  },
  {
    "date": "2021-07-28",
    "symbol": "ALGN",
    "eps": 3.04,
    "epsEstimated": 2.53,
    "time": "amc",
    "revenue": 1010808000,
    "revenueEstimated": 980320000,
    "updatedFromDate": "2025-04-24",
    "fiscalDateEnding": "2021-06-30"
  },
  {
    "date": "2021-04-28",
    "symbol": "ALGN",
    "eps": 2.49,
    "epsEstimated": 2.02,
    "time": "amc",
    "revenue": 894771000,
    "revenueEstimated": 686581707,
    "updatedFromDate": "2025-04-24",
    "fiscalDateEnding": "2021-03-31"
  },
  {
    "date": "2021-02-03",
    "symbol": "ALGN",
    "eps": 2.61,
    "epsEstimated": 2.14,
    "time": "amc",
    "revenue": 834520000,
    "revenueEstimated": 651237570,
    "updatedFromDate": "2025-04-24",
    "fiscalDateEnding": "2020-12-31"
  },
  {
    "date": "2020-10-21",
    "symbol": "ALGN",
    "eps": 2.25,
    "epsEstimated": 0.64,
    "time": "amc",
    "revenue": 734144000,
    "revenueEstimated": 487587586,
    "updatedFromDate": "2025-04-24",
    "fiscalDateEnding": "2020-09-30"
  },
  {
    "date": "2020-07-22",
    "symbol": "ALGN",
    "eps": -0.35,
    "epsEstimated": -0.05913,
    "time": "amc",
    "revenue": 352314000,
    "revenueEstimated": 50330571,
    "updatedFromDate": "2025-04-24",
    "fiscalDateEnding": "2020-06-30"
  },
  {
    "date": "2020-04-29",
    "symbol": "ALGN",
    "eps": 0.73,
    "epsEstimated": 1.07,
    "time": "amc",
    "revenue": 550963000,
    "revenueEstimated": 754743835,
    "updatedFromDate": "2025-04-24",
    "fiscalDateEnding": "2020-03-31"
  },
  {
    "date": "2020-01-29",
    "symbol": "ALGN",
    "eps": 1.53,
    "epsEstimated": 1.4,
    "time": "amc",
    "revenue": 649787000,
    "revenueEstimated": 594576339,
    "updatedFromDate": "2025-04-24",
    "fiscalDateEnding": "2019-12-31"
  },
  {
    "date": "2019-10-23",
    "symbol": "ALGN",
    "eps": 1.28,
    "epsEstimated": 1.14,
    "time": "amc",
    "revenue": 607341000,
    "revenueEstimated": 540913078,
    "updatedFromDate": "2025-04-24",
    "fiscalDateEnding": "2019-09-30"
  },
  {
    "date": "2019-07-24",
    "symbol": "ALGN",
    "eps": 1.33,
    "epsEstimated": 1.51,
    "time": "amc",
    "revenue": 600697000,
    "revenueEstimated": 495657087,
    "updatedFromDate": "2025-04-24",
    "fiscalDateEnding": "2019-06-30"
  },
  {
    "date": "2019-04-24",
    "symbol": "ALGN",
    "eps": 0.89,
    "epsEstimated": 0.83,
    "time": "amc",
    "revenue": 548971000,
    "revenueEstimated": 518129932,
    "updatedFromDate": "2025-04-24",
    "fiscalDateEnding": "2019-03-31"
  },
  {
    "date": "2019-01-29",
    "symbol": "ALGN",
    "eps": 1.2,
    "epsEstimated": 1.15,
    "time": "amc",
    "revenue": 534020000,
    "revenueEstimated": 511769166,
    "updatedFromDate": "2025-04-24",
    "fiscalDateEnding": "2018-12-31"
  },
  {
    "date": "2018-10-24",
    "symbol": "ALGN",
    "eps": 1.24,
    "epsEstimated": 1.19,
    "time": "amc",
    "revenue": 505289000,
    "revenueEstimated": 484924999,
    "updatedFromDate": "2025-04-24",
    "fiscalDateEnding": "2018-09-30"
  },
  {
    "date": "2018-07-25",
    "symbol": "ALGN",
    "eps": 1.3,
    "epsEstimated": 1.09,
    "time": "amc",
    "revenue": 490259000,
    "revenueEstimated": 411097692,
    "updatedFromDate": "2025-04-24",
    "fiscalDateEnding": "2018-06-30"
  },
  {
    "date": "2018-04-25",
    "symbol": "ALGN",
    "eps": 1.17,
    "epsEstimated": 0.98,
    "time": "amc",
    "revenue": 436924000,
    "revenueEstimated": 365950427,
    "updatedFromDate": "2025-04-24",
    "fiscalDateEnding": "2018-03-31"
  },
  {
    "date": "2018-01-30",
    "symbol": "ALGN",
    "eps": 1.19,
    "epsEstimated": 0.96,
    "time": "amc",
    "revenue": 421323000,
    "revenueEstimated": 339872268,
    "updatedFromDate": "2025-04-24",
    "fiscalDateEnding": "2017-12-31"
  },
  {
    "date": "2017-10-26",
    "symbol": "ALGN",
    "eps": 1.01,
    "epsEstimated": 0.82,
    "time": "amc",
    "revenue": 385267000,
    "revenueEstimated": 312817821,
    "updatedFromDate": "2025-04-24",
    "fiscalDateEnding": "2017-09-30"
  },
  {
    "date": "2017-07-27",
    "symbol": "ALGN",
    "eps": 0.85,
    "epsEstimated": 0.73,
    "time": "amc",
    "revenue": 356482000,
    "revenueEstimated": 306170588,
    "updatedFromDate": "2025-04-24",
    "fiscalDateEnding": "2017-06-30"
  },
  {
    "date": "2017-04-27",
    "symbol": "ALGN",
    "eps": 0.85,
    "epsEstimated": 0.67,
    "time": "amc",
    "revenue": 310341000,
    "revenueEstimated": 244589411,
    "updatedFromDate": "2025-04-24",
    "fiscalDateEnding": "2017-03-31"
  },
  {
    "date": "2017-01-31",
    "symbol": "ALGN",
    "eps": 0.67,
    "epsEstimated": 0.66,
    "time": "amc",
    "revenue": 293203000,
    "revenueEstimated": 288823880,
    "updatedFromDate": "2025-04-24",
    "fiscalDateEnding": "2016-12-31"
  },
  {
    "date": "2016-11-07",
    "symbol": "ALGN",
    "eps": 0.64,
    "epsEstimated": 0.52,
    "time": "amc",
    "revenue": 278589000,
    "revenueEstimated": 229955555,
    "updatedFromDate": "2025-04-24",
    "fiscalDateEnding": "2016-09-30"
  },
  {
    "date": "2016-07-28",
    "symbol": "ALGN",
    "eps": 0.62,
    "epsEstimated": 0.48,
    "time": "amc",
    "revenue": 269362000,
    "revenueEstimated": 208567741,
    "updatedFromDate": "2025-04-24",
    "fiscalDateEnding": "2016-06-30"
  }
]