[
  {
    "date": "2026-04-28",
    "symbol": "ALL",
    "eps": null,
    "epsEstimated": null,
    "time": "amc",
    "revenue": null,
    "revenueEstimated": null,
    "updatedFromDate": "2025-10-02",
    "fiscalDateEnding": "2026-03-30"
  },
  {
    "date": "2026-02-03",
    "symbol": "ALL",
    "eps": null,
    "epsEstimated": null,
    "time": "amc",
    "revenue": null,
    "revenueEstimated": null,
    "updatedFromDate": "2025-10-02",
    "fiscalDateEnding": "2025-12-30"
  },
  {
    "date": "2025-10-29",
    "symbol": "ALL",
    "eps": null,
    "epsEstimated": 5.48,
    "time": "bmo",
    "revenue": null,
    "revenueEstimated": 16587257500,
    "updatedFromDate": "2025-10-02",
    "fiscalDateEnding": "2025-09-30"
  },
  {
    "date": "2025-07-30",
    "symbol": "ALL",
    "eps": 5.94,
    "epsEstimated": 3.25,
    "time": "amc",
    "revenue": 16620000000,
    "revenueEstimated": 15207767592,
    "updatedFromDate": "2025-10-02",
    "fiscalDateEnding": "2025-06-30"
  },
  {
    "date": "2025-04-30",
    "symbol": "ALL",
    "eps": 3.53,
    "epsEstimated": 2.52,
    "time": "amc",
    "revenue": 16457000000,
    "revenueEstimated": 14052098567,
    "updatedFromDate": "2025-07-30",
    "fiscalDateEnding": "2025-03-31"
  },
  {
    "date": "2025-02-05",
    "symbol": "ALL",
    "eps": 7.67,
    "epsEstimated": 5.4,
    "time": "amc",
    "revenue": 16506000000,
    "revenueEstimated": 13723770543,
    "updatedFromDate": "2025-05-05",
    "fiscalDateEnding": "2024-12-31"
  },
  {
    "date": "2024-10-30",
    "symbol": "ALL",
    "eps": 3.91,
    "epsEstimated": 2.36,
    "time": "amc",
    "revenue": 16627000000,
    "revenueEstimated": 14566096485,
    "updatedFromDate": "2025-04-25",
    "fiscalDateEnding": "2024-09-30"
  },
  {
    "date": "2024-07-31",
    "symbol": "ALL",
    "eps": 1.61,
    "epsEstimated": 0.2784,
    "time": "amc",
    "revenue": 15714000000,
    "revenueEstimated": 14044926467,
    "updatedFromDate": "2025-04-25",
    "fiscalDateEnding": "2024-06-30"
  },
  {
    "date": "2024-05-01",
    "symbol": "ALL",
    "eps": 5.13,
    "epsEstimated": 3.94,
    "time": "amc",
    "revenue": 15259000000,
    "revenueEstimated": 12758001804,
    "updatedFromDate": "2025-04-25",
    "fiscalDateEnding": "2024-03-31"
  },
  {
    "date": "2024-02-07",
    "symbol": "ALL",
    "eps": 5.82,
    "epsEstimated": 3.99,
    "time": "amc",
    "revenue": 14832000000,
    "revenueEstimated": 12694230743,
    "updatedFromDate": "2025-04-25",
    "fiscalDateEnding": "2023-12-31"
  },
  {
    "date": "2023-11-01",
    "symbol": "ALL",
    "eps": 0.81,
    "epsEstimated": 0.39,
    "time": "amc",
    "revenue": 13208000000,
    "revenueEstimated": 13243100000,
    "updatedFromDate": "2025-04-25",
    "fiscalDateEnding": "2023-09-30"
  },
  {
    "date": "2023-08-01",
    "symbol": "ALL",
    "eps": -4.42,
    "epsEstimated": -3.83,
    "time": "amc",
    "revenue": 13979000000,
    "revenueEstimated": 12519500000,
    "updatedFromDate": "2025-04-25",
    "fiscalDateEnding": "2023-06-30"
  },
  {
    "date": "2023-05-03",
    "symbol": "ALL",
    "eps": -1.3,
    "epsEstimated": -1.94,
    "time": "amc",
    "revenue": 13786000000,
    "revenueEstimated": 11747300000,
    "updatedFromDate": "2025-04-25",
    "fiscalDateEnding": "2023-03-31"
  },
  {
    "date": "2023-02-01",
    "symbol": "ALL",
    "eps": -1.36,
    "epsEstimated": -1.37,
    "time": "amc",
    "revenue": 13647000000,
    "revenueEstimated": 11386429706,
    "updatedFromDate": "2025-04-25",
    "fiscalDateEnding": "2022-12-31"
  },
  {
    "date": "2022-11-02",
    "symbol": "ALL",
    "eps": -1.56,
    "epsEstimated": -1.57,
    "time": "amc",
    "revenue": 13208000000,
    "revenueEstimated": 11661662240,
    "updatedFromDate": "2025-04-25",
    "fiscalDateEnding": "2022-09-30"
  },
  {
    "date": "2022-08-03",
    "symbol": "ALL",
    "eps": -0.76,
    "epsEstimated": -1.26,
    "time": "amc",
    "revenue": 12220000000,
    "revenueEstimated": 10956689459,
    "updatedFromDate": "2025-04-25",
    "fiscalDateEnding": "2022-06-30"
  },
  {
    "date": "2022-05-04",
    "symbol": "ALL",
    "eps": 2.58,
    "epsEstimated": 2.9,
    "time": "amc",
    "revenue": 12337000000,
    "revenueEstimated": 10466271884,
    "updatedFromDate": "2025-04-25",
    "fiscalDateEnding": "2022-03-31"
  },
  {
    "date": "2022-02-02",
    "symbol": "ALL",
    "eps": 2.75,
    "epsEstimated": 2.76,
    "time": "amc",
    "revenue": 13011000000,
    "revenueEstimated": 10068220083,
    "updatedFromDate": "2025-04-25",
    "fiscalDateEnding": "2021-12-31"
  },
  {
    "date": "2021-11-03",
    "symbol": "ALL",
    "eps": 0.73,
    "epsEstimated": 1.62,
    "time": "amc",
    "revenue": 12480000000,
    "revenueEstimated": 10601500000,
    "updatedFromDate": "2025-04-25",
    "fiscalDateEnding": "2021-09-30"
  },
  {
    "date": "2021-08-04",
    "symbol": "ALL",
    "eps": 3.79,
    "epsEstimated": 3.17,
    "time": "amc",
    "revenue": 12646000000,
    "revenueEstimated": 10323000000,
    "updatedFromDate": "2025-04-25",
    "fiscalDateEnding": "2021-06-30"
  },
  {
    "date": "2021-05-05",
    "symbol": "ALL",
    "eps": 6.11,
    "epsEstimated": 3.85,
    "time": "amc",
    "revenue": 12451000000,
    "revenueEstimated": 5824372422,
    "updatedFromDate": "2025-04-25",
    "fiscalDateEnding": "2021-03-31"
  },
  {
    "date": "2021-02-03",
    "symbol": "ALL",
    "eps": 5.87,
    "epsEstimated": 3.82,
    "time": "amc",
    "revenue": 12018000000,
    "revenueEstimated": 6072086614,
    "updatedFromDate": "2025-04-25",
    "fiscalDateEnding": "2020-12-31"
  },
  {
    "date": "2020-11-04",
    "symbol": "ALL",
    "eps": 2.94,
    "epsEstimated": 1.66,
    "time": "amc",
    "revenue": 11500000000,
    "revenueEstimated": 9773268070,
    "updatedFromDate": "2025-04-25",
    "fiscalDateEnding": "2020-09-30"
  },
  {
    "date": "2020-08-04",
    "symbol": "ALL",
    "eps": 2.46,
    "epsEstimated": 1.41,
    "time": "amc",
    "revenue": 11197000000,
    "revenueEstimated": 6353739837,
    "updatedFromDate": "2025-04-25",
    "fiscalDateEnding": "2020-06-30"
  },
  {
    "date": "2020-05-05",
    "symbol": "ALL",
    "eps": 3.54,
    "epsEstimated": 3.12,
    "time": "amc",
    "revenue": 10076000000,
    "revenueEstimated": 10002683615,
    "updatedFromDate": "2025-04-25",
    "fiscalDateEnding": "2020-03-31"
  },
  {
    "date": "2020-02-04",
    "symbol": "ALL",
    "eps": 3.13,
    "epsEstimated": 3.12,
    "time": "amc",
    "revenue": 11472000000,
    "revenueEstimated": 10435284345,
    "updatedFromDate": "2025-04-25",
    "fiscalDateEnding": "2019-12-31"
  },
  {
    "date": "2019-10-29",
    "symbol": "ALL",
    "eps": 2.84,
    "epsEstimated": 2.64,
    "time": "amc",
    "revenue": 11069000000,
    "revenueEstimated": 9288338028,
    "updatedFromDate": "2025-04-25",
    "fiscalDateEnding": "2019-09-30"
  },
  {
    "date": "2019-07-30",
    "symbol": "ALL",
    "eps": 2.18,
    "epsEstimated": 1.54,
    "time": "amc",
    "revenue": 11144000000,
    "revenueEstimated": 6978036697,
    "updatedFromDate": "2025-04-25",
    "fiscalDateEnding": "2019-06-30"
  },
  {
    "date": "2019-05-01",
    "symbol": "ALL",
    "eps": 2.3,
    "epsEstimated": 2.29,
    "time": "amc",
    "revenue": 10990000000,
    "revenueEstimated": 9595826086,
    "updatedFromDate": "2025-04-25",
    "fiscalDateEnding": "2019-03-31"
  },
  {
    "date": "2019-02-05",
    "symbol": "ALL",
    "eps": 1.24,
    "epsEstimated": 1.01,
    "time": "amc",
    "revenue": 9481000000,
    "revenueEstimated": 8506370967,
    "updatedFromDate": "2025-04-25",
    "fiscalDateEnding": "2018-12-31"
  },
  {
    "date": "2018-10-31",
    "symbol": "ALL",
    "eps": 1.93,
    "epsEstimated": 2.21,
    "time": "amc",
    "revenue": 10465000000,
    "revenueEstimated": 10815259067,
    "updatedFromDate": "2025-04-25",
    "fiscalDateEnding": "2018-09-30"
  },
  {
    "date": "2018-08-01",
    "symbol": "ALL",
    "eps": 1.9,
    "epsEstimated": 1.49,
    "time": "amc",
    "revenue": 10099000000,
    "revenueEstimated": 7293157894,
    "updatedFromDate": "2025-04-25",
    "fiscalDateEnding": "2018-06-30"
  },
  {
    "date": "2018-05-01",
    "symbol": "ALL",
    "eps": 2.96,
    "epsEstimated": 2.61,
    "time": "amc",
    "revenue": 9770000000,
    "revenueEstimated": 8039858108,
    "updatedFromDate": "2025-04-25",
    "fiscalDateEnding": "2018-03-31"
  },
  {
    "date": "2018-02-07",
    "symbol": "ALL",
    "eps": 2.09,
    "epsEstimated": 1.5,
    "time": "amc",
    "revenue": 9843000000,
    "revenueEstimated": 6444301435,
    "updatedFromDate": "2025-04-25",
    "fiscalDateEnding": "2017-12-31"
  },
  {
    "date": "2017-11-01",
    "symbol": "ALL",
    "eps": 1.6,
    "epsEstimated": 0.87,
    "time": "amc",
    "revenue": 9660000000,
    "revenueEstimated": 8656525859,
    "updatedFromDate": "2025-04-25",
    "fiscalDateEnding": "2017-09-30"
  },
  {
    "date": "2017-08-01",
    "symbol": "ALL",
    "eps": 1.38,
    "epsEstimated": 0.88,
    "time": "amc",
    "revenue": 9587000000,
    "revenueEstimated": 5489797101,
    "updatedFromDate": "2025-04-25",
    "fiscalDateEnding": "2017-06-30"
  },
  {
    "date": "2017-05-02",
    "symbol": "ALL",
    "eps": 1.64,
    "epsEstimated": 1.1,
    "time": "amc",
    "revenue": 9434000000,
    "revenueEstimated": 5736097560,
    "updatedFromDate": "2025-04-25",
    "fiscalDateEnding": "2017-03-31"
  },
  {
    "date": "2017-02-01",
    "symbol": "ALL",
    "eps": 2.17,
    "epsEstimated": 1.63,
    "time": "amc",
    "revenue": 9278000000,
    "revenueEstimated": 6366013824,
    "updatedFromDate": "2025-04-25",
    "fiscalDateEnding": "2016-12-31"
  },
  {
    "date": "2016-11-02",
    "symbol": "ALL",
    "eps": 1.26,
    "epsEstimated": 1.25,
    "time": "amc",
    "revenue": 9221000000,
    "revenueEstimated": 8373015873,
    "updatedFromDate": "2025-04-25",
    "fiscalDateEnding": "2016-09-30"
  },
  {
    "date": "2016-08-03",
    "symbol": "ALL",
    "eps": 0.62,
    "epsEstimated": 0.58,
    "time": "amc",
    "revenue": 9164000000,
    "revenueEstimated": 7837483870,
    "updatedFromDate": "2025-04-25",
    "fiscalDateEnding": "2016-06-30"
  }
]