[
  {
    "date": "2026-04-22",
    "symbol": "ALLE",
    "eps": null,
    "epsEstimated": null,
    "time": "bmo",
    "revenue": null,
    "revenueEstimated": null,
    "updatedFromDate": "2025-10-02",
    "fiscalDateEnding": "2026-03-30"
  },
  {
    "date": "2026-02-16",
    "symbol": "ALLE",
    "eps": null,
    "epsEstimated": null,
    "time": "bmo",
    "revenue": null,
    "revenueEstimated": null,
    "updatedFromDate": "2025-10-02",
    "fiscalDateEnding": "2025-12-30"
  },
  {
    "date": "2025-10-23",
    "symbol": "ALLE",
    "eps": null,
    "epsEstimated": 2.21,
    "time": "bmo",
    "revenue": null,
    "revenueEstimated": 1049561230,
    "updatedFromDate": "2025-10-02",
    "fiscalDateEnding": "2025-09-30"
  },
  {
    "date": "2025-07-24",
    "symbol": "ALLE",
    "eps": 2.04,
    "epsEstimated": 1.99,
    "time": "bmo",
    "revenue": 1022000000,
    "revenueEstimated": 1001924767,
    "updatedFromDate": "2025-10-02",
    "fiscalDateEnding": "2025-06-30"
  },
  {
    "date": "2025-04-24",
    "symbol": "ALLE",
    "eps": 1.86,
    "epsEstimated": 1.67,
    "time": "bmo",
    "revenue": 941900000,
    "revenueEstimated": 920877074,
    "updatedFromDate": "2025-07-23",
    "fiscalDateEnding": "2025-03-31"
  },
  {
    "date": "2025-02-18",
    "symbol": "ALLE",
    "eps": 1.86,
    "epsEstimated": 1.75,
    "time": "bmo",
    "revenue": 945600000,
    "revenueEstimated": 921161020,
    "updatedFromDate": "2025-05-18",
    "fiscalDateEnding": "2024-12-31"
  },
  {
    "date": "2024-10-24",
    "symbol": "ALLE",
    "eps": 2.16,
    "epsEstimated": 1.98,
    "time": "bmo",
    "revenue": 967100000,
    "revenueEstimated": 939037450,
    "updatedFromDate": "2025-04-25",
    "fiscalDateEnding": "2024-09-30"
  },
  {
    "date": "2024-07-24",
    "symbol": "ALLE",
    "eps": 1.96,
    "epsEstimated": 1.84,
    "time": "bmo",
    "revenue": 965600000,
    "revenueEstimated": 953629924,
    "updatedFromDate": "2025-04-25",
    "fiscalDateEnding": "2024-06-30"
  },
  {
    "date": "2024-04-25",
    "symbol": "ALLE",
    "eps": 1.55,
    "epsEstimated": 1.45,
    "time": "bmo",
    "revenue": 893900000,
    "revenueEstimated": 888267066,
    "updatedFromDate": "2025-04-25",
    "fiscalDateEnding": "2024-03-31"
  },
  {
    "date": "2024-02-20",
    "symbol": "ALLE",
    "eps": 1.68,
    "epsEstimated": 1.59,
    "time": "bmo",
    "revenue": 897400000,
    "revenueEstimated": 902100000,
    "updatedFromDate": "2025-04-25",
    "fiscalDateEnding": "2023-12-31"
  },
  {
    "date": "2023-10-31",
    "symbol": "ALLE",
    "eps": 1.94,
    "epsEstimated": 1.73,
    "time": "bmo",
    "revenue": 917900000,
    "revenueEstimated": 910410000,
    "updatedFromDate": "2025-04-25",
    "fiscalDateEnding": "2023-09-30"
  },
  {
    "date": "2023-07-26",
    "symbol": "ALLE",
    "eps": 1.76,
    "epsEstimated": 1.71,
    "time": "bmo",
    "revenue": 912500000,
    "revenueEstimated": 938220000,
    "updatedFromDate": "2025-04-25",
    "fiscalDateEnding": "2023-06-30"
  },
  {
    "date": "2023-04-26",
    "symbol": "ALLE",
    "eps": 1.58,
    "epsEstimated": 1.36,
    "time": "bmo",
    "revenue": 923000000,
    "revenueEstimated": 844800000,
    "updatedFromDate": "2025-04-25",
    "fiscalDateEnding": "2023-03-31"
  },
  {
    "date": "2023-02-22",
    "symbol": "ALLE",
    "eps": 1.6,
    "epsEstimated": 1.39,
    "time": "bmo",
    "revenue": 861500000,
    "revenueEstimated": 849468204,
    "updatedFromDate": "2025-04-25",
    "fiscalDateEnding": "2022-12-31"
  },
  {
    "date": "2022-10-27",
    "symbol": "ALLE",
    "eps": 1.64,
    "epsEstimated": 1.47,
    "time": "bmo",
    "revenue": 913700000,
    "revenueEstimated": 872687011,
    "updatedFromDate": "2025-04-25",
    "fiscalDateEnding": "2022-09-30"
  },
  {
    "date": "2022-07-28",
    "symbol": "ALLE",
    "eps": 1.37,
    "epsEstimated": 1.33,
    "time": "bmo",
    "revenue": 773100000,
    "revenueEstimated": 773773271,
    "updatedFromDate": "2025-04-25",
    "fiscalDateEnding": "2022-06-30"
  },
  {
    "date": "2022-04-26",
    "symbol": "ALLE",
    "eps": 1.07,
    "epsEstimated": 0.98,
    "time": "bmo",
    "revenue": 723600000,
    "revenueEstimated": 696748162,
    "updatedFromDate": "2025-04-25",
    "fiscalDateEnding": "2022-03-31"
  },
  {
    "date": "2022-02-15",
    "symbol": "ALLE",
    "eps": 1.11,
    "epsEstimated": 1.02,
    "time": "bmo",
    "revenue": 709200000,
    "revenueEstimated": 679501758,
    "updatedFromDate": "2025-04-25",
    "fiscalDateEnding": "2021-12-31"
  },
  {
    "date": "2021-10-21",
    "symbol": "ALLE",
    "eps": 1.56,
    "epsEstimated": 1.29,
    "time": "bmo",
    "revenue": 717000000,
    "revenueEstimated": 756240000,
    "updatedFromDate": "2025-04-25",
    "fiscalDateEnding": "2021-09-30"
  },
  {
    "date": "2021-07-22",
    "symbol": "ALLE",
    "eps": 1.32,
    "epsEstimated": 1.32,
    "time": "bmo",
    "revenue": 746900000,
    "revenueEstimated": 756240000,
    "updatedFromDate": "2025-04-25",
    "fiscalDateEnding": "2021-06-30"
  },
  {
    "date": "2021-04-22",
    "symbol": "ALLE",
    "eps": 1.2,
    "epsEstimated": 1.02,
    "time": "bmo",
    "revenue": 694300000,
    "revenueEstimated": 642000000,
    "updatedFromDate": "2025-04-25",
    "fiscalDateEnding": "2021-03-31"
  },
  {
    "date": "2021-02-16",
    "symbol": "ALLE",
    "eps": 1.49,
    "epsEstimated": 1.17,
    "time": "bmo",
    "revenue": 727300000,
    "revenueEstimated": 543947058,
    "updatedFromDate": "2025-04-25",
    "fiscalDateEnding": "2020-12-31"
  },
  {
    "date": "2020-10-22",
    "symbol": "ALLE",
    "eps": 1.67,
    "epsEstimated": 1.22,
    "time": "bmo",
    "revenue": 728400000,
    "revenueEstimated": 532124550,
    "updatedFromDate": "2025-04-25",
    "fiscalDateEnding": "2020-09-30"
  },
  {
    "date": "2020-07-23",
    "symbol": "ALLE",
    "eps": 0.92,
    "epsEstimated": 0.84,
    "time": "bmo",
    "revenue": 589500000,
    "revenueEstimated": 538239130,
    "updatedFromDate": "2025-04-25",
    "fiscalDateEnding": "2020-06-30"
  },
  {
    "date": "2020-04-23",
    "symbol": "ALLE",
    "eps": 1.04,
    "epsEstimated": 0.91,
    "time": "bmo",
    "revenue": 674700000,
    "revenueEstimated": 577387500,
    "updatedFromDate": "2025-04-25",
    "fiscalDateEnding": "2020-03-31"
  },
  {
    "date": "2020-02-18",
    "symbol": "ALLE",
    "eps": 1.28,
    "epsEstimated": 1.28,
    "time": "bmo",
    "revenue": 719500000,
    "revenueEstimated": 725121093,
    "updatedFromDate": "2025-04-25",
    "fiscalDateEnding": "2019-12-31"
  },
  {
    "date": "2019-10-24",
    "symbol": "ALLE",
    "eps": 1.47,
    "epsEstimated": 1.32,
    "time": "bmo",
    "revenue": 748300000,
    "revenueEstimated": 671942857,
    "updatedFromDate": "2025-04-25",
    "fiscalDateEnding": "2019-09-30"
  },
  {
    "date": "2019-07-25",
    "symbol": "ALLE",
    "eps": 1.26,
    "epsEstimated": 1.32,
    "time": "bmo",
    "revenue": 731200000,
    "revenueEstimated": 766019047,
    "updatedFromDate": "2025-04-25",
    "fiscalDateEnding": "2019-06-30"
  },
  {
    "date": "2019-04-25",
    "symbol": "ALLE",
    "eps": 0.88,
    "epsEstimated": 0.87,
    "time": "bmo",
    "revenue": 655000000,
    "revenueEstimated": 647556818,
    "updatedFromDate": "2025-04-25",
    "fiscalDateEnding": "2019-03-31"
  },
  {
    "date": "2019-02-19",
    "symbol": "ALLE",
    "eps": 1.22,
    "epsEstimated": 1.22,
    "time": "bmo",
    "revenue": 702400000,
    "revenueEstimated": 702400000,
    "updatedFromDate": "2025-04-25",
    "fiscalDateEnding": "2018-12-31"
  },
  {
    "date": "2018-10-25",
    "symbol": "ALLE",
    "eps": 1.23,
    "epsEstimated": 1.21,
    "time": "bmo",
    "revenue": 711500000,
    "revenueEstimated": 699930894,
    "updatedFromDate": "2025-04-25",
    "fiscalDateEnding": "2018-09-30"
  },
  {
    "date": "2018-07-26",
    "symbol": "ALLE",
    "eps": 1.25,
    "epsEstimated": 1.19,
    "time": "bmo",
    "revenue": 704700000,
    "revenueEstimated": 670874400,
    "updatedFromDate": "2025-04-25",
    "fiscalDateEnding": "2018-06-30"
  },
  {
    "date": "2018-04-26",
    "symbol": "ALLE",
    "eps": 0.8,
    "epsEstimated": 0.85,
    "time": "bmo",
    "revenue": 613100000,
    "revenueEstimated": 651418750,
    "updatedFromDate": "2025-04-25",
    "fiscalDateEnding": "2018-03-31"
  },
  {
    "date": "2018-02-20",
    "symbol": "ALLE",
    "eps": 1.11,
    "epsEstimated": 0.94,
    "time": "bmo",
    "revenue": 623100000,
    "revenueEstimated": 522056756,
    "updatedFromDate": "2025-04-25",
    "fiscalDateEnding": "2017-12-31"
  },
  {
    "date": "2017-10-26",
    "symbol": "ALLE",
    "eps": 1.02,
    "epsEstimated": 1.02,
    "time": "bmo",
    "revenue": 609400000,
    "revenueEstimated": 609400000,
    "updatedFromDate": "2025-04-25",
    "fiscalDateEnding": "2017-09-30"
  },
  {
    "date": "2017-07-27",
    "symbol": "ALLE",
    "eps": 1.11,
    "epsEstimated": 1,
    "time": "bmo",
    "revenue": 627000000,
    "revenueEstimated": 564864864,
    "updatedFromDate": "2025-04-25",
    "fiscalDateEnding": "2017-06-30"
  },
  {
    "date": "2017-04-27",
    "symbol": "ALLE",
    "eps": 0.73,
    "epsEstimated": 0.69,
    "time": "bmo",
    "revenue": 548800000,
    "revenueEstimated": 518728767,
    "updatedFromDate": "2025-04-25",
    "fiscalDateEnding": "2017-03-31"
  },
  {
    "date": "2017-02-09",
    "symbol": "ALLE",
    "eps": 0.81,
    "epsEstimated": 0.87,
    "time": "bmo",
    "revenue": 569700000,
    "revenueEstimated": 611899999,
    "updatedFromDate": "2025-04-25",
    "fiscalDateEnding": "2016-12-31"
  },
  {
    "date": "2016-10-27",
    "symbol": "ALLE",
    "eps": 0.93,
    "epsEstimated": 0.95,
    "time": "bmo",
    "revenue": 581100000,
    "revenueEstimated": 593596774,
    "updatedFromDate": "2025-04-25",
    "fiscalDateEnding": "2016-09-30"
  },
  {
    "date": "2016-07-28",
    "symbol": "ALLE",
    "eps": 0.99,
    "epsEstimated": 0.9,
    "time": "bmo",
    "revenue": 584900000,
    "revenueEstimated": 531727272,
    "updatedFromDate": "2025-04-25",
    "fiscalDateEnding": "2016-06-30"
  }
]