[
  {
    "date": "2026-05-13",
    "symbol": "AMAT",
    "eps": null,
    "epsEstimated": null,
    "time": "amc",
    "revenue": null,
    "revenueEstimated": null,
    "updatedFromDate": "2025-10-02",
    "fiscalDateEnding": "2026-04-27"
  },
  {
    "date": "2026-02-11",
    "symbol": "AMAT",
    "eps": null,
    "epsEstimated": null,
    "time": "amc",
    "revenue": null,
    "revenueEstimated": null,
    "updatedFromDate": "2025-10-02",
    "fiscalDateEnding": "2026-01-27"
  },
  {
    "date": "2025-11-13",
    "symbol": "AMAT",
    "eps": null,
    "epsEstimated": 2.14,
    "time": "bmo",
    "revenue": null,
    "revenueEstimated": 6714377230,
    "updatedFromDate": "2025-10-02",
    "fiscalDateEnding": "2025-10-27"
  },
  {
    "date": "2025-08-14",
    "symbol": "AMAT",
    "eps": 2.48,
    "epsEstimated": 2.36,
    "time": "amc",
    "revenue": 7302000000,
    "revenueEstimated": 7222040490,
    "updatedFromDate": "2025-10-02",
    "fiscalDateEnding": "2025-07-27"
  },
  {
    "date": "2025-05-15",
    "symbol": "AMAT",
    "eps": 2.39,
    "epsEstimated": 2.31,
    "time": "amc",
    "revenue": 7100000000,
    "revenueEstimated": 7128570368,
    "updatedFromDate": "2025-08-15",
    "fiscalDateEnding": "2025-04-27"
  },
  {
    "date": "2025-02-13",
    "symbol": "AMAT",
    "eps": 2.38,
    "epsEstimated": 2.28,
    "time": "amc",
    "revenue": 7166000000,
    "revenueEstimated": 7147821447,
    "updatedFromDate": "2025-05-13",
    "fiscalDateEnding": "2025-01-26"
  },
  {
    "date": "2024-11-14",
    "symbol": "AMAT",
    "eps": 2.32,
    "epsEstimated": 2.19,
    "time": "amc",
    "revenue": 7045000000,
    "revenueEstimated": 6963770333,
    "updatedFromDate": "2025-04-25",
    "fiscalDateEnding": "2024-10-27"
  },
  {
    "date": "2024-08-15",
    "symbol": "AMAT",
    "eps": 2.12,
    "epsEstimated": 2.02,
    "time": "amc",
    "revenue": 6778000000,
    "revenueEstimated": 6676757132,
    "updatedFromDate": "2025-04-25",
    "fiscalDateEnding": "2024-07-28"
  },
  {
    "date": "2024-05-16",
    "symbol": "AMAT",
    "eps": 2.09,
    "epsEstimated": 1.99,
    "time": "amc",
    "revenue": 6646000000,
    "revenueEstimated": 6536518563,
    "updatedFromDate": "2025-04-25",
    "fiscalDateEnding": "2024-04-28"
  },
  {
    "date": "2024-02-15",
    "symbol": "AMAT",
    "eps": 2.13,
    "epsEstimated": 1.91,
    "time": "amc",
    "revenue": 6707000000,
    "revenueEstimated": 6483346938,
    "updatedFromDate": "2025-04-25",
    "fiscalDateEnding": "2024-01-28"
  },
  {
    "date": "2023-11-16",
    "symbol": "AMAT",
    "eps": 2.12,
    "epsEstimated": 2,
    "time": "amc",
    "revenue": 6723000000,
    "revenueEstimated": 6144110000,
    "updatedFromDate": "2025-04-25",
    "fiscalDateEnding": "2023-10-29"
  },
  {
    "date": "2023-08-17",
    "symbol": "AMAT",
    "eps": 1.9,
    "epsEstimated": 1.74,
    "time": "amc",
    "revenue": 6425000000,
    "revenueEstimated": 6159910000,
    "updatedFromDate": "2025-04-25",
    "fiscalDateEnding": "2023-07-30"
  },
  {
    "date": "2023-05-18",
    "symbol": "AMAT",
    "eps": 2,
    "epsEstimated": 1.84,
    "time": "amc",
    "revenue": 6630000000,
    "revenueEstimated": 6377540000,
    "updatedFromDate": "2025-04-25",
    "fiscalDateEnding": "2023-04-30"
  },
  {
    "date": "2023-02-16",
    "symbol": "AMAT",
    "eps": 2.03,
    "epsEstimated": 1.93,
    "time": "amc",
    "revenue": 6739000000,
    "revenueEstimated": 6688925272,
    "updatedFromDate": "2025-04-25",
    "fiscalDateEnding": "2023-01-29"
  },
  {
    "date": "2022-11-17",
    "symbol": "AMAT",
    "eps": 2.03,
    "epsEstimated": 1.73,
    "time": "amc",
    "revenue": 6749000000,
    "revenueEstimated": 6454436305,
    "updatedFromDate": "2025-04-25",
    "fiscalDateEnding": "2022-10-30"
  },
  {
    "date": "2022-08-18",
    "symbol": "AMAT",
    "eps": 1.94,
    "epsEstimated": 1.79,
    "time": "amc",
    "revenue": 6520000000,
    "revenueEstimated": 6267345119,
    "updatedFromDate": "2025-04-25",
    "fiscalDateEnding": "2022-07-31"
  },
  {
    "date": "2022-05-19",
    "symbol": "AMAT",
    "eps": 1.85,
    "epsEstimated": 1.9,
    "time": "amc",
    "revenue": 6245000000,
    "revenueEstimated": 6348500905,
    "updatedFromDate": "2025-04-25",
    "fiscalDateEnding": "2022-05-01"
  },
  {
    "date": "2022-02-16",
    "symbol": "AMAT",
    "eps": 1.89,
    "epsEstimated": 1.85,
    "time": "amc",
    "revenue": 6271000000,
    "revenueEstimated": 6193239190,
    "updatedFromDate": "2025-04-25",
    "fiscalDateEnding": "2022-01-30"
  },
  {
    "date": "2021-11-18",
    "symbol": "AMAT",
    "eps": 1.94,
    "epsEstimated": 1.95,
    "time": "amc",
    "revenue": 6123000000,
    "revenueEstimated": 6218390000,
    "updatedFromDate": "2025-04-25",
    "fiscalDateEnding": "2021-10-31"
  },
  {
    "date": "2021-08-19",
    "symbol": "AMAT",
    "eps": 1.9,
    "epsEstimated": 1.77,
    "time": "amc",
    "revenue": 6196000000,
    "revenueEstimated": 6380370000,
    "updatedFromDate": "2025-04-25",
    "fiscalDateEnding": "2021-08-01"
  },
  {
    "date": "2021-05-20",
    "symbol": "AMAT",
    "eps": 1.63,
    "epsEstimated": 1.51,
    "time": "amc",
    "revenue": 5582000000,
    "revenueEstimated": 5404060000,
    "updatedFromDate": "2025-04-25",
    "fiscalDateEnding": "2021-05-02"
  },
  {
    "date": "2021-02-18",
    "symbol": "AMAT",
    "eps": 1.39,
    "epsEstimated": 1.28,
    "time": "amc",
    "revenue": 5162000000,
    "revenueEstimated": 4969660000,
    "updatedFromDate": "2025-04-25",
    "fiscalDateEnding": "2021-01-31"
  },
  {
    "date": "2020-11-12",
    "symbol": "AMAT",
    "eps": 1.25,
    "epsEstimated": 1.17,
    "time": "amc",
    "revenue": 4688000000,
    "revenueEstimated": 4367452991,
    "updatedFromDate": "2025-04-25",
    "fiscalDateEnding": "2020-10-25"
  },
  {
    "date": "2020-08-13",
    "symbol": "AMAT",
    "eps": 1.06,
    "epsEstimated": 0.95,
    "time": "amc",
    "revenue": 4395000000,
    "revenueEstimated": 3938915094,
    "updatedFromDate": "2025-04-25",
    "fiscalDateEnding": "2020-07-26"
  },
  {
    "date": "2020-05-14",
    "symbol": "AMAT",
    "eps": 0.89,
    "epsEstimated": 0.94,
    "time": "amc",
    "revenue": 3957000000,
    "revenueEstimated": 4179303370,
    "updatedFromDate": "2025-04-25",
    "fiscalDateEnding": "2020-04-26"
  },
  {
    "date": "2020-02-12",
    "symbol": "AMAT",
    "eps": 0.98,
    "epsEstimated": 0.93,
    "time": "amc",
    "revenue": 4162000000,
    "revenueEstimated": 3949653061,
    "updatedFromDate": "2025-04-25",
    "fiscalDateEnding": "2020-01-26"
  },
  {
    "date": "2019-11-14",
    "symbol": "AMAT",
    "eps": 0.8,
    "epsEstimated": 0.76,
    "time": "amc",
    "revenue": 3754000000,
    "revenueEstimated": 3566300000,
    "updatedFromDate": "2025-04-25",
    "fiscalDateEnding": "2019-10-27"
  },
  {
    "date": "2019-08-15",
    "symbol": "AMAT",
    "eps": 0.74,
    "epsEstimated": 0.7,
    "time": "amc",
    "revenue": 3562000000,
    "revenueEstimated": 3369459459,
    "updatedFromDate": "2025-04-25",
    "fiscalDateEnding": "2019-07-28"
  },
  {
    "date": "2019-05-16",
    "symbol": "AMAT",
    "eps": 0.7,
    "epsEstimated": 0.66,
    "time": "amc",
    "revenue": 3539000000,
    "revenueEstimated": 3336771428,
    "updatedFromDate": "2025-04-25",
    "fiscalDateEnding": "2019-04-28"
  },
  {
    "date": "2019-02-14",
    "symbol": "AMAT",
    "eps": 0.81,
    "epsEstimated": 0.79,
    "time": "amc",
    "revenue": 3753000000,
    "revenueEstimated": 3660333333,
    "updatedFromDate": "2025-04-25",
    "fiscalDateEnding": "2019-01-27"
  },
  {
    "date": "2018-11-15",
    "symbol": "AMAT",
    "eps": 0.97,
    "epsEstimated": 0.97,
    "time": "amc",
    "revenue": 4014000000,
    "revenueEstimated": 3759000000,
    "updatedFromDate": "2025-04-25",
    "fiscalDateEnding": "2018-10-28"
  },
  {
    "date": "2018-08-16",
    "symbol": "AMAT",
    "eps": 1.2,
    "epsEstimated": 1.17,
    "time": "amc",
    "revenue": 4468000000,
    "revenueEstimated": 4057950000,
    "updatedFromDate": "2025-04-25",
    "fiscalDateEnding": "2018-07-29"
  },
  {
    "date": "2018-05-17",
    "symbol": "AMAT",
    "eps": 1.22,
    "epsEstimated": 1.14,
    "time": "amc",
    "revenue": 4567000000,
    "revenueEstimated": 4278737704,
    "updatedFromDate": "2025-04-25",
    "fiscalDateEnding": "2018-04-29"
  },
  {
    "date": "2018-02-14",
    "symbol": "AMAT",
    "eps": 1.06,
    "epsEstimated": 0.97,
    "time": "amc",
    "revenue": 4204000000,
    "revenueEstimated": 3887641509,
    "updatedFromDate": "2025-04-25",
    "fiscalDateEnding": "2018-01-28"
  },
  {
    "date": "2017-11-16",
    "symbol": "AMAT",
    "eps": 0.93,
    "epsEstimated": 0.91,
    "time": "amc",
    "revenue": 3969000000,
    "revenueEstimated": 4041182795,
    "updatedFromDate": "2025-04-25",
    "fiscalDateEnding": "2017-10-29"
  },
  {
    "date": "2017-08-17",
    "symbol": "AMAT",
    "eps": 0.86,
    "epsEstimated": 0.84,
    "time": "amc",
    "revenue": 3744000000,
    "revenueEstimated": 3656930232,
    "updatedFromDate": "2025-04-25",
    "fiscalDateEnding": "2017-07-30"
  },
  {
    "date": "2017-05-18",
    "symbol": "AMAT",
    "eps": 0.79,
    "epsEstimated": 0.76,
    "time": "amc",
    "revenue": 3546000000,
    "revenueEstimated": 3411341772,
    "updatedFromDate": "2025-04-25",
    "fiscalDateEnding": "2017-04-30"
  },
  {
    "date": "2017-02-15",
    "symbol": "AMAT",
    "eps": 0.67,
    "epsEstimated": 0.66,
    "time": "amc",
    "revenue": 3278000000,
    "revenueEstimated": 3229074626,
    "updatedFromDate": "2025-04-25",
    "fiscalDateEnding": "2017-01-29"
  },
  {
    "date": "2016-11-17",
    "symbol": "AMAT",
    "eps": 0.66,
    "epsEstimated": 0.65,
    "time": "amc",
    "revenue": 3297000000,
    "revenueEstimated": 3247045454,
    "updatedFromDate": "2025-04-25",
    "fiscalDateEnding": "2016-10-30"
  },
  {
    "date": "2016-08-18",
    "symbol": "AMAT",
    "eps": 0.5,
    "epsEstimated": 0.48,
    "time": "amc",
    "revenue": 2821000000,
    "revenueEstimated": 2708160000,
    "updatedFromDate": "2025-04-25",
    "fiscalDateEnding": "2016-07-31"
  }
]