[
  {
    "date": "2025-10-30",
    "symbol": "AMCR",
    "eps": null,
    "epsEstimated": 0.19,
    "time": "bmo",
    "revenue": null,
    "revenueEstimated": 5766232190,
    "updatedFromDate": "2025-10-02",
    "fiscalDateEnding": "2025-09-30"
  },
  {
    "date": "2025-08-14",
    "symbol": "AMCR",
    "eps": 0.178,
    "epsEstimated": 0.2135,
    "time": "bmo",
    "revenue": 5082000000,
    "revenueEstimated": 5175885140,
    "updatedFromDate": "2025-08-01",
    "fiscalDateEnding": "2025-07-01"
  },
  {
    "date": "2025-04-30",
    "symbol": "AMCR",
    "eps": 0.18,
    "epsEstimated": 0.185,
    "time": "amc",
    "revenue": 3333000000,
    "revenueEstimated": 3472005456,
    "updatedFromDate": "2025-07-30",
    "fiscalDateEnding": "2025-03-31"
  },
  {
    "date": "2025-02-04",
    "symbol": "AMCR",
    "eps": 0.16,
    "epsEstimated": 0.16,
    "time": "bmo",
    "revenue": 3352993406,
    "revenueEstimated": 3431200000,
    "updatedFromDate": "2025-05-04",
    "fiscalDateEnding": "2024-12-31"
  },
  {
    "date": "2024-10-31",
    "symbol": "AMCR",
    "eps": 0.16,
    "epsEstimated": 0.16,
    "time": "amc",
    "revenue": 3353000000,
    "revenueEstimated": 3355310000,
    "updatedFromDate": "2024-11-03",
    "fiscalDateEnding": "2024-09-30"
  },
  {
    "date": "2024-08-15",
    "symbol": "AMCR",
    "eps": 0.21,
    "epsEstimated": 0.2,
    "time": "amc",
    "revenue": 3535000000,
    "revenueEstimated": 3616813283,
    "updatedFromDate": "2025-04-25",
    "fiscalDateEnding": "2024-06-30"
  },
  {
    "date": "2024-04-30",
    "symbol": "AMCR",
    "eps": 0.18,
    "epsEstimated": 0.1648,
    "time": "amc",
    "revenue": 3410000000,
    "revenueEstimated": 3491015112,
    "updatedFromDate": "2025-04-25",
    "fiscalDateEnding": "2024-03-31"
  },
  {
    "date": "2024-02-06",
    "symbol": "AMCR",
    "eps": 0.16,
    "epsEstimated": 0.15,
    "time": "amc",
    "revenue": 3251000000,
    "revenueEstimated": 3409010000,
    "updatedFromDate": "2025-04-25",
    "fiscalDateEnding": "2023-12-31"
  },
  {
    "date": "2023-10-31",
    "symbol": "AMCR",
    "eps": 0.16,
    "epsEstimated": 0.14,
    "time": "amc",
    "revenue": 3443000000,
    "revenueEstimated": 3348420000,
    "updatedFromDate": "2025-04-25",
    "fiscalDateEnding": "2023-09-30"
  },
  {
    "date": "2023-08-16",
    "symbol": "AMCR",
    "eps": 0.19,
    "epsEstimated": 0.18,
    "time": "amc",
    "revenue": 3673000000,
    "revenueEstimated": 3694330000,
    "updatedFromDate": "2025-04-25",
    "fiscalDateEnding": "2023-06-30"
  },
  {
    "date": "2023-05-02",
    "symbol": "AMCR",
    "eps": 0.18,
    "epsEstimated": 0.18,
    "time": "amc",
    "revenue": 3667000000,
    "revenueEstimated": 3697420000,
    "updatedFromDate": "2025-04-25",
    "fiscalDateEnding": "2023-03-31"
  },
  {
    "date": "2023-02-07",
    "symbol": "AMCR",
    "eps": 0.19,
    "epsEstimated": 0.18,
    "time": "amc",
    "revenue": 3642000000,
    "revenueEstimated": 3676400000,
    "updatedFromDate": "2025-04-25",
    "fiscalDateEnding": "2022-12-31"
  },
  {
    "date": "2022-11-01",
    "symbol": "AMCR",
    "eps": 0.18,
    "epsEstimated": 0.18,
    "time": "amc",
    "revenue": 3712000000,
    "revenueEstimated": 3580377500,
    "updatedFromDate": "2025-04-25",
    "fiscalDateEnding": "2022-09-30"
  },
  {
    "date": "2022-08-17",
    "symbol": "AMCR",
    "eps": 0.24,
    "epsEstimated": 0.24,
    "time": "amc",
    "revenue": 3909000000,
    "revenueEstimated": 3782849451,
    "updatedFromDate": "2025-04-25",
    "fiscalDateEnding": "2022-06-30"
  },
  {
    "date": "2022-05-03",
    "symbol": "AMCR",
    "eps": 0.2,
    "epsEstimated": 0.2,
    "time": "amc",
    "revenue": 3708000000,
    "revenueEstimated": 3435357369,
    "updatedFromDate": "2025-04-25",
    "fiscalDateEnding": "2022-03-31"
  },
  {
    "date": "2022-02-01",
    "symbol": "AMCR",
    "eps": 0.18,
    "epsEstimated": 0.18,
    "time": "amc",
    "revenue": 3507000000,
    "revenueEstimated": 3316895479,
    "updatedFromDate": "2025-04-25",
    "fiscalDateEnding": "2021-12-31"
  },
  {
    "date": "2021-11-02",
    "symbol": "AMCR",
    "eps": 0.18,
    "epsEstimated": 0.18,
    "time": "amc",
    "revenue": 3420000000,
    "revenueEstimated": 3282080000,
    "updatedFromDate": "2025-04-25",
    "fiscalDateEnding": "2021-09-30"
  },
  {
    "date": "2021-08-17",
    "symbol": "AMCR",
    "eps": 0.23,
    "epsEstimated": 0.22,
    "time": "amc",
    "revenue": 3454000000,
    "revenueEstimated": 3282080000,
    "updatedFromDate": "2025-04-25",
    "fiscalDateEnding": "2021-06-30"
  },
  {
    "date": "2021-05-04",
    "symbol": "AMCR",
    "eps": 0.18,
    "epsEstimated": 0.17,
    "time": "amc",
    "revenue": 3207000000,
    "revenueEstimated": 3207000000,
    "updatedFromDate": "2025-04-25",
    "fiscalDateEnding": "2021-03-31"
  },
  {
    "date": "2021-02-02",
    "symbol": "AMCR",
    "eps": 0.18,
    "epsEstimated": 0.17,
    "time": "amc",
    "revenue": 3103000000,
    "revenueEstimated": 3081120000,
    "updatedFromDate": "2025-04-25",
    "fiscalDateEnding": "2020-12-31"
  },
  {
    "date": "2020-11-05",
    "symbol": "AMCR",
    "eps": 0.16,
    "epsEstimated": 0.15,
    "time": "amc",
    "revenue": 3097000000,
    "revenueEstimated": 2903437500,
    "updatedFromDate": "2025-04-25",
    "fiscalDateEnding": "2020-09-30"
  },
  {
    "date": "2020-08-18",
    "symbol": "AMCR",
    "eps": 0.19,
    "epsEstimated": 0.19,
    "time": "bmo",
    "revenue": 3143200000,
    "revenueEstimated": 3142700000,
    "updatedFromDate": "2025-04-25",
    "fiscalDateEnding": "2020-06-30"
  },
  {
    "date": "2020-05-11",
    "symbol": "AMCR",
    "eps": 0.16,
    "epsEstimated": 0.16,
    "time": "amc",
    "revenue": 3141000000,
    "revenueEstimated": 3350400000,
    "updatedFromDate": "2025-04-25",
    "fiscalDateEnding": "2020-03-31"
  },
  {
    "date": "2020-02-11",
    "symbol": "AMCR",
    "eps": 0.16,
    "epsEstimated": 0.14,
    "time": "amc",
    "revenue": 3043100000,
    "revenueEstimated": 2852906250,
    "updatedFromDate": "2025-04-25",
    "fiscalDateEnding": "2019-12-31"
  },
  {
    "date": "2019-11-07",
    "symbol": "AMCR",
    "eps": 0.13,
    "epsEstimated": 0.15,
    "time": "amc",
    "revenue": 3140700000,
    "revenueEstimated": 3623884615,
    "updatedFromDate": "2025-04-25",
    "fiscalDateEnding": "2019-09-30"
  },
  {
    "date": "2019-08-20",
    "symbol": "AMCR",
    "eps": 0.04957,
    "epsEstimated": 0.21,
    "time": "amc",
    "revenue": 2602900000,
    "revenueEstimated": null,
    "updatedFromDate": "2025-04-25",
    "fiscalDateEnding": "2019-06-30"
  },
  {
    "date": "2019-05-09",
    "symbol": "AMCR",
    "eps": 0.07825,
    "epsEstimated": null,
    "time": "bmo",
    "revenue": 2309900000,
    "revenueEstimated": null,
    "updatedFromDate": "2025-04-25",
    "fiscalDateEnding": "2019-03-31"
  },
  {
    "date": "2019-02-10",
    "symbol": "AMCR",
    "eps": 0.06824,
    "epsEstimated": null,
    "time": "amc",
    "revenue": 2260200000,
    "revenueEstimated": null,
    "updatedFromDate": "2025-04-25",
    "fiscalDateEnding": "2018-09-30"
  },
  {
    "date": "2018-12-30",
    "symbol": "AMCR",
    "eps": 0.09632,
    "epsEstimated": null,
    "time": "amc",
    "revenue": 2285400000,
    "revenueEstimated": null,
    "updatedFromDate": "2025-04-25",
    "fiscalDateEnding": "2018-12-31"
  },
  {
    "date": "2018-08-20",
    "symbol": "AMCR",
    "eps": 0.1284,
    "epsEstimated": null,
    "time": "amc",
    "revenue": 2408450000,
    "revenueEstimated": null,
    "updatedFromDate": "2025-04-25",
    "fiscalDateEnding": "2018-03-31"
  },
  {
    "date": "2018-06-29",
    "symbol": "AMCR",
    "eps": 0.1284,
    "epsEstimated": null,
    "time": "amc",
    "revenue": 2408450000,
    "revenueEstimated": null,
    "updatedFromDate": "2025-04-25",
    "fiscalDateEnding": "2018-06-30"
  },
  {
    "date": "2017-12-30",
    "symbol": "AMCR",
    "eps": 0.1247,
    "epsEstimated": null,
    "time": "amc",
    "revenue": 2251100000,
    "revenueEstimated": null,
    "updatedFromDate": "2025-04-25",
    "fiscalDateEnding": "2017-12-31"
  },
  {
    "date": "2017-09-29",
    "symbol": "AMCR",
    "eps": 0.1126,
    "epsEstimated": null,
    "time": "amc",
    "revenue": 2251100000,
    "revenueEstimated": null,
    "updatedFromDate": "2025-04-25",
    "fiscalDateEnding": "2017-09-30"
  },
  {
    "date": "2017-06-29",
    "symbol": "AMCR",
    "eps": 0.1331,
    "epsEstimated": null,
    "time": "amc",
    "revenue": 2316850000,
    "revenueEstimated": null,
    "updatedFromDate": "2025-04-25",
    "fiscalDateEnding": "2017-06-30"
  },
  {
    "date": "2017-03-30",
    "symbol": "AMCR",
    "eps": 0.1331,
    "epsEstimated": null,
    "time": "amc",
    "revenue": 2316850000,
    "revenueEstimated": null,
    "updatedFromDate": "2025-04-25",
    "fiscalDateEnding": "2017-03-31"
  },
  {
    "date": "2016-12-30",
    "symbol": "AMCR",
    "eps": 0.124,
    "epsEstimated": null,
    "time": "amc",
    "revenue": 2233650000,
    "revenueEstimated": null,
    "updatedFromDate": "2025-04-25",
    "fiscalDateEnding": "2016-12-31"
  },
  {
    "date": "2016-09-29",
    "symbol": "AMCR",
    "eps": 0.1225,
    "epsEstimated": null,
    "time": "amc",
    "revenue": 2233650000,
    "revenueEstimated": null,
    "updatedFromDate": "2025-04-25",
    "fiscalDateEnding": "2016-09-30"
  },
  {
    "date": "2016-06-29",
    "symbol": "AMCR",
    "eps": -0.0265,
    "epsEstimated": null,
    "time": "amc",
    "revenue": 2436800000,
    "revenueEstimated": null,
    "updatedFromDate": "2025-04-25",
    "fiscalDateEnding": "2016-06-30"
  },
  {
    "date": "2016-03-30",
    "symbol": "AMCR",
    "eps": -0.0265,
    "epsEstimated": null,
    "time": "amc",
    "revenue": 2436800000,
    "revenueEstimated": null,
    "updatedFromDate": "2025-04-25",
    "fiscalDateEnding": "2016-03-31"
  },
  {
    "date": "2015-12-30",
    "symbol": "AMCR",
    "eps": 0.129,
    "epsEstimated": null,
    "time": "amc",
    "revenue": 2273850000,
    "revenueEstimated": null,
    "updatedFromDate": "2025-04-25",
    "fiscalDateEnding": "2015-12-31"
  }
]