[
  {
    "date": "2026-05-04",
    "symbol": "AMD",
    "eps": null,
    "epsEstimated": null,
    "time": "amc",
    "revenue": null,
    "revenueEstimated": null,
    "updatedFromDate": "2025-10-02",
    "fiscalDateEnding": "2026-03-28"
  },
  {
    "date": "2026-02-02",
    "symbol": "AMD",
    "eps": null,
    "epsEstimated": null,
    "time": "amc",
    "revenue": null,
    "revenueEstimated": null,
    "updatedFromDate": "2025-10-02",
    "fiscalDateEnding": "2025-12-28"
  },
  {
    "date": "2025-11-04",
    "symbol": "AMD",
    "eps": null,
    "epsEstimated": 1.17,
    "time": "bmo",
    "revenue": null,
    "revenueEstimated": 8723906080,
    "updatedFromDate": "2025-10-02",
    "fiscalDateEnding": "2025-09-28"
  },
  {
    "date": "2025-08-05",
    "symbol": "AMD",
    "eps": 0.48,
    "epsEstimated": 0.4787,
    "time": "amc",
    "revenue": 7685000000,
    "revenueEstimated": 7414245177,
    "updatedFromDate": "2025-10-02",
    "fiscalDateEnding": "2025-06-28"
  },
  {
    "date": "2025-05-06",
    "symbol": "AMD",
    "eps": 0.96,
    "epsEstimated": 0.944,
    "time": "amc",
    "revenue": 7438000000,
    "revenueEstimated": 7124413064,
    "updatedFromDate": "2025-08-06",
    "fiscalDateEnding": "2025-03-29"
  },
  {
    "date": "2025-02-04",
    "symbol": "AMD",
    "eps": 1.09,
    "epsEstimated": 1.08,
    "time": "amc",
    "revenue": 7658000000,
    "revenueEstimated": 7532859637,
    "updatedFromDate": "2025-05-04",
    "fiscalDateEnding": "2024-12-28"
  },
  {
    "date": "2024-10-29",
    "symbol": "AMD",
    "eps": 0.92,
    "epsEstimated": 0.922,
    "time": "amc",
    "revenue": 6819000000,
    "revenueEstimated": 6714743758,
    "updatedFromDate": "2025-04-25",
    "fiscalDateEnding": "2024-09-28"
  },
  {
    "date": "2024-07-30",
    "symbol": "AMD",
    "eps": 0.69,
    "epsEstimated": 0.678,
    "time": "amc",
    "revenue": 5835000000,
    "revenueEstimated": 5728584992,
    "updatedFromDate": "2025-04-25",
    "fiscalDateEnding": "2024-06-29"
  },
  {
    "date": "2024-04-30",
    "symbol": "AMD",
    "eps": 0.62,
    "epsEstimated": 0.616,
    "time": "amc",
    "revenue": 5473000000,
    "revenueEstimated": 5476961340,
    "updatedFromDate": "2025-04-25",
    "fiscalDateEnding": "2024-03-30"
  },
  {
    "date": "2024-01-30",
    "symbol": "AMD",
    "eps": 0.77,
    "epsEstimated": 0.77,
    "time": "amc",
    "revenue": 6168000000,
    "revenueEstimated": 5643760000,
    "updatedFromDate": "2025-04-25",
    "fiscalDateEnding": "2023-12-30"
  },
  {
    "date": "2023-10-31",
    "symbol": "AMD",
    "eps": 0.7,
    "epsEstimated": 0.68,
    "time": "amc",
    "revenue": 5800000000,
    "revenueEstimated": 5369880000,
    "updatedFromDate": "2025-04-25",
    "fiscalDateEnding": "2023-09-30"
  },
  {
    "date": "2023-08-01",
    "symbol": "AMD",
    "eps": 0.58,
    "epsEstimated": 0.57,
    "time": "amc",
    "revenue": 5359000000,
    "revenueEstimated": 5310690000,
    "updatedFromDate": "2025-04-25",
    "fiscalDateEnding": "2023-07-01"
  },
  {
    "date": "2023-05-02",
    "symbol": "AMD",
    "eps": 0.6,
    "epsEstimated": 0.56,
    "time": "amc",
    "revenue": 5353000000,
    "revenueEstimated": 5299960000,
    "updatedFromDate": "2025-04-25",
    "fiscalDateEnding": "2023-04-01"
  },
  {
    "date": "2023-01-31",
    "symbol": "AMD",
    "eps": 0.69,
    "epsEstimated": 0.66,
    "time": "amc",
    "revenue": 5599000000,
    "revenueEstimated": 5511663759,
    "updatedFromDate": "2025-04-25",
    "fiscalDateEnding": "2022-12-31"
  },
  {
    "date": "2022-11-01",
    "symbol": "AMD",
    "eps": 0.67,
    "epsEstimated": 0.67,
    "time": "amc",
    "revenue": 5565000000,
    "revenueEstimated": 5650883725,
    "updatedFromDate": "2025-04-25",
    "fiscalDateEnding": "2022-09-24"
  },
  {
    "date": "2022-08-02",
    "symbol": "AMD",
    "eps": 1.05,
    "epsEstimated": 1.03,
    "time": "amc",
    "revenue": 6550000000,
    "revenueEstimated": 6529838164,
    "updatedFromDate": "2025-04-25",
    "fiscalDateEnding": "2022-06-25"
  },
  {
    "date": "2022-05-03",
    "symbol": "AMD",
    "eps": 1.13,
    "epsEstimated": 0.91,
    "time": "amc",
    "revenue": 5887000000,
    "revenueEstimated": 5006769973,
    "updatedFromDate": "2025-04-25",
    "fiscalDateEnding": "2022-03-26"
  },
  {
    "date": "2022-02-01",
    "symbol": "AMD",
    "eps": 0.92,
    "epsEstimated": 0.76,
    "time": "amc",
    "revenue": 4826000000,
    "revenueEstimated": 4522709249,
    "updatedFromDate": "2025-04-25",
    "fiscalDateEnding": "2021-12-25"
  },
  {
    "date": "2021-10-26",
    "symbol": "AMD",
    "eps": 0.73,
    "epsEstimated": 0.67,
    "time": "amc",
    "revenue": 4313000000,
    "revenueEstimated": 4107640000,
    "updatedFromDate": "2025-04-25",
    "fiscalDateEnding": "2021-09-25"
  },
  {
    "date": "2021-07-27",
    "symbol": "AMD",
    "eps": 0.63,
    "epsEstimated": 0.54,
    "time": "amc",
    "revenue": 3850000000,
    "revenueEstimated": 4112030000,
    "updatedFromDate": "2025-04-25",
    "fiscalDateEnding": "2021-06-26"
  },
  {
    "date": "2021-04-27",
    "symbol": "AMD",
    "eps": 0.52,
    "epsEstimated": 0.44,
    "time": "amc",
    "revenue": 3445000000,
    "revenueEstimated": 3204420000,
    "updatedFromDate": "2025-04-25",
    "fiscalDateEnding": "2021-03-27"
  },
  {
    "date": "2021-01-26",
    "symbol": "AMD",
    "eps": 0.52,
    "epsEstimated": 0.47,
    "time": "amc",
    "revenue": 3244000000,
    "revenueEstimated": 3016740000,
    "updatedFromDate": "2025-04-25",
    "fiscalDateEnding": "2020-12-26"
  },
  {
    "date": "2020-10-27",
    "symbol": "AMD",
    "eps": 0.41,
    "epsEstimated": 0.36,
    "time": "amc",
    "revenue": 2801000000,
    "revenueEstimated": 2459414634,
    "updatedFromDate": "2025-04-25",
    "fiscalDateEnding": "2020-09-26"
  },
  {
    "date": "2020-07-28",
    "symbol": "AMD",
    "eps": 0.18,
    "epsEstimated": 0.16,
    "time": "amc",
    "revenue": 1932000000,
    "revenueEstimated": 1717333333,
    "updatedFromDate": "2025-04-25",
    "fiscalDateEnding": "2020-06-27"
  },
  {
    "date": "2020-04-28",
    "symbol": "AMD",
    "eps": 0.18,
    "epsEstimated": 0.18,
    "time": "amc",
    "revenue": 1786000000,
    "revenueEstimated": 1786000000,
    "updatedFromDate": "2025-04-25",
    "fiscalDateEnding": "2020-03-28"
  },
  {
    "date": "2020-01-28",
    "symbol": "AMD",
    "eps": 0.32,
    "epsEstimated": 0.3,
    "time": "amc",
    "revenue": 2127000000,
    "revenueEstimated": 2060531250,
    "updatedFromDate": "2025-04-25",
    "fiscalDateEnding": "2019-12-28"
  },
  {
    "date": "2019-10-29",
    "symbol": "AMD",
    "eps": 0.18,
    "epsEstimated": 0.18,
    "time": "amc",
    "revenue": 1801000000,
    "revenueEstimated": 1801000000,
    "updatedFromDate": "2025-04-25",
    "fiscalDateEnding": "2019-09-28"
  },
  {
    "date": "2019-07-30",
    "symbol": "AMD",
    "eps": 0.08,
    "epsEstimated": 0.08,
    "time": "amc",
    "revenue": 1531000000,
    "revenueEstimated": 1531000000,
    "updatedFromDate": "2025-04-25",
    "fiscalDateEnding": "2019-06-29"
  },
  {
    "date": "2019-04-30",
    "symbol": "AMD",
    "eps": 0.06,
    "epsEstimated": 0.05,
    "time": "amc",
    "revenue": 1272000000,
    "revenueEstimated": 1060000000,
    "updatedFromDate": "2025-04-25",
    "fiscalDateEnding": "2019-03-30"
  },
  {
    "date": "2019-01-29",
    "symbol": "AMD",
    "eps": 0.08,
    "epsEstimated": 0.09,
    "time": "amc",
    "revenue": 1419000000,
    "revenueEstimated": 1419000000,
    "updatedFromDate": "2025-04-25",
    "fiscalDateEnding": "2018-12-29"
  },
  {
    "date": "2018-10-24",
    "symbol": "AMD",
    "eps": 0.13,
    "epsEstimated": 0.12,
    "time": "amc",
    "revenue": 1653000000,
    "revenueEstimated": 1525846153,
    "updatedFromDate": "2025-04-25",
    "fiscalDateEnding": "2018-09-29"
  },
  {
    "date": "2018-07-25",
    "symbol": "AMD",
    "eps": 0.14,
    "epsEstimated": 0.13,
    "time": "amc",
    "revenue": 1756000000,
    "revenueEstimated": 1630571428,
    "updatedFromDate": "2025-04-25",
    "fiscalDateEnding": "2018-06-30"
  },
  {
    "date": "2018-04-25",
    "symbol": "AMD",
    "eps": 0.11,
    "epsEstimated": 0.09,
    "time": "amc",
    "revenue": 1647000000,
    "revenueEstimated": 1347545454,
    "updatedFromDate": "2025-04-25",
    "fiscalDateEnding": "2018-03-31"
  },
  {
    "date": "2018-01-30",
    "symbol": "AMD",
    "eps": 0.08,
    "epsEstimated": 0.05,
    "time": "amc",
    "revenue": 1340000000,
    "revenueEstimated": 837500000,
    "updatedFromDate": "2025-04-25",
    "fiscalDateEnding": "2017-12-30"
  },
  {
    "date": "2017-10-24",
    "symbol": "AMD",
    "eps": 0.1,
    "epsEstimated": 0.08,
    "time": "amc",
    "revenue": 1584000000,
    "revenueEstimated": 1267200000,
    "updatedFromDate": "2025-04-25",
    "fiscalDateEnding": "2017-09-30"
  },
  {
    "date": "2017-07-25",
    "symbol": "AMD",
    "eps": 0.02,
    "epsEstimated": null,
    "time": "amc",
    "revenue": 1151000000,
    "revenueEstimated": null,
    "updatedFromDate": "2025-04-25",
    "fiscalDateEnding": "2017-07-01"
  },
  {
    "date": "2017-05-01",
    "symbol": "AMD",
    "eps": -0.04,
    "epsEstimated": -0.05,
    "time": "amc",
    "revenue": 1178000000,
    "revenueEstimated": 1178000000,
    "updatedFromDate": "2025-04-25",
    "fiscalDateEnding": "2017-04-01"
  },
  {
    "date": "2017-01-31",
    "symbol": "AMD",
    "eps": -0.01,
    "epsEstimated": -0.00737,
    "time": "amc",
    "revenue": 1106000000,
    "revenueEstimated": 2212000000,
    "updatedFromDate": "2025-04-25",
    "fiscalDateEnding": "2016-12-31"
  },
  {
    "date": "2016-10-20",
    "symbol": "AMD",
    "eps": 0.03,
    "epsEstimated": null,
    "time": "amc",
    "revenue": 1307000000,
    "revenueEstimated": null,
    "updatedFromDate": "2025-04-25",
    "fiscalDateEnding": "2016-09-24"
  },
  {
    "date": "2016-07-21",
    "symbol": "AMD",
    "eps": -0.05,
    "epsEstimated": -0.09,
    "time": "amc",
    "revenue": 1027000000,
    "revenueEstimated": 1643200000,
    "updatedFromDate": "2025-04-25",
    "fiscalDateEnding": "2016-06-25"
  }
]