[
  {
    "date": "2026-04-29",
    "symbol": "AME",
    "eps": null,
    "epsEstimated": null,
    "time": "bmo",
    "revenue": null,
    "revenueEstimated": null,
    "updatedFromDate": "2025-10-02",
    "fiscalDateEnding": "2026-03-30"
  },
  {
    "date": "2026-02-02",
    "symbol": "AME",
    "eps": null,
    "epsEstimated": null,
    "time": "bmo",
    "revenue": null,
    "revenueEstimated": null,
    "updatedFromDate": "2025-10-02",
    "fiscalDateEnding": "2025-12-30"
  },
  {
    "date": "2025-10-30",
    "symbol": "AME",
    "eps": null,
    "epsEstimated": 1.75,
    "time": "bmo",
    "revenue": null,
    "revenueEstimated": 1813715060,
    "updatedFromDate": "2025-10-02",
    "fiscalDateEnding": "2025-09-30"
  },
  {
    "date": "2025-07-31",
    "symbol": "AME",
    "eps": 1.78,
    "epsEstimated": 1.69,
    "time": "bmo",
    "revenue": 1778056000,
    "revenueEstimated": 1734630851,
    "updatedFromDate": "2025-10-02",
    "fiscalDateEnding": "2025-06-30"
  },
  {
    "date": "2025-05-01",
    "symbol": "AME",
    "eps": 1.75,
    "epsEstimated": 1.69,
    "time": "bmo",
    "revenue": 1731971000,
    "revenueEstimated": 1743204369,
    "updatedFromDate": "2025-08-01",
    "fiscalDateEnding": "2025-03-31"
  },
  {
    "date": "2025-02-04",
    "symbol": "AME",
    "eps": 1.87,
    "epsEstimated": 1.85,
    "time": "bmo",
    "revenue": 1761602000,
    "revenueEstimated": 1819759540,
    "updatedFromDate": "2025-05-04",
    "fiscalDateEnding": "2024-12-31"
  },
  {
    "date": "2024-10-31",
    "symbol": "AME",
    "eps": 1.66,
    "epsEstimated": 1.62,
    "time": "bmo",
    "revenue": 1708564000,
    "revenueEstimated": 1710626027,
    "updatedFromDate": "2025-04-25",
    "fiscalDateEnding": "2024-09-30"
  },
  {
    "date": "2024-08-01",
    "symbol": "AME",
    "eps": 1.66,
    "epsEstimated": 1.64,
    "time": "bmo",
    "revenue": 1734834000,
    "revenueEstimated": 1781746215,
    "updatedFromDate": "2025-04-25",
    "fiscalDateEnding": "2024-06-30"
  },
  {
    "date": "2024-05-02",
    "symbol": "AME",
    "eps": 1.64,
    "epsEstimated": 1.59,
    "time": "bmo",
    "revenue": 1736180000,
    "revenueEstimated": 1779074279,
    "updatedFromDate": "2025-04-25",
    "fiscalDateEnding": "2024-03-31"
  },
  {
    "date": "2024-02-06",
    "symbol": "AME",
    "eps": 1.68,
    "epsEstimated": 1.63,
    "time": "bmo",
    "revenue": 1730885000,
    "revenueEstimated": 1733935865,
    "updatedFromDate": "2025-04-25",
    "fiscalDateEnding": "2023-12-31"
  },
  {
    "date": "2023-10-31",
    "symbol": "AME",
    "eps": 1.64,
    "epsEstimated": 1.58,
    "time": "bmo",
    "revenue": 1622837000,
    "revenueEstimated": 1659470000,
    "updatedFromDate": "2025-04-25",
    "fiscalDateEnding": "2023-09-30"
  },
  {
    "date": "2023-08-01",
    "symbol": "AME",
    "eps": 1.57,
    "epsEstimated": 1.51,
    "time": "bmo",
    "revenue": 1646111000,
    "revenueEstimated": 1637590000,
    "updatedFromDate": "2025-04-25",
    "fiscalDateEnding": "2023-06-30"
  },
  {
    "date": "2023-05-02",
    "symbol": "AME",
    "eps": 1.49,
    "epsEstimated": 1.41,
    "time": "bmo",
    "revenue": 1597117000,
    "revenueEstimated": 1540400000,
    "updatedFromDate": "2025-04-25",
    "fiscalDateEnding": "2023-03-31"
  },
  {
    "date": "2023-02-02",
    "symbol": "AME",
    "eps": 1.52,
    "epsEstimated": 1.47,
    "time": "bmo",
    "revenue": 1625667000,
    "revenueEstimated": 1587200803,
    "updatedFromDate": "2025-04-25",
    "fiscalDateEnding": "2022-12-31"
  },
  {
    "date": "2022-11-01",
    "symbol": "AME",
    "eps": 1.45,
    "epsEstimated": 1.37,
    "time": "bmo",
    "revenue": 1551786000,
    "revenueEstimated": 1513750264,
    "updatedFromDate": "2025-04-25",
    "fiscalDateEnding": "2022-09-30"
  },
  {
    "date": "2022-08-02",
    "symbol": "AME",
    "eps": 1.38,
    "epsEstimated": 1.29,
    "time": "bmo",
    "revenue": 1514552000,
    "revenueEstimated": 1447776857,
    "updatedFromDate": "2025-04-25",
    "fiscalDateEnding": "2022-06-30"
  },
  {
    "date": "2022-05-03",
    "symbol": "AME",
    "eps": 1.33,
    "epsEstimated": 1.27,
    "time": "bmo",
    "revenue": 1458525000,
    "revenueEstimated": 1457664864,
    "updatedFromDate": "2025-04-25",
    "fiscalDateEnding": "2022-03-31"
  },
  {
    "date": "2022-02-03",
    "symbol": "AME",
    "eps": 1.37,
    "epsEstimated": 1.3,
    "time": "bmo",
    "revenue": 1503745000,
    "revenueEstimated": 1468362951,
    "updatedFromDate": "2025-04-25",
    "fiscalDateEnding": "2021-12-31"
  },
  {
    "date": "2021-11-02",
    "symbol": "AME",
    "eps": 1.26,
    "epsEstimated": 1.18,
    "time": "bmo",
    "revenue": 1440681000,
    "revenueEstimated": 1409840000,
    "updatedFromDate": "2025-04-25",
    "fiscalDateEnding": "2021-09-30"
  },
  {
    "date": "2021-08-03",
    "symbol": "AME",
    "eps": 1.15,
    "epsEstimated": 1.1,
    "time": "bmo",
    "revenue": 1386346000,
    "revenueEstimated": 1386350000,
    "updatedFromDate": "2025-04-25",
    "fiscalDateEnding": "2021-06-30"
  },
  {
    "date": "2021-05-04",
    "symbol": "AME",
    "eps": 1.07,
    "epsEstimated": 1.01,
    "time": "bmo",
    "revenue": 1215742000,
    "revenueEstimated": 1170670000,
    "updatedFromDate": "2025-04-25",
    "fiscalDateEnding": "2021-03-31"
  },
  {
    "date": "2021-02-04",
    "symbol": "AME",
    "eps": 1.08,
    "epsEstimated": 1.03,
    "time": "bmo",
    "revenue": 1198947000,
    "revenueEstimated": 1202130000,
    "updatedFromDate": "2025-04-25",
    "fiscalDateEnding": "2020-12-31"
  },
  {
    "date": "2020-10-29",
    "symbol": "AME",
    "eps": 1.01,
    "epsEstimated": 0.93,
    "time": "bmo",
    "revenue": 1126942000,
    "revenueEstimated": 1037679267,
    "updatedFromDate": "2025-04-25",
    "fiscalDateEnding": "2020-09-30"
  },
  {
    "date": "2020-08-04",
    "symbol": "AME",
    "eps": 0.84,
    "epsEstimated": 0.72,
    "time": "bmo",
    "revenue": 1011922000,
    "revenueEstimated": 867361714,
    "updatedFromDate": "2025-04-25",
    "fiscalDateEnding": "2020-06-30"
  },
  {
    "date": "2020-05-05",
    "symbol": "AME",
    "eps": 1.02,
    "epsEstimated": 0.96,
    "time": "bmo",
    "revenue": 1202218000,
    "revenueEstimated": 1143285745,
    "updatedFromDate": "2025-04-25",
    "fiscalDateEnding": "2020-03-31"
  },
  {
    "date": "2020-02-05",
    "symbol": "AME",
    "eps": 1.08,
    "epsEstimated": 1.03,
    "time": "bmo",
    "revenue": 1304821000,
    "revenueEstimated": 1244412620,
    "updatedFromDate": "2025-04-25",
    "fiscalDateEnding": "2019-12-31"
  },
  {
    "date": "2019-10-31",
    "symbol": "AME",
    "eps": 1.06,
    "epsEstimated": 1.01,
    "time": "bmo",
    "revenue": 1276633000,
    "revenueEstimated": 1216414462,
    "updatedFromDate": "2025-04-25",
    "fiscalDateEnding": "2019-09-30"
  },
  {
    "date": "2019-07-30",
    "symbol": "AME",
    "eps": 1.05,
    "epsEstimated": 1.02,
    "time": "bmo",
    "revenue": 1289412000,
    "revenueEstimated": 1252571657,
    "updatedFromDate": "2025-04-25",
    "fiscalDateEnding": "2019-06-30"
  },
  {
    "date": "2019-05-01",
    "symbol": "AME",
    "eps": 1,
    "epsEstimated": 0.97,
    "time": "bmo",
    "revenue": 1287691000,
    "revenueEstimated": 1249060270,
    "updatedFromDate": "2025-04-25",
    "fiscalDateEnding": "2019-03-31"
  },
  {
    "date": "2019-02-05",
    "symbol": "AME",
    "eps": 0.86,
    "epsEstimated": 0.84,
    "time": "bmo",
    "revenue": 1271328000,
    "revenueEstimated": 1241762232,
    "updatedFromDate": "2025-04-25",
    "fiscalDateEnding": "2018-12-31"
  },
  {
    "date": "2018-11-01",
    "symbol": "AME",
    "eps": 0.83,
    "epsEstimated": 0.78,
    "time": "bmo",
    "revenue": 1192962000,
    "revenueEstimated": 1121132530,
    "updatedFromDate": "2025-04-25",
    "fiscalDateEnding": "2018-09-30"
  },
  {
    "date": "2018-07-31",
    "symbol": "AME",
    "eps": 0.83,
    "epsEstimated": 0.78,
    "time": "bmo",
    "revenue": 1208935000,
    "revenueEstimated": 1136074698,
    "updatedFromDate": "2025-04-25",
    "fiscalDateEnding": "2018-06-30"
  },
  {
    "date": "2018-05-02",
    "symbol": "AME",
    "eps": 0.78,
    "epsEstimated": 0.72,
    "time": "bmo",
    "revenue": 1172647000,
    "revenueEstimated": 1082400000,
    "updatedFromDate": "2025-04-25",
    "fiscalDateEnding": "2018-03-31"
  },
  {
    "date": "2018-02-01",
    "symbol": "AME",
    "eps": 0.7,
    "epsEstimated": 0.67,
    "time": "bmo",
    "revenue": 1143085000,
    "revenueEstimated": 1094110000,
    "updatedFromDate": "2025-04-25",
    "fiscalDateEnding": "2017-12-31"
  },
  {
    "date": "2017-11-02",
    "symbol": "AME",
    "eps": 0.66,
    "epsEstimated": 0.62,
    "time": "bmo",
    "revenue": 1084799000,
    "revenueEstimated": 1019054545,
    "updatedFromDate": "2025-04-25",
    "fiscalDateEnding": "2017-09-30"
  },
  {
    "date": "2017-08-02",
    "symbol": "AME",
    "eps": 0.65,
    "epsEstimated": 0.62,
    "time": "bmo",
    "revenue": 1064604000,
    "revenueEstimated": 1015464615,
    "updatedFromDate": "2025-04-25",
    "fiscalDateEnding": "2017-06-30"
  },
  {
    "date": "2017-05-02",
    "symbol": "AME",
    "eps": 0.6,
    "epsEstimated": 0.57,
    "time": "bmo",
    "revenue": 1007682000,
    "revenueEstimated": 940520000,
    "updatedFromDate": "2025-04-25",
    "fiscalDateEnding": "2017-03-31"
  },
  {
    "date": "2017-02-07",
    "symbol": "AME",
    "eps": 0.58,
    "epsEstimated": 0.58,
    "time": "bmo",
    "revenue": 972953000,
    "revenueEstimated": 973000000,
    "updatedFromDate": "2025-04-25",
    "fiscalDateEnding": "2016-12-31"
  },
  {
    "date": "2016-11-01",
    "symbol": "AME",
    "eps": 0.56,
    "epsEstimated": 0.55,
    "time": "bmo",
    "revenue": 945030000,
    "revenueEstimated": 928125000,
    "updatedFromDate": "2025-04-25",
    "fiscalDateEnding": "2016-09-30"
  },
  {
    "date": "2016-08-04",
    "symbol": "AME",
    "eps": 0.59,
    "epsEstimated": 0.59,
    "time": "bmo",
    "revenue": 977706000,
    "revenueEstimated": 977700000,
    "updatedFromDate": "2025-04-25",
    "fiscalDateEnding": "2016-06-30"
  }
]