[
  {
    "date": "2026-04-29",
    "symbol": "AMGN",
    "eps": null,
    "epsEstimated": null,
    "time": "amc",
    "revenue": null,
    "revenueEstimated": null,
    "updatedFromDate": "2025-10-02",
    "fiscalDateEnding": "2026-03-30"
  },
  {
    "date": "2026-02-02",
    "symbol": "AMGN",
    "eps": null,
    "epsEstimated": null,
    "time": "amc",
    "revenue": null,
    "revenueEstimated": null,
    "updatedFromDate": "2025-10-02",
    "fiscalDateEnding": "2025-12-30"
  },
  {
    "date": "2025-11-04",
    "symbol": "AMGN",
    "eps": null,
    "epsEstimated": 5.02,
    "time": "amc",
    "revenue": null,
    "revenueEstimated": 8982149310,
    "updatedFromDate": "2025-10-02",
    "fiscalDateEnding": "2025-09-30"
  },
  {
    "date": "2025-08-05",
    "symbol": "AMGN",
    "eps": 6.02,
    "epsEstimated": 5.28,
    "time": "amc",
    "revenue": 9167000000,
    "revenueEstimated": 8935515047,
    "updatedFromDate": "2025-10-02",
    "fiscalDateEnding": "2025-06-30"
  },
  {
    "date": "2025-05-01",
    "symbol": "AMGN",
    "eps": 4.9,
    "epsEstimated": 4.27,
    "time": "amc",
    "revenue": 8149000000,
    "revenueEstimated": 8057527283,
    "updatedFromDate": "2025-08-01",
    "fiscalDateEnding": "2025-03-31"
  },
  {
    "date": "2025-02-04",
    "symbol": "AMGN",
    "eps": 5.31,
    "epsEstimated": 5.04,
    "time": "amc",
    "revenue": 9086000000,
    "revenueEstimated": 8881241859,
    "updatedFromDate": "2025-05-04",
    "fiscalDateEnding": "2024-12-31"
  },
  {
    "date": "2024-10-30",
    "symbol": "AMGN",
    "eps": 5.58,
    "epsEstimated": 5.11,
    "time": "amc",
    "revenue": 8503000000,
    "revenueEstimated": 8498309400,
    "updatedFromDate": "2025-04-24",
    "fiscalDateEnding": "2024-09-30"
  },
  {
    "date": "2024-08-06",
    "symbol": "AMGN",
    "eps": 4.97,
    "epsEstimated": 4.98,
    "time": "amc",
    "revenue": 8388000000,
    "revenueEstimated": 8351854541,
    "updatedFromDate": "2025-04-24",
    "fiscalDateEnding": "2024-06-30"
  },
  {
    "date": "2024-05-02",
    "symbol": "AMGN",
    "eps": 3.96,
    "epsEstimated": 3.88,
    "time": "amc",
    "revenue": 7447000000,
    "revenueEstimated": 7451599955,
    "updatedFromDate": "2025-04-24",
    "fiscalDateEnding": "2024-03-31"
  },
  {
    "date": "2024-02-06",
    "symbol": "AMGN",
    "eps": 4.71,
    "epsEstimated": 4.59,
    "time": "amc",
    "revenue": 8196000000,
    "revenueEstimated": 8125898351,
    "updatedFromDate": "2025-04-24",
    "fiscalDateEnding": "2023-12-31"
  },
  {
    "date": "2023-10-31",
    "symbol": "AMGN",
    "eps": 4.96,
    "epsEstimated": 4.65,
    "time": "bmo",
    "revenue": 6903000000,
    "revenueEstimated": 6616190000,
    "updatedFromDate": "2025-04-24",
    "fiscalDateEnding": "2023-09-30"
  },
  {
    "date": "2023-08-03",
    "symbol": "AMGN",
    "eps": 5,
    "epsEstimated": 4.44,
    "time": "amc",
    "revenue": 6986000000,
    "revenueEstimated": 6676170000,
    "updatedFromDate": "2025-04-24",
    "fiscalDateEnding": "2023-06-30"
  },
  {
    "date": "2023-04-27",
    "symbol": "AMGN",
    "eps": 3.98,
    "epsEstimated": 3.85,
    "time": "amc",
    "revenue": 6105000000,
    "revenueEstimated": 6648340000,
    "updatedFromDate": "2025-04-24",
    "fiscalDateEnding": "2023-03-31"
  },
  {
    "date": "2023-01-31",
    "symbol": "AMGN",
    "eps": 4.09,
    "epsEstimated": 4.04,
    "time": "amc",
    "revenue": 6839000000,
    "revenueEstimated": 6743826650,
    "updatedFromDate": "2025-04-24",
    "fiscalDateEnding": "2022-12-31"
  },
  {
    "date": "2022-11-03",
    "symbol": "AMGN",
    "eps": 4.7,
    "epsEstimated": 4.44,
    "time": "amc",
    "revenue": 6652000000,
    "revenueEstimated": 6563726552,
    "updatedFromDate": "2025-04-24",
    "fiscalDateEnding": "2022-09-30"
  },
  {
    "date": "2022-08-04",
    "symbol": "AMGN",
    "eps": 4.65,
    "epsEstimated": 4.4,
    "time": "amc",
    "revenue": 6594000000,
    "revenueEstimated": 6531441753,
    "updatedFromDate": "2025-04-24",
    "fiscalDateEnding": "2022-06-30"
  },
  {
    "date": "2022-04-27",
    "symbol": "AMGN",
    "eps": 4.25,
    "epsEstimated": 4.22,
    "time": "amc",
    "revenue": 6238000000,
    "revenueEstimated": 6069329134,
    "updatedFromDate": "2025-04-24",
    "fiscalDateEnding": "2022-03-31"
  },
  {
    "date": "2022-02-07",
    "symbol": "AMGN",
    "eps": 4.36,
    "epsEstimated": 4.08,
    "time": "amc",
    "revenue": 6846000000,
    "revenueEstimated": 6869300681,
    "updatedFromDate": "2025-04-24",
    "fiscalDateEnding": "2021-12-31"
  },
  {
    "date": "2021-11-02",
    "symbol": "AMGN",
    "eps": 4.67,
    "epsEstimated": 4.22,
    "time": "amc",
    "revenue": 6706000000,
    "revenueEstimated": 6711100000,
    "updatedFromDate": "2025-04-24",
    "fiscalDateEnding": "2021-09-30"
  },
  {
    "date": "2021-08-03",
    "symbol": "AMGN",
    "eps": 4.38,
    "epsEstimated": 4.13,
    "time": "amc",
    "revenue": 6526000000,
    "revenueEstimated": 6450120000,
    "updatedFromDate": "2025-04-24",
    "fiscalDateEnding": "2021-06-30"
  },
  {
    "date": "2021-04-27",
    "symbol": "AMGN",
    "eps": 3.7,
    "epsEstimated": 4.05,
    "time": "amc",
    "revenue": 5901000000,
    "revenueEstimated": 6285400000,
    "updatedFromDate": "2025-04-24",
    "fiscalDateEnding": "2021-03-31"
  },
  {
    "date": "2021-02-02",
    "symbol": "AMGN",
    "eps": 3.81,
    "epsEstimated": 3.36,
    "time": "amc",
    "revenue": 6634000000,
    "revenueEstimated": 5812088495,
    "updatedFromDate": "2025-04-24",
    "fiscalDateEnding": "2020-12-31"
  },
  {
    "date": "2020-10-28",
    "symbol": "AMGN",
    "eps": 4.37,
    "epsEstimated": 3.81,
    "time": "amc",
    "revenue": 6423000000,
    "revenueEstimated": 5599915331,
    "updatedFromDate": "2025-04-24",
    "fiscalDateEnding": "2020-09-30"
  },
  {
    "date": "2020-07-28",
    "symbol": "AMGN",
    "eps": 4.25,
    "epsEstimated": 3.81,
    "time": "amc",
    "revenue": 6206000000,
    "revenueEstimated": 5592701176,
    "updatedFromDate": "2025-04-24",
    "fiscalDateEnding": "2020-06-30"
  },
  {
    "date": "2020-04-30",
    "symbol": "AMGN",
    "eps": 4.17,
    "epsEstimated": 3.7,
    "time": "amc",
    "revenue": 6161000000,
    "revenueEstimated": 5555242206,
    "updatedFromDate": "2025-04-24",
    "fiscalDateEnding": "2020-03-31"
  },
  {
    "date": "2020-01-30",
    "symbol": "AMGN",
    "eps": 3.64,
    "epsEstimated": 3.47,
    "time": "amc",
    "revenue": 6197000000,
    "revenueEstimated": 5907579670,
    "updatedFromDate": "2025-04-24",
    "fiscalDateEnding": "2019-12-31"
  },
  {
    "date": "2019-10-29",
    "symbol": "AMGN",
    "eps": 3.66,
    "epsEstimated": 3.53,
    "time": "amc",
    "revenue": 5737000000,
    "revenueEstimated": 5533226775,
    "updatedFromDate": "2025-04-24",
    "fiscalDateEnding": "2019-09-30"
  },
  {
    "date": "2019-07-30",
    "symbol": "AMGN",
    "eps": 3.97,
    "epsEstimated": 3.59,
    "time": "amc",
    "revenue": 5871000000,
    "revenueEstimated": 5309040302,
    "updatedFromDate": "2025-04-24",
    "fiscalDateEnding": "2019-06-30"
  },
  {
    "date": "2019-04-30",
    "symbol": "AMGN",
    "eps": 3.56,
    "epsEstimated": 3.48,
    "time": "amc",
    "revenue": 5557000000,
    "revenueEstimated": 5432123595,
    "updatedFromDate": "2025-04-24",
    "fiscalDateEnding": "2019-03-31"
  },
  {
    "date": "2019-01-29",
    "symbol": "AMGN",
    "eps": 3.42,
    "epsEstimated": 3.27,
    "time": "amc",
    "revenue": 6230000000,
    "revenueEstimated": 5956754385,
    "updatedFromDate": "2025-04-24",
    "fiscalDateEnding": "2018-12-31"
  },
  {
    "date": "2018-10-30",
    "symbol": "AMGN",
    "eps": 3.69,
    "epsEstimated": 3.45,
    "time": "amc",
    "revenue": 5904000000,
    "revenueEstimated": 5520000000,
    "updatedFromDate": "2025-04-24",
    "fiscalDateEnding": "2018-09-30"
  },
  {
    "date": "2018-07-26",
    "symbol": "AMGN",
    "eps": 3.83,
    "epsEstimated": 3.54,
    "time": "amc",
    "revenue": 6059000000,
    "revenueEstimated": 5600224543,
    "updatedFromDate": "2025-04-24",
    "fiscalDateEnding": "2018-06-30"
  },
  {
    "date": "2018-04-24",
    "symbol": "AMGN",
    "eps": 3.47,
    "epsEstimated": 3.23,
    "time": "amc",
    "revenue": 5554000000,
    "revenueEstimated": 5185867435,
    "updatedFromDate": "2025-04-24",
    "fiscalDateEnding": "2018-03-31"
  },
  {
    "date": "2018-02-01",
    "symbol": "AMGN",
    "eps": 2.89,
    "epsEstimated": 3.04,
    "time": "amc",
    "revenue": 5802000000,
    "revenueEstimated": 6083065743,
    "updatedFromDate": "2025-04-24",
    "fiscalDateEnding": "2017-12-31"
  },
  {
    "date": "2017-10-25",
    "symbol": "AMGN",
    "eps": 3.27,
    "epsEstimated": 3.11,
    "time": "amc",
    "revenue": 5773000000,
    "revenueEstimated": 5490529051,
    "updatedFromDate": "2025-04-24",
    "fiscalDateEnding": "2017-09-30"
  },
  {
    "date": "2017-07-25",
    "symbol": "AMGN",
    "eps": 3.27,
    "epsEstimated": 3.11,
    "time": "amc",
    "revenue": 5810000000,
    "revenueEstimated": 5525718654,
    "updatedFromDate": "2025-04-24",
    "fiscalDateEnding": "2017-06-30"
  },
  {
    "date": "2017-04-26",
    "symbol": "AMGN",
    "eps": 3.15,
    "epsEstimated": 3,
    "time": "amc",
    "revenue": 5464000000,
    "revenueEstimated": 5203809523,
    "updatedFromDate": "2025-04-24",
    "fiscalDateEnding": "2017-03-31"
  },
  {
    "date": "2017-02-02",
    "symbol": "AMGN",
    "eps": 2.89,
    "epsEstimated": 2.79,
    "time": "amc",
    "revenue": 5965000000,
    "revenueEstimated": 5758598615,
    "updatedFromDate": "2025-04-24",
    "fiscalDateEnding": "2016-12-31"
  },
  {
    "date": "2016-10-27",
    "symbol": "AMGN",
    "eps": 3.02,
    "epsEstimated": 2.79,
    "time": "amc",
    "revenue": 5811000000,
    "revenueEstimated": 5368440397,
    "updatedFromDate": "2025-04-24",
    "fiscalDateEnding": "2016-09-30"
  },
  {
    "date": "2016-07-27",
    "symbol": "AMGN",
    "eps": 2.84,
    "epsEstimated": 2.74,
    "time": "amc",
    "revenue": 5688000000,
    "revenueEstimated": 5487718309,
    "updatedFromDate": "2025-04-24",
    "fiscalDateEnding": "2016-06-30"
  }
]