[
  {
    "date": "2026-04-22",
    "symbol": "AMP",
    "eps": null,
    "epsEstimated": null,
    "time": "amc",
    "revenue": null,
    "revenueEstimated": null,
    "updatedFromDate": "2025-10-02",
    "fiscalDateEnding": "2026-03-30"
  },
  {
    "date": "2026-01-27",
    "symbol": "AMP",
    "eps": null,
    "epsEstimated": null,
    "time": "amc",
    "revenue": null,
    "revenueEstimated": null,
    "updatedFromDate": "2025-10-02",
    "fiscalDateEnding": "2025-12-30"
  },
  {
    "date": "2025-10-22",
    "symbol": "AMP",
    "eps": null,
    "epsEstimated": 9.42,
    "time": "bmo",
    "revenue": null,
    "revenueEstimated": 4511266570,
    "updatedFromDate": "2025-10-02",
    "fiscalDateEnding": "2025-09-30"
  },
  {
    "date": "2025-07-24",
    "symbol": "AMP",
    "eps": 9.11,
    "epsEstimated": 9,
    "time": "bmo",
    "revenue": 4375000000,
    "revenueEstimated": 4342309788,
    "updatedFromDate": "2025-10-02",
    "fiscalDateEnding": "2025-06-30"
  },
  {
    "date": "2025-04-24",
    "symbol": "AMP",
    "eps": 9.5,
    "epsEstimated": 9.08,
    "time": "bmo",
    "revenue": 4354000000,
    "revenueEstimated": 4418721129,
    "updatedFromDate": "2025-07-24",
    "fiscalDateEnding": "2025-03-31"
  },
  {
    "date": "2025-01-29",
    "symbol": "AMP",
    "eps": 9.36,
    "epsEstimated": 9.05,
    "time": "amc",
    "revenue": 4501000000,
    "revenueEstimated": 4489504584,
    "updatedFromDate": "2025-04-27",
    "fiscalDateEnding": "2024-12-31"
  },
  {
    "date": "2024-10-23",
    "symbol": "AMP",
    "eps": 8.83,
    "epsEstimated": 8.93,
    "time": "amc",
    "revenue": 4397000000,
    "revenueEstimated": 4311943940,
    "updatedFromDate": "2025-04-25",
    "fiscalDateEnding": "2024-09-30"
  },
  {
    "date": "2024-07-24",
    "symbol": "AMP",
    "eps": 8.72,
    "epsEstimated": 8.53,
    "time": "amc",
    "revenue": 4220000000,
    "revenueEstimated": 4239460377,
    "updatedFromDate": "2025-04-25",
    "fiscalDateEnding": "2024-06-30"
  },
  {
    "date": "2024-04-22",
    "symbol": "AMP",
    "eps": 8.39,
    "epsEstimated": 8.2,
    "time": "amc",
    "revenue": 4146000000,
    "revenueEstimated": 4150800691,
    "updatedFromDate": "2025-04-25",
    "fiscalDateEnding": "2024-03-31"
  },
  {
    "date": "2024-01-24",
    "symbol": "AMP",
    "eps": 7.75,
    "epsEstimated": 7.67,
    "time": "amc",
    "revenue": 3992000000,
    "revenueEstimated": 3914594340,
    "updatedFromDate": "2025-04-25",
    "fiscalDateEnding": "2023-12-31"
  },
  {
    "date": "2023-10-25",
    "symbol": "AMP",
    "eps": 6.96,
    "epsEstimated": 7.56,
    "time": "amc",
    "revenue": 3925000000,
    "revenueEstimated": 3872970000,
    "updatedFromDate": "2025-04-25",
    "fiscalDateEnding": "2023-09-30"
  },
  {
    "date": "2023-07-26",
    "symbol": "AMP",
    "eps": 7.44,
    "epsEstimated": 7.38,
    "time": "amc",
    "revenue": 3876000000,
    "revenueEstimated": 3860440000,
    "updatedFromDate": "2025-04-25",
    "fiscalDateEnding": "2023-06-30"
  },
  {
    "date": "2023-04-24",
    "symbol": "AMP",
    "eps": 7.25,
    "epsEstimated": 7.13,
    "time": "amc",
    "revenue": 3742000000,
    "revenueEstimated": 3815320000,
    "updatedFromDate": "2025-04-25",
    "fiscalDateEnding": "2023-03-31"
  },
  {
    "date": "2023-01-25",
    "symbol": "AMP",
    "eps": 6.94,
    "epsEstimated": 6.35,
    "time": "amc",
    "revenue": 3617000000,
    "revenueEstimated": 3460974011,
    "updatedFromDate": "2025-04-25",
    "fiscalDateEnding": "2022-12-31"
  },
  {
    "date": "2022-10-25",
    "symbol": "AMP",
    "eps": 6.43,
    "epsEstimated": 5.82,
    "time": "amc",
    "revenue": 3484000000,
    "revenueEstimated": 3322563878,
    "updatedFromDate": "2025-04-25",
    "fiscalDateEnding": "2022-09-30"
  },
  {
    "date": "2022-07-26",
    "symbol": "AMP",
    "eps": 5.81,
    "epsEstimated": 5.56,
    "time": "amc",
    "revenue": 3486000000,
    "revenueEstimated": 3412359057,
    "updatedFromDate": "2025-04-25",
    "fiscalDateEnding": "2022-06-30"
  },
  {
    "date": "2022-04-25",
    "symbol": "AMP",
    "eps": 5.98,
    "epsEstimated": 5.86,
    "time": "amc",
    "revenue": 3625000000,
    "revenueEstimated": 3601109215,
    "updatedFromDate": "2025-04-25",
    "fiscalDateEnding": "2022-03-31"
  },
  {
    "date": "2022-01-26",
    "symbol": "AMP",
    "eps": 6.15,
    "epsEstimated": 5.7,
    "time": "amc",
    "revenue": 3760000000,
    "revenueEstimated": 3719330000,
    "updatedFromDate": "2025-04-25",
    "fiscalDateEnding": "2021-12-31"
  },
  {
    "date": "2021-10-26",
    "symbol": "AMP",
    "eps": 5.91,
    "epsEstimated": 5.46,
    "time": "amc",
    "revenue": 2903000000,
    "revenueEstimated": 3489410000,
    "updatedFromDate": "2025-04-25",
    "fiscalDateEnding": "2021-09-30"
  },
  {
    "date": "2021-07-26",
    "symbol": "AMP",
    "eps": 5.27,
    "epsEstimated": 5.21,
    "time": "amc",
    "revenue": 3418000000,
    "revenueEstimated": 3489410000,
    "updatedFromDate": "2025-04-25",
    "fiscalDateEnding": "2021-06-30"
  },
  {
    "date": "2021-04-26",
    "symbol": "AMP",
    "eps": 5.43,
    "epsEstimated": 4.73,
    "time": "amc",
    "revenue": 3350000000,
    "revenueEstimated": 3218210000,
    "updatedFromDate": "2025-04-25",
    "fiscalDateEnding": "2021-03-31"
  },
  {
    "date": "2021-01-27",
    "symbol": "AMP",
    "eps": 4.53,
    "epsEstimated": 4.44,
    "time": "amc",
    "revenue": 3183000000,
    "revenueEstimated": 3094110000,
    "updatedFromDate": "2025-04-25",
    "fiscalDateEnding": "2020-12-31"
  },
  {
    "date": "2020-10-28",
    "symbol": "AMP",
    "eps": 1.47,
    "epsEstimated": 1.35,
    "time": "amc",
    "revenue": 3003000000,
    "revenueEstimated": 3013000000,
    "updatedFromDate": "2025-04-25",
    "fiscalDateEnding": "2020-09-30"
  },
  {
    "date": "2020-07-29",
    "symbol": "AMP",
    "eps": 2.64,
    "epsEstimated": 2.94,
    "time": "amc",
    "revenue": 2712000000,
    "revenueEstimated": 2543863636,
    "updatedFromDate": "2025-04-25",
    "fiscalDateEnding": "2020-06-30"
  },
  {
    "date": "2020-05-06",
    "symbol": "AMP",
    "eps": 5.41,
    "epsEstimated": 3.88,
    "time": "amc",
    "revenue": 3001000000,
    "revenueEstimated": 2203778188,
    "updatedFromDate": "2025-04-25",
    "fiscalDateEnding": "2020-03-31"
  },
  {
    "date": "2020-01-29",
    "symbol": "AMP",
    "eps": 4.2,
    "epsEstimated": 4.27,
    "time": "amc",
    "revenue": 3074000000,
    "revenueEstimated": 3163123809,
    "updatedFromDate": "2025-04-25",
    "fiscalDateEnding": "2019-12-31"
  },
  {
    "date": "2019-10-23",
    "symbol": "AMP",
    "eps": 4.24,
    "epsEstimated": 4.1,
    "time": "amc",
    "revenue": 3317000000,
    "revenueEstimated": 3334733009,
    "updatedFromDate": "2025-04-25",
    "fiscalDateEnding": "2019-09-30"
  },
  {
    "date": "2019-07-24",
    "symbol": "AMP",
    "eps": 4.06,
    "epsEstimated": 4.04,
    "time": "amc",
    "revenue": 3245000000,
    "revenueEstimated": 3265832512,
    "updatedFromDate": "2025-04-25",
    "fiscalDateEnding": "2019-06-30"
  },
  {
    "date": "2019-04-24",
    "symbol": "AMP",
    "eps": 3.75,
    "epsEstimated": 3.61,
    "time": "amc",
    "revenue": 3118000000,
    "revenueEstimated": 3068920000,
    "updatedFromDate": "2025-04-25",
    "fiscalDateEnding": "2019-03-31"
  },
  {
    "date": "2019-01-30",
    "symbol": "AMP",
    "eps": 3.8,
    "epsEstimated": 3.58,
    "time": "amc",
    "revenue": 3179000000,
    "revenueEstimated": 3022273684,
    "updatedFromDate": "2025-04-25",
    "fiscalDateEnding": "2018-12-31"
  },
  {
    "date": "2018-10-23",
    "symbol": "AMP",
    "eps": 4.05,
    "epsEstimated": 3.69,
    "time": "amc",
    "revenue": 3292000000,
    "revenueEstimated": 3271668449,
    "updatedFromDate": "2025-04-25",
    "fiscalDateEnding": "2018-09-30"
  },
  {
    "date": "2018-07-24",
    "symbol": "AMP",
    "eps": 3.6,
    "epsEstimated": 3.48,
    "time": "amc",
    "revenue": 3196000000,
    "revenueEstimated": 3108800000,
    "updatedFromDate": "2025-04-25",
    "fiscalDateEnding": "2018-06-30"
  },
  {
    "date": "2018-04-23",
    "symbol": "AMP",
    "eps": 3.7,
    "epsEstimated": 3.46,
    "time": "amc",
    "revenue": 3168000000,
    "revenueEstimated": 2977470270,
    "updatedFromDate": "2025-04-25",
    "fiscalDateEnding": "2018-03-31"
  },
  {
    "date": "2018-01-24",
    "symbol": "AMP",
    "eps": 3.26,
    "epsEstimated": 3.09,
    "time": "amc",
    "revenue": 3160000000,
    "revenueEstimated": 920969325,
    "updatedFromDate": "2025-04-25",
    "fiscalDateEnding": "2017-12-31"
  },
  {
    "date": "2017-10-24",
    "symbol": "AMP",
    "eps": 3.53,
    "epsEstimated": 2.79,
    "time": "amc",
    "revenue": 3014000000,
    "revenueEstimated": 2391654390,
    "updatedFromDate": "2025-04-25",
    "fiscalDateEnding": "2017-09-30"
  },
  {
    "date": "2017-07-25",
    "symbol": "AMP",
    "eps": 2.8,
    "epsEstimated": 2.62,
    "time": "amc",
    "revenue": 3012000000,
    "revenueEstimated": 2829600000,
    "updatedFromDate": "2025-04-25",
    "fiscalDateEnding": "2017-06-30"
  },
  {
    "date": "2017-04-24",
    "symbol": "AMP",
    "eps": 2.7,
    "epsEstimated": 2.52,
    "time": "amc",
    "revenue": 2926000000,
    "revenueEstimated": 2740266666,
    "updatedFromDate": "2025-04-25",
    "fiscalDateEnding": "2017-03-31"
  },
  {
    "date": "2017-02-01",
    "symbol": "AMP",
    "eps": 2.73,
    "epsEstimated": 2.43,
    "time": "amc",
    "revenue": 3062000000,
    "revenueEstimated": 2826989010,
    "updatedFromDate": "2025-04-25",
    "fiscalDateEnding": "2016-12-31"
  },
  {
    "date": "2016-10-25",
    "symbol": "AMP",
    "eps": 2.29,
    "epsEstimated": 2.41,
    "time": "amc",
    "revenue": 2998000000,
    "revenueEstimated": 5316934306,
    "updatedFromDate": "2025-04-25",
    "fiscalDateEnding": "2016-09-30"
  },
  {
    "date": "2016-07-26",
    "symbol": "AMP",
    "eps": 2.23,
    "epsEstimated": 2.26,
    "time": "amc",
    "revenue": 2871000000,
    "revenueEstimated": 2917730941,
    "updatedFromDate": "2025-04-25",
    "fiscalDateEnding": "2016-06-30"
  }
]