[
  {
    "date": "2026-04-27",
    "symbol": "AMT",
    "eps": null,
    "epsEstimated": null,
    "time": "bmo",
    "revenue": null,
    "revenueEstimated": null,
    "updatedFromDate": "2025-10-02",
    "fiscalDateEnding": "2026-03-30"
  },
  {
    "date": "2026-02-23",
    "symbol": "AMT",
    "eps": null,
    "epsEstimated": null,
    "time": "bmo",
    "revenue": null,
    "revenueEstimated": null,
    "updatedFromDate": "2025-10-02",
    "fiscalDateEnding": "2025-12-30"
  },
  {
    "date": "2025-10-28",
    "symbol": "AMT",
    "eps": null,
    "epsEstimated": 2.64,
    "time": "bmo",
    "revenue": null,
    "revenueEstimated": 2653195600,
    "updatedFromDate": "2025-10-02",
    "fiscalDateEnding": "2025-09-30"
  },
  {
    "date": "2025-07-29",
    "symbol": "AMT",
    "eps": 2.6,
    "epsEstimated": 2.6,
    "time": "bmo",
    "revenue": 2626900000,
    "revenueEstimated": 2659038490,
    "updatedFromDate": "2025-10-02",
    "fiscalDateEnding": "2025-06-30"
  },
  {
    "date": "2025-04-29",
    "symbol": "AMT",
    "eps": 2.75,
    "epsEstimated": 2.6,
    "time": "bmo",
    "revenue": 2562800000,
    "revenueEstimated": 2568975730,
    "updatedFromDate": "2025-07-29",
    "fiscalDateEnding": "2025-03-31"
  },
  {
    "date": "2025-02-25",
    "symbol": "AMT",
    "eps": 2.32,
    "epsEstimated": 1.79,
    "time": "bmo",
    "revenue": 2547600000,
    "revenueEstimated": 2546716510,
    "updatedFromDate": "2025-05-25",
    "fiscalDateEnding": "2024-12-31"
  },
  {
    "date": "2024-10-29",
    "symbol": "AMT",
    "eps": 2.64,
    "epsEstimated": 2.54,
    "time": "bmo",
    "revenue": 2522300000,
    "revenueEstimated": 2524761010,
    "updatedFromDate": "2025-04-25",
    "fiscalDateEnding": "2024-09-30"
  },
  {
    "date": "2024-07-30",
    "symbol": "AMT",
    "eps": 2.79,
    "epsEstimated": 2.53,
    "time": "bmo",
    "revenue": 2900300000,
    "revenueEstimated": 2822730000,
    "updatedFromDate": "2025-04-25",
    "fiscalDateEnding": "2024-06-30"
  },
  {
    "date": "2024-04-30",
    "symbol": "AMT",
    "eps": 1.96,
    "epsEstimated": 1.78,
    "time": "bmo",
    "revenue": 2834100000,
    "revenueEstimated": 2795210000,
    "updatedFromDate": "2025-04-25",
    "fiscalDateEnding": "2024-03-31"
  },
  {
    "date": "2024-02-27",
    "symbol": "AMT",
    "eps": 2.29,
    "epsEstimated": 2.18,
    "time": "bmo",
    "revenue": 2786700000,
    "revenueEstimated": 2742460000,
    "updatedFromDate": "2025-04-25",
    "fiscalDateEnding": "2023-12-31"
  },
  {
    "date": "2023-10-26",
    "symbol": "AMT",
    "eps": 2.58,
    "epsEstimated": 2.35,
    "time": "bmo",
    "revenue": 2818600000,
    "revenueEstimated": 2762150000,
    "updatedFromDate": "2025-04-25",
    "fiscalDateEnding": "2023-09-30"
  },
  {
    "date": "2023-07-27",
    "symbol": "AMT",
    "eps": 2.46,
    "epsEstimated": 2.36,
    "time": "bmo",
    "revenue": 2771700000,
    "revenueEstimated": 2728600000,
    "updatedFromDate": "2025-04-25",
    "fiscalDateEnding": "2023-06-30"
  },
  {
    "date": "2023-04-26",
    "symbol": "AMT",
    "eps": 2.54,
    "epsEstimated": 2.38,
    "time": "bmo",
    "revenue": 2767200000,
    "revenueEstimated": 2739010000,
    "updatedFromDate": "2025-04-25",
    "fiscalDateEnding": "2023-03-31"
  },
  {
    "date": "2023-02-23",
    "symbol": "AMT",
    "eps": 2.34,
    "epsEstimated": 2.23,
    "time": "bmo",
    "revenue": 2705000000,
    "revenueEstimated": 2682084322,
    "updatedFromDate": "2025-04-25",
    "fiscalDateEnding": "2022-12-31"
  },
  {
    "date": "2022-10-27",
    "symbol": "AMT",
    "eps": 1.8,
    "epsEstimated": 1.13,
    "time": "bmo",
    "revenue": 2671500000,
    "revenueEstimated": 2644471189,
    "updatedFromDate": "2025-04-25",
    "fiscalDateEnding": "2022-09-30"
  },
  {
    "date": "2022-07-28",
    "symbol": "AMT",
    "eps": 1.95,
    "epsEstimated": 0.96,
    "time": "bmo",
    "revenue": 2674300000,
    "revenueEstimated": 2650381105,
    "updatedFromDate": "2025-04-25",
    "fiscalDateEnding": "2022-06-30"
  },
  {
    "date": "2022-04-27",
    "symbol": "AMT",
    "eps": 2.55,
    "epsEstimated": 2.54,
    "time": "bmo",
    "revenue": 2660300000,
    "revenueEstimated": 2604739680,
    "updatedFromDate": "2025-04-25",
    "fiscalDateEnding": "2022-03-31"
  },
  {
    "date": "2022-02-24",
    "symbol": "AMT",
    "eps": 2.18,
    "epsEstimated": 2.17,
    "time": "bmo",
    "revenue": 2445200000,
    "revenueEstimated": 2410999758,
    "updatedFromDate": "2025-04-25",
    "fiscalDateEnding": "2021-12-31"
  },
  {
    "date": "2021-10-28",
    "symbol": "AMT",
    "eps": 2.49,
    "epsEstimated": 2.33,
    "time": "bmo",
    "revenue": 2454300000,
    "revenueEstimated": 2415310000,
    "updatedFromDate": "2025-04-25",
    "fiscalDateEnding": "2021-09-30"
  },
  {
    "date": "2021-07-29",
    "symbol": "AMT",
    "eps": 2.42,
    "epsEstimated": 2.34,
    "time": "bmo",
    "revenue": 2298900000,
    "revenueEstimated": 2205950000,
    "updatedFromDate": "2025-04-25",
    "fiscalDateEnding": "2021-06-30"
  },
  {
    "date": "2021-04-29",
    "symbol": "AMT",
    "eps": 2.46,
    "epsEstimated": 2.32,
    "time": "bmo",
    "revenue": 2158500000,
    "revenueEstimated": 2165930000,
    "updatedFromDate": "2025-04-25",
    "fiscalDateEnding": "2021-03-31"
  },
  {
    "date": "2021-02-25",
    "symbol": "AMT",
    "eps": 2.07,
    "epsEstimated": 2.08,
    "time": "bmo",
    "revenue": 2122500000,
    "revenueEstimated": 2060130000,
    "updatedFromDate": "2025-04-25",
    "fiscalDateEnding": "2020-12-31"
  },
  {
    "date": "2020-10-29",
    "symbol": "AMT",
    "eps": 2.23,
    "epsEstimated": 2.08,
    "time": "bmo",
    "revenue": 2012900000,
    "revenueEstimated": 2129134615,
    "updatedFromDate": "2025-04-25",
    "fiscalDateEnding": "2020-09-30"
  },
  {
    "date": "2020-07-30",
    "symbol": "AMT",
    "eps": 2.07,
    "epsEstimated": 2.05,
    "time": "bmo",
    "revenue": 1913000000,
    "revenueEstimated": 1970390000,
    "updatedFromDate": "2025-04-25",
    "fiscalDateEnding": "2020-06-30"
  },
  {
    "date": "2020-04-29",
    "symbol": "AMT",
    "eps": 2.12,
    "epsEstimated": 2.04,
    "time": "bmo",
    "revenue": 1993100000,
    "revenueEstimated": 2250274193,
    "updatedFromDate": "2025-04-25",
    "fiscalDateEnding": "2020-03-31"
  },
  {
    "date": "2020-02-25",
    "symbol": "AMT",
    "eps": 1.95,
    "epsEstimated": 1.9,
    "time": "bmo",
    "revenue": 1923700000,
    "revenueEstimated": 1572548412,
    "updatedFromDate": "2025-04-25",
    "fiscalDateEnding": "2019-12-31"
  },
  {
    "date": "2019-10-31",
    "symbol": "AMT",
    "eps": 2,
    "epsEstimated": 1.96,
    "time": "bmo",
    "revenue": 1953600000,
    "revenueEstimated": 1657071428,
    "updatedFromDate": "2025-04-25",
    "fiscalDateEnding": "2019-09-30"
  },
  {
    "date": "2019-07-31",
    "symbol": "AMT",
    "eps": 2.01,
    "epsEstimated": 1.93,
    "time": "bmo",
    "revenue": 1889600000,
    "revenueEstimated": 1771500000,
    "updatedFromDate": "2025-04-25",
    "fiscalDateEnding": "2019-06-30"
  },
  {
    "date": "2019-05-03",
    "symbol": "AMT",
    "eps": 1.84,
    "epsEstimated": 1.86,
    "time": "bmo",
    "revenue": 1813400000,
    "revenueEstimated": 1731898876,
    "updatedFromDate": "2025-04-25",
    "fiscalDateEnding": "2019-03-31"
  },
  {
    "date": "2019-02-27",
    "symbol": "AMT",
    "eps": 2.4,
    "epsEstimated": 2.3,
    "time": "bmo",
    "revenue": 2131900000,
    "revenueEstimated": 2647682258,
    "updatedFromDate": "2025-04-25",
    "fiscalDateEnding": "2018-12-31"
  },
  {
    "date": "2018-10-30",
    "symbol": "AMT",
    "eps": 1.85,
    "epsEstimated": 1.82,
    "time": "bmo",
    "revenue": 1785500000,
    "revenueEstimated": 1742475903,
    "updatedFromDate": "2025-04-25",
    "fiscalDateEnding": "2018-09-30"
  },
  {
    "date": "2018-07-31",
    "symbol": "AMT",
    "eps": 1.9,
    "epsEstimated": 1.78,
    "time": "bmo",
    "revenue": 1780900000,
    "revenueEstimated": 2090621739,
    "updatedFromDate": "2025-04-25",
    "fiscalDateEnding": "2018-06-30"
  },
  {
    "date": "2018-05-01",
    "symbol": "AMT",
    "eps": 1.73,
    "epsEstimated": 1.76,
    "time": "bmo",
    "revenue": 1741800000,
    "revenueEstimated": 2101219047,
    "updatedFromDate": "2025-04-25",
    "fiscalDateEnding": "2018-03-31"
  },
  {
    "date": "2018-02-27",
    "symbol": "AMT",
    "eps": 1.59,
    "epsEstimated": 1.68,
    "time": "bmo",
    "revenue": 1704500000,
    "revenueEstimated": 2473196078,
    "updatedFromDate": "2025-04-25",
    "fiscalDateEnding": "2017-12-31"
  },
  {
    "date": "2017-10-31",
    "symbol": "AMT",
    "eps": 1.73,
    "epsEstimated": 1.67,
    "time": "bmo",
    "revenue": 1680766000,
    "revenueEstimated": 1875675362,
    "updatedFromDate": "2025-04-25",
    "fiscalDateEnding": "2017-09-30"
  },
  {
    "date": "2017-07-27",
    "symbol": "AMT",
    "eps": 1.68,
    "epsEstimated": 1.61,
    "time": "bmo",
    "revenue": 1662434000,
    "revenueEstimated": 1537720000,
    "updatedFromDate": "2025-04-25",
    "fiscalDateEnding": "2017-06-30"
  },
  {
    "date": "2017-04-27",
    "symbol": "AMT",
    "eps": 1.58,
    "epsEstimated": 1.56,
    "time": "bmo",
    "revenue": 1616238000,
    "revenueEstimated": 1592077611,
    "updatedFromDate": "2025-04-25",
    "fiscalDateEnding": "2017-03-31"
  },
  {
    "date": "2017-02-27",
    "symbol": "AMT",
    "eps": 1.47,
    "epsEstimated": 1.38,
    "time": "bmo",
    "revenue": 1539549000,
    "revenueEstimated": 1899808510,
    "updatedFromDate": "2025-04-25",
    "fiscalDateEnding": "2016-12-31"
  },
  {
    "date": "2016-10-27",
    "symbol": "AMT",
    "eps": 1.49,
    "epsEstimated": 1.44,
    "time": "bmo",
    "revenue": 1514845000,
    "revenueEstimated": 1514800000,
    "updatedFromDate": "2025-04-25",
    "fiscalDateEnding": "2016-09-30"
  },
  {
    "date": "2016-07-28",
    "symbol": "AMT",
    "eps": 1.38,
    "epsEstimated": 1.39,
    "time": "bmo",
    "revenue": 1442227000,
    "revenueEstimated": 2143810810,
    "updatedFromDate": "2025-04-25",
    "fiscalDateEnding": "2016-06-30"
  }
]