[
  {
    "date": "2026-04-29",
    "symbol": "AMZN",
    "eps": null,
    "epsEstimated": null,
    "time": "amc",
    "revenue": null,
    "revenueEstimated": null,
    "updatedFromDate": "2025-10-02",
    "fiscalDateEnding": "2026-03-30"
  },
  {
    "date": "2026-02-04",
    "symbol": "AMZN",
    "eps": null,
    "epsEstimated": null,
    "time": "amc",
    "revenue": null,
    "revenueEstimated": null,
    "updatedFromDate": "2025-10-02",
    "fiscalDateEnding": "2025-12-30"
  },
  {
    "date": "2025-10-30",
    "symbol": "AMZN",
    "eps": null,
    "epsEstimated": 1.57,
    "time": "bmo",
    "revenue": null,
    "revenueEstimated": 177529362820,
    "updatedFromDate": "2025-10-02",
    "fiscalDateEnding": "2025-09-30"
  },
  {
    "date": "2025-07-31",
    "symbol": "AMZN",
    "eps": 1.68,
    "epsEstimated": 1.31,
    "time": "amc",
    "revenue": 167702000000,
    "revenueEstimated": 161776404970,
    "updatedFromDate": "2025-10-02",
    "fiscalDateEnding": "2025-06-30"
  },
  {
    "date": "2025-05-01",
    "symbol": "AMZN",
    "eps": 1.59,
    "epsEstimated": 1.37,
    "time": "amc",
    "revenue": 155667000000,
    "revenueEstimated": 155148014892,
    "updatedFromDate": "2025-08-01",
    "fiscalDateEnding": "2025-03-31"
  },
  {
    "date": "2025-02-06",
    "symbol": "AMZN",
    "eps": 1.86,
    "epsEstimated": 1.49,
    "time": "amc",
    "revenue": 187792000000,
    "revenueEstimated": 187337375136,
    "updatedFromDate": "2025-05-06",
    "fiscalDateEnding": "2024-12-31"
  },
  {
    "date": "2024-10-31",
    "symbol": "AMZN",
    "eps": 1.43,
    "epsEstimated": 1.14,
    "time": "amc",
    "revenue": 158877000000,
    "revenueEstimated": 157275157418,
    "updatedFromDate": "2025-04-25",
    "fiscalDateEnding": "2024-09-30"
  },
  {
    "date": "2024-08-01",
    "symbol": "AMZN",
    "eps": 1.26,
    "epsEstimated": 1.03,
    "time": "amc",
    "revenue": 147977000000,
    "revenueEstimated": 148665347243,
    "updatedFromDate": "2025-04-25",
    "fiscalDateEnding": "2024-06-30"
  },
  {
    "date": "2024-04-30",
    "symbol": "AMZN",
    "eps": 0.98,
    "epsEstimated": 0.83,
    "time": "amc",
    "revenue": 143313000000,
    "revenueEstimated": 142654161020,
    "updatedFromDate": "2025-04-25",
    "fiscalDateEnding": "2024-03-31"
  },
  {
    "date": "2024-02-01",
    "symbol": "AMZN",
    "eps": 1,
    "epsEstimated": 0.8,
    "time": "amc",
    "revenue": 169961000000,
    "revenueEstimated": 166172000000,
    "updatedFromDate": "2025-04-25",
    "fiscalDateEnding": "2023-12-31"
  },
  {
    "date": "2023-10-26",
    "symbol": "AMZN",
    "eps": 0.94,
    "epsEstimated": 0.58,
    "time": "amc",
    "revenue": 143083000000,
    "revenueEstimated": 133393000000,
    "updatedFromDate": "2025-04-25",
    "fiscalDateEnding": "2023-09-30"
  },
  {
    "date": "2023-08-03",
    "symbol": "AMZN",
    "eps": 0.65,
    "epsEstimated": 0.35,
    "time": "amc",
    "revenue": 134383000000,
    "revenueEstimated": 119573000000,
    "updatedFromDate": "2025-04-25",
    "fiscalDateEnding": "2023-06-30"
  },
  {
    "date": "2023-04-27",
    "symbol": "AMZN",
    "eps": 0.31,
    "epsEstimated": 0.21,
    "time": "amc",
    "revenue": 127358000000,
    "revenueEstimated": 124551000000,
    "updatedFromDate": "2025-04-25",
    "fiscalDateEnding": "2023-03-31"
  },
  {
    "date": "2023-02-02",
    "symbol": "AMZN",
    "eps": 0.21,
    "epsEstimated": 0.15,
    "time": "amc",
    "revenue": 149204000000,
    "revenueEstimated": 145712886275,
    "updatedFromDate": "2025-04-25",
    "fiscalDateEnding": "2022-12-31"
  },
  {
    "date": "2022-10-27",
    "symbol": "AMZN",
    "eps": 0.2,
    "epsEstimated": 0.22,
    "time": "amc",
    "revenue": 127101000000,
    "revenueEstimated": 127307504866,
    "updatedFromDate": "2025-04-25",
    "fiscalDateEnding": "2022-09-30"
  },
  {
    "date": "2022-07-28",
    "symbol": "AMZN",
    "eps": 0.1,
    "epsEstimated": 0.15,
    "time": "amc",
    "revenue": 121234000000,
    "revenueEstimated": 118999465993,
    "updatedFromDate": "2025-04-25",
    "fiscalDateEnding": "2022-06-30"
  },
  {
    "date": "2022-04-28",
    "symbol": "AMZN",
    "eps": 0.21,
    "epsEstimated": 0.44,
    "time": "amc",
    "revenue": 116444000000,
    "revenueEstimated": 116450273046,
    "updatedFromDate": "2025-04-25",
    "fiscalDateEnding": "2022-03-31"
  },
  {
    "date": "2022-02-03",
    "symbol": "AMZN",
    "eps": 1.39,
    "epsEstimated": 0.19,
    "time": "amc",
    "revenue": 137412000000,
    "revenueEstimated": 137681864590,
    "updatedFromDate": "2025-04-25",
    "fiscalDateEnding": "2021-12-31"
  },
  {
    "date": "2021-10-28",
    "symbol": "AMZN",
    "eps": 0.31,
    "epsEstimated": 0.45,
    "time": "amc",
    "revenue": 110812000000,
    "revenueEstimated": 137634000000,
    "updatedFromDate": "2025-04-25",
    "fiscalDateEnding": "2021-09-30"
  },
  {
    "date": "2021-07-29",
    "symbol": "AMZN",
    "eps": 0.76,
    "epsEstimated": 0.62,
    "time": "amc",
    "revenue": 113080000000,
    "revenueEstimated": 111678000000,
    "updatedFromDate": "2025-04-25",
    "fiscalDateEnding": "2021-06-30"
  },
  {
    "date": "2021-04-29",
    "symbol": "AMZN",
    "eps": 0.79,
    "epsEstimated": 0.48,
    "time": "amc",
    "revenue": 108518000000,
    "revenueEstimated": 92624208018,
    "updatedFromDate": "2025-04-25",
    "fiscalDateEnding": "2021-03-31"
  },
  {
    "date": "2021-02-02",
    "symbol": "AMZN",
    "eps": 0.7,
    "epsEstimated": 0.36,
    "time": "amc",
    "revenue": 125555000000,
    "revenueEstimated": 120761622016,
    "updatedFromDate": "2025-04-25",
    "fiscalDateEnding": "2020-12-31"
  },
  {
    "date": "2020-10-29",
    "symbol": "AMZN",
    "eps": 0.62,
    "epsEstimated": 0.37,
    "time": "amc",
    "revenue": 96145000000,
    "revenueEstimated": 78677360829,
    "updatedFromDate": "2025-04-25",
    "fiscalDateEnding": "2020-09-30"
  },
  {
    "date": "2020-07-30",
    "symbol": "AMZN",
    "eps": 0.52,
    "epsEstimated": 0.07,
    "time": "amc",
    "revenue": 88912000000,
    "revenueEstimated": 12603060194,
    "updatedFromDate": "2025-04-25",
    "fiscalDateEnding": "2020-06-30"
  },
  {
    "date": "2020-04-30",
    "symbol": "AMZN",
    "eps": 0.25,
    "epsEstimated": 0.31,
    "time": "amc",
    "revenue": 75452000000,
    "revenueEstimated": 94126746506,
    "updatedFromDate": "2025-04-25",
    "fiscalDateEnding": "2020-03-31"
  },
  {
    "date": "2020-01-30",
    "symbol": "AMZN",
    "eps": 0.32,
    "epsEstimated": 0.2,
    "time": "amc",
    "revenue": 87436000000,
    "revenueEstimated": 54461681607,
    "updatedFromDate": "2025-04-25",
    "fiscalDateEnding": "2019-12-31"
  },
  {
    "date": "2019-10-24",
    "symbol": "AMZN",
    "eps": 0.21,
    "epsEstimated": 0.23,
    "time": "amc",
    "revenue": 69981000000,
    "revenueEstimated": 76433148936,
    "updatedFromDate": "2025-04-25",
    "fiscalDateEnding": "2019-09-30"
  },
  {
    "date": "2019-07-25",
    "symbol": "AMZN",
    "eps": 0.26,
    "epsEstimated": 0.28,
    "time": "amc",
    "revenue": 63404000000,
    "revenueEstimated": 67655226053,
    "updatedFromDate": "2025-04-25",
    "fiscalDateEnding": "2019-06-30"
  },
  {
    "date": "2019-04-25",
    "symbol": "AMZN",
    "eps": 0.35,
    "epsEstimated": 0.24,
    "time": "amc",
    "revenue": 59700000000,
    "revenueEstimated": 39743864598,
    "updatedFromDate": "2025-04-25",
    "fiscalDateEnding": "2019-03-31"
  },
  {
    "date": "2019-01-31",
    "symbol": "AMZN",
    "eps": 0.3,
    "epsEstimated": 0.28,
    "time": "amc",
    "revenue": 72383000000,
    "revenueEstimated": 68068781456,
    "updatedFromDate": "2025-04-25",
    "fiscalDateEnding": "2018-12-31"
  },
  {
    "date": "2018-10-25",
    "symbol": "AMZN",
    "eps": 0.29,
    "epsEstimated": 0.16,
    "time": "amc",
    "revenue": 56576000000,
    "revenueEstimated": 53178512100,
    "updatedFromDate": "2025-04-25",
    "fiscalDateEnding": "2018-09-30"
  },
  {
    "date": "2018-07-26",
    "symbol": "AMZN",
    "eps": 0.25,
    "epsEstimated": 0.13,
    "time": "amc",
    "revenue": 52886000000,
    "revenueEstimated": 44574456492,
    "updatedFromDate": "2025-04-25",
    "fiscalDateEnding": "2018-06-30"
  },
  {
    "date": "2018-04-26",
    "symbol": "AMZN",
    "eps": 0.16,
    "epsEstimated": 0.06,
    "time": "amc",
    "revenue": 51042000000,
    "revenueEstimated": 19667559633,
    "updatedFromDate": "2025-04-25",
    "fiscalDateEnding": "2018-03-31"
  },
  {
    "date": "2018-02-01",
    "symbol": "AMZN",
    "eps": 0.11,
    "epsEstimated": 0.09,
    "time": "amc",
    "revenue": 60453000000,
    "revenueEstimated": 51497000000,
    "updatedFromDate": "2025-04-25",
    "fiscalDateEnding": "2017-12-31"
  },
  {
    "date": "2017-10-26",
    "symbol": "AMZN",
    "eps": 0.03,
    "epsEstimated": 0.00171,
    "time": "amc",
    "revenue": 43744000000,
    "revenueEstimated": 2523692307,
    "updatedFromDate": "2025-04-25",
    "fiscalDateEnding": "2017-09-30"
  },
  {
    "date": "2017-07-27",
    "symbol": "AMZN",
    "eps": 0.02,
    "epsEstimated": 0.07,
    "time": "amc",
    "revenue": 37955000000,
    "revenueEstimated": 134740250000,
    "updatedFromDate": "2025-04-25",
    "fiscalDateEnding": "2017-06-30"
  },
  {
    "date": "2017-04-27",
    "symbol": "AMZN",
    "eps": 0.07,
    "epsEstimated": 0.05,
    "time": "amc",
    "revenue": 35714000000,
    "revenueEstimated": 26302878378,
    "updatedFromDate": "2025-04-25",
    "fiscalDateEnding": "2017-03-31"
  },
  {
    "date": "2017-02-02",
    "symbol": "AMZN",
    "eps": 0.08,
    "epsEstimated": 0.07,
    "time": "amc",
    "revenue": 43741000000,
    "revenueEstimated": 38344383116,
    "updatedFromDate": "2025-04-25",
    "fiscalDateEnding": "2016-12-31"
  },
  {
    "date": "2016-10-27",
    "symbol": "AMZN",
    "eps": 0.03,
    "epsEstimated": 0.04494,
    "time": "amc",
    "revenue": 32714000000,
    "revenueEstimated": 49071000000,
    "updatedFromDate": "2025-04-25",
    "fiscalDateEnding": "2016-09-30"
  },
  {
    "date": "2016-07-28",
    "symbol": "AMZN",
    "eps": 0.09,
    "epsEstimated": 0.06,
    "time": "amc",
    "revenue": 30404000000,
    "revenueEstimated": 18959797752,
    "updatedFromDate": "2025-04-25",
    "fiscalDateEnding": "2016-06-30"
  }
]