[
  {
    "date": "2026-05-04",
    "symbol": "ANET",
    "eps": null,
    "epsEstimated": null,
    "time": "amc",
    "revenue": null,
    "revenueEstimated": null,
    "updatedFromDate": "2025-10-02",
    "fiscalDateEnding": "2026-03-30"
  },
  {
    "date": "2026-02-16",
    "symbol": "ANET",
    "eps": null,
    "epsEstimated": null,
    "time": "amc",
    "revenue": null,
    "revenueEstimated": null,
    "updatedFromDate": "2025-10-02",
    "fiscalDateEnding": "2025-12-30"
  },
  {
    "date": "2025-11-06",
    "symbol": "ANET",
    "eps": null,
    "epsEstimated": 0.72,
    "time": "bmo",
    "revenue": null,
    "revenueEstimated": null,
    "updatedFromDate": "2025-10-02",
    "fiscalDateEnding": "2025-09-30"
  },
  {
    "date": "2025-08-05",
    "symbol": "ANET",
    "eps": 0.73,
    "epsEstimated": 0.649,
    "time": "amc",
    "revenue": 2204800000,
    "revenueEstimated": 2107231034,
    "updatedFromDate": "2025-10-02",
    "fiscalDateEnding": "2025-06-30"
  },
  {
    "date": "2025-05-06",
    "symbol": "ANET",
    "eps": 0.65,
    "epsEstimated": 0.59,
    "time": "amc",
    "revenue": 2004800000,
    "revenueEstimated": 1967445602,
    "updatedFromDate": "2025-08-06",
    "fiscalDateEnding": "2025-03-31"
  },
  {
    "date": "2025-02-18",
    "symbol": "ANET",
    "eps": 0.65,
    "epsEstimated": 0.567,
    "time": "amc",
    "revenue": 1930436000,
    "revenueEstimated": 1902837217,
    "updatedFromDate": "2025-05-18",
    "fiscalDateEnding": "2024-12-31"
  },
  {
    "date": "2024-11-07",
    "symbol": "ANET",
    "eps": 2.4,
    "epsEstimated": 2.08,
    "time": "bmo",
    "revenue": 1810936000,
    "revenueEstimated": 1811980000,
    "updatedFromDate": "2025-04-25",
    "fiscalDateEnding": "2024-09-30"
  },
  {
    "date": "2024-07-29",
    "symbol": "ANET",
    "eps": 2.1,
    "epsEstimated": 1.95,
    "time": "amc",
    "revenue": 1690400000,
    "revenueEstimated": 1655518256,
    "updatedFromDate": "2025-04-25",
    "fiscalDateEnding": "2024-06-30"
  },
  {
    "date": "2024-05-06",
    "symbol": "ANET",
    "eps": 1.99,
    "epsEstimated": 1.74,
    "time": "amc",
    "revenue": 1571374000,
    "revenueEstimated": 1551259273,
    "updatedFromDate": "2025-04-25",
    "fiscalDateEnding": "2024-03-31"
  },
  {
    "date": "2024-02-12",
    "symbol": "ANET",
    "eps": 2.08,
    "epsEstimated": 1.7,
    "time": "amc",
    "revenue": 1540437000,
    "revenueEstimated": 1533998530,
    "updatedFromDate": "2025-04-25",
    "fiscalDateEnding": "2023-12-31"
  },
  {
    "date": "2023-10-30",
    "symbol": "ANET",
    "eps": 1.83,
    "epsEstimated": 1.58,
    "time": "bmo",
    "revenue": 1509456000,
    "revenueEstimated": 1479610000,
    "updatedFromDate": "2025-04-25",
    "fiscalDateEnding": "2023-09-30"
  },
  {
    "date": "2023-07-31",
    "symbol": "ANET",
    "eps": 1.58,
    "epsEstimated": 1.44,
    "time": "bmo",
    "revenue": 1458924000,
    "revenueEstimated": 1378080000,
    "updatedFromDate": "2025-04-25",
    "fiscalDateEnding": "2023-06-30"
  },
  {
    "date": "2023-05-01",
    "symbol": "ANET",
    "eps": 1.43,
    "epsEstimated": 1.34,
    "time": "bmo",
    "revenue": 1351351000,
    "revenueEstimated": 1305950000,
    "updatedFromDate": "2025-04-25",
    "fiscalDateEnding": "2023-03-31"
  },
  {
    "date": "2023-02-13",
    "symbol": "ANET",
    "eps": 1.41,
    "epsEstimated": 1.21,
    "time": "bmo",
    "revenue": 1275552000,
    "revenueEstimated": 1200860000,
    "updatedFromDate": "2025-04-25",
    "fiscalDateEnding": "2022-12-31"
  },
  {
    "date": "2022-10-31",
    "symbol": "ANET",
    "eps": 1.25,
    "epsEstimated": 1.04,
    "time": "amc",
    "revenue": 1176801000,
    "revenueEstimated": 1060792408,
    "updatedFromDate": "2025-04-25",
    "fiscalDateEnding": "2022-09-30"
  },
  {
    "date": "2022-08-01",
    "symbol": "ANET",
    "eps": 1.08,
    "epsEstimated": 0.91,
    "time": "amc",
    "revenue": 1051891000,
    "revenueEstimated": 978754912,
    "updatedFromDate": "2025-04-25",
    "fiscalDateEnding": "2022-06-30"
  },
  {
    "date": "2022-05-02",
    "symbol": "ANET",
    "eps": 0.84,
    "epsEstimated": 0.81,
    "time": "amc",
    "revenue": 877066000,
    "revenueEstimated": 856139561,
    "updatedFromDate": "2025-04-25",
    "fiscalDateEnding": "2022-03-31"
  },
  {
    "date": "2022-02-14",
    "symbol": "ANET",
    "eps": 0.82,
    "epsEstimated": 0.73,
    "time": "amc",
    "revenue": 824459000,
    "revenueEstimated": 790104625,
    "updatedFromDate": "2025-04-25",
    "fiscalDateEnding": "2021-12-31"
  },
  {
    "date": "2021-11-01",
    "symbol": "ANET",
    "eps": 0.74,
    "epsEstimated": 0.68,
    "time": "amc",
    "revenue": 748697000,
    "revenueEstimated": 738320000,
    "updatedFromDate": "2025-04-25",
    "fiscalDateEnding": "2021-09-30"
  },
  {
    "date": "2021-08-02",
    "symbol": "ANET",
    "eps": 0.68,
    "epsEstimated": 0.64,
    "time": "amc",
    "revenue": 707319000,
    "revenueEstimated": 681242723,
    "updatedFromDate": "2025-04-25",
    "fiscalDateEnding": "2021-06-30"
  },
  {
    "date": "2021-05-04",
    "symbol": "ANET",
    "eps": 0.63,
    "epsEstimated": 0.6,
    "time": "amc",
    "revenue": 667562000,
    "revenueEstimated": 642030000,
    "updatedFromDate": "2025-04-25",
    "fiscalDateEnding": "2021-03-31"
  },
  {
    "date": "2021-02-18",
    "symbol": "ANET",
    "eps": 0.62,
    "epsEstimated": 0.6,
    "time": "amc",
    "revenue": 648482000,
    "revenueEstimated": 628050000,
    "updatedFromDate": "2025-04-25",
    "fiscalDateEnding": "2020-12-31"
  },
  {
    "date": "2020-11-02",
    "symbol": "ANET",
    "eps": 0.61,
    "epsEstimated": 0.55,
    "time": "amc",
    "revenue": 605431000,
    "revenueEstimated": 552893599,
    "updatedFromDate": "2025-04-25",
    "fiscalDateEnding": "2020-09-30"
  },
  {
    "date": "2020-08-04",
    "symbol": "ANET",
    "eps": 0.53,
    "epsEstimated": 0.49,
    "time": "amc",
    "revenue": 540570000,
    "revenueEstimated": 499578909,
    "updatedFromDate": "2025-04-25",
    "fiscalDateEnding": "2020-06-30"
  },
  {
    "date": "2020-05-05",
    "symbol": "ANET",
    "eps": 0.51,
    "epsEstimated": 0.45,
    "time": "amc",
    "revenue": 523029000,
    "revenueEstimated": 468654698,
    "updatedFromDate": "2025-04-25",
    "fiscalDateEnding": "2020-03-31"
  },
  {
    "date": "2020-02-13",
    "symbol": "ANET",
    "eps": 0.57,
    "epsEstimated": 0.52,
    "time": "amc",
    "revenue": 552546000,
    "revenueEstimated": 506701572,
    "updatedFromDate": "2025-04-25",
    "fiscalDateEnding": "2019-12-31"
  },
  {
    "date": "2019-10-31",
    "symbol": "ANET",
    "eps": 0.67,
    "epsEstimated": 0.6,
    "time": "amc",
    "revenue": 654415000,
    "revenueEstimated": 586297453,
    "updatedFromDate": "2025-04-25",
    "fiscalDateEnding": "2019-09-30"
  },
  {
    "date": "2019-08-01",
    "symbol": "ANET",
    "eps": 0.61,
    "epsEstimated": 0.55,
    "time": "amc",
    "revenue": 608321000,
    "revenueEstimated": 548486147,
    "updatedFromDate": "2025-04-25",
    "fiscalDateEnding": "2019-06-30"
  },
  {
    "date": "2019-05-02",
    "symbol": "ANET",
    "eps": 0.58,
    "epsEstimated": 0.52,
    "time": "amc",
    "revenue": 595424000,
    "revenueEstimated": 533561766,
    "updatedFromDate": "2025-04-25",
    "fiscalDateEnding": "2019-03-31"
  },
  {
    "date": "2019-02-14",
    "symbol": "ANET",
    "eps": 0.56,
    "epsEstimated": 0.52,
    "time": "amc",
    "revenue": 595726000,
    "revenueEstimated": 548067920,
    "updatedFromDate": "2025-04-25",
    "fiscalDateEnding": "2018-12-31"
  },
  {
    "date": "2018-11-01",
    "symbol": "ANET",
    "eps": 0.53,
    "epsEstimated": 0.46,
    "time": "amc",
    "revenue": 563309000,
    "revenueEstimated": 491226805,
    "updatedFromDate": "2025-04-25",
    "fiscalDateEnding": "2018-09-30"
  },
  {
    "date": "2018-08-02",
    "symbol": "ANET",
    "eps": 0.48,
    "epsEstimated": 0.42,
    "time": "amc",
    "revenue": 519845000,
    "revenueEstimated": 457894559,
    "updatedFromDate": "2025-04-25",
    "fiscalDateEnding": "2018-06-30"
  },
  {
    "date": "2018-05-03",
    "symbol": "ANET",
    "eps": 0.42,
    "epsEstimated": 0.38,
    "time": "amc",
    "revenue": 472489000,
    "revenueEstimated": 429794210,
    "updatedFromDate": "2025-04-25",
    "fiscalDateEnding": "2018-03-31"
  },
  {
    "date": "2018-02-15",
    "symbol": "ANET",
    "eps": 0.43,
    "epsEstimated": 0.35,
    "time": "amc",
    "revenue": 467867000,
    "revenueEstimated": 385785070,
    "updatedFromDate": "2025-04-25",
    "fiscalDateEnding": "2017-12-31"
  },
  {
    "date": "2017-11-02",
    "symbol": "ANET",
    "eps": 0.41,
    "epsEstimated": 0.3,
    "time": "amc",
    "revenue": 437633000,
    "revenueEstimated": 321471154,
    "updatedFromDate": "2025-04-25",
    "fiscalDateEnding": "2017-09-30"
  },
  {
    "date": "2017-08-03",
    "symbol": "ANET",
    "eps": 0.34,
    "epsEstimated": 0.24,
    "time": "amc",
    "revenue": 405211000,
    "revenueEstimated": 287276455,
    "updatedFromDate": "2025-04-25",
    "fiscalDateEnding": "2017-06-30"
  },
  {
    "date": "2017-05-04",
    "symbol": "ANET",
    "eps": 0.23,
    "epsEstimated": 0.21,
    "time": "amc",
    "revenue": 335475000,
    "revenueEstimated": 310224193,
    "updatedFromDate": "2025-04-25",
    "fiscalDateEnding": "2017-03-31"
  },
  {
    "date": "2017-02-16",
    "symbol": "ANET",
    "eps": 0.26,
    "epsEstimated": 0.2,
    "time": "amc",
    "revenue": 327969000,
    "revenueEstimated": 258590942,
    "updatedFromDate": "2025-04-25",
    "fiscalDateEnding": "2016-12-31"
  },
  {
    "date": "2016-11-03",
    "symbol": "ANET",
    "eps": 0.21,
    "epsEstimated": 0.18,
    "time": "amc",
    "revenue": 290261000,
    "revenueEstimated": 255289795,
    "updatedFromDate": "2025-04-25",
    "fiscalDateEnding": "2016-09-30"
  },
  {
    "date": "2016-08-04",
    "symbol": "ANET",
    "eps": 0.19,
    "epsEstimated": 0.17,
    "time": "amc",
    "revenue": 268741000,
    "revenueEstimated": 243319554,
    "updatedFromDate": "2025-04-25",
    "fiscalDateEnding": "2016-06-30"
  }
]