[
  {
    "date": "2026-04-23",
    "symbol": "AON",
    "eps": null,
    "epsEstimated": null,
    "time": "bmo",
    "revenue": null,
    "revenueEstimated": null,
    "updatedFromDate": "2025-10-02",
    "fiscalDateEnding": "2026-03-30"
  },
  {
    "date": "2026-01-29",
    "symbol": "AON",
    "eps": null,
    "epsEstimated": null,
    "time": "bmo",
    "revenue": null,
    "revenueEstimated": null,
    "updatedFromDate": "2025-10-02",
    "fiscalDateEnding": "2025-12-30"
  },
  {
    "date": "2025-10-24",
    "symbol": "AON",
    "eps": null,
    "epsEstimated": 2.89,
    "time": "bmo",
    "revenue": null,
    "revenueEstimated": 3964872080,
    "updatedFromDate": "2025-10-02",
    "fiscalDateEnding": "2025-09-30"
  },
  {
    "date": "2025-07-25",
    "symbol": "AON",
    "eps": 3.49,
    "epsEstimated": 3.4,
    "time": "bmo",
    "revenue": 4155000000,
    "revenueEstimated": 4166786914,
    "updatedFromDate": "2025-10-02",
    "fiscalDateEnding": "2025-06-30"
  },
  {
    "date": "2025-04-25",
    "symbol": "AON",
    "eps": 5.67,
    "epsEstimated": 6.01,
    "time": "bmo",
    "revenue": 4729000000,
    "revenueEstimated": 4867952475,
    "updatedFromDate": "2025-07-25",
    "fiscalDateEnding": "2025-03-31"
  },
  {
    "date": "2025-01-31",
    "symbol": "AON",
    "eps": 4.42,
    "epsEstimated": 4.25,
    "time": "bmo",
    "revenue": 4147000000,
    "revenueEstimated": 4202199262,
    "updatedFromDate": "2025-05-01",
    "fiscalDateEnding": "2024-12-31"
  },
  {
    "date": "2024-10-25",
    "symbol": "AON",
    "eps": 2.72,
    "epsEstimated": 2.48,
    "time": "bmo",
    "revenue": 3721000000,
    "revenueEstimated": 3687464942,
    "updatedFromDate": "2025-04-25",
    "fiscalDateEnding": "2024-09-30"
  },
  {
    "date": "2024-07-26",
    "symbol": "AON",
    "eps": 2.93,
    "epsEstimated": 3.08,
    "time": "bmo",
    "revenue": 3760000000,
    "revenueEstimated": 3736742633,
    "updatedFromDate": "2025-04-25",
    "fiscalDateEnding": "2024-06-30"
  },
  {
    "date": "2024-04-26",
    "symbol": "AON",
    "eps": 5.66,
    "epsEstimated": 5.91,
    "time": "bmo",
    "revenue": 4070000000,
    "revenueEstimated": 4135896222,
    "updatedFromDate": "2025-04-25",
    "fiscalDateEnding": "2024-03-31"
  },
  {
    "date": "2024-02-02",
    "symbol": "AON",
    "eps": 3.89,
    "epsEstimated": 4.07,
    "time": "bmo",
    "revenue": 3375000000,
    "revenueEstimated": 3356360000,
    "updatedFromDate": "2025-04-25",
    "fiscalDateEnding": "2023-12-31"
  },
  {
    "date": "2023-10-27",
    "symbol": "AON",
    "eps": 2.32,
    "epsEstimated": 2.21,
    "time": "bmo",
    "revenue": 2953000000,
    "revenueEstimated": 2887010000,
    "updatedFromDate": "2025-04-25",
    "fiscalDateEnding": "2023-09-30"
  },
  {
    "date": "2023-07-28",
    "symbol": "AON",
    "eps": 2.76,
    "epsEstimated": 2.84,
    "time": "bmo",
    "revenue": 3177000000,
    "revenueEstimated": 3170260000,
    "updatedFromDate": "2025-04-25",
    "fiscalDateEnding": "2023-06-30"
  },
  {
    "date": "2023-04-28",
    "symbol": "AON",
    "eps": 5.17,
    "epsEstimated": 5.32,
    "time": "bmo",
    "revenue": 3871000000,
    "revenueEstimated": 3844190000,
    "updatedFromDate": "2025-04-25",
    "fiscalDateEnding": "2023-03-31"
  },
  {
    "date": "2023-02-03",
    "symbol": "AON",
    "eps": 3.89,
    "epsEstimated": 3.65,
    "time": "bmo",
    "revenue": 3130000000,
    "revenueEstimated": 3131707146,
    "updatedFromDate": "2025-04-25",
    "fiscalDateEnding": "2022-12-31"
  },
  {
    "date": "2022-10-28",
    "symbol": "AON",
    "eps": 2.02,
    "epsEstimated": 1.99,
    "time": "bmo",
    "revenue": 2696000000,
    "revenueEstimated": 2808803364,
    "updatedFromDate": "2025-04-25",
    "fiscalDateEnding": "2022-09-30"
  },
  {
    "date": "2022-07-29",
    "symbol": "AON",
    "eps": 2.63,
    "epsEstimated": 2.56,
    "time": "bmo",
    "revenue": 2983000000,
    "revenueEstimated": 3012166073,
    "updatedFromDate": "2025-04-25",
    "fiscalDateEnding": "2022-06-30"
  },
  {
    "date": "2022-04-29",
    "symbol": "AON",
    "eps": 4.83,
    "epsEstimated": 4.81,
    "time": "bmo",
    "revenue": 3670000000,
    "revenueEstimated": 3724877900,
    "updatedFromDate": "2025-04-25",
    "fiscalDateEnding": "2022-03-31"
  },
  {
    "date": "2022-02-04",
    "symbol": "AON",
    "eps": 3.71,
    "epsEstimated": 3.35,
    "time": "bmo",
    "revenue": 3080000000,
    "revenueEstimated": 3151709000,
    "updatedFromDate": "2025-04-25",
    "fiscalDateEnding": "2021-12-31"
  },
  {
    "date": "2021-10-29",
    "symbol": "AON",
    "eps": 1.74,
    "epsEstimated": 1.67,
    "time": "bmo",
    "revenue": 2702000000,
    "revenueEstimated": 2597090000,
    "updatedFromDate": "2025-04-25",
    "fiscalDateEnding": "2021-09-30"
  },
  {
    "date": "2021-07-30",
    "symbol": "AON",
    "eps": 2.29,
    "epsEstimated": 1.8,
    "time": "bmo",
    "revenue": 2886000000,
    "revenueEstimated": 2692730000,
    "updatedFromDate": "2025-04-25",
    "fiscalDateEnding": "2021-06-30"
  },
  {
    "date": "2021-04-30",
    "symbol": "AON",
    "eps": 4.28,
    "epsEstimated": 4.05,
    "time": "bmo",
    "revenue": 3525000000,
    "revenueEstimated": 3348170000,
    "updatedFromDate": "2025-04-25",
    "fiscalDateEnding": "2021-03-31"
  },
  {
    "date": "2021-02-05",
    "symbol": "AON",
    "eps": 2.62,
    "epsEstimated": 2.46,
    "time": "bmo",
    "revenue": 2965000000,
    "revenueEstimated": 2772154471,
    "updatedFromDate": "2025-04-25",
    "fiscalDateEnding": "2020-12-31"
  },
  {
    "date": "2020-10-30",
    "symbol": "AON",
    "eps": 1.53,
    "epsEstimated": 1.49,
    "time": "bmo",
    "revenue": 2385000000,
    "revenueEstimated": 7889209150,
    "updatedFromDate": "2025-04-25",
    "fiscalDateEnding": "2020-09-30"
  },
  {
    "date": "2020-07-31",
    "symbol": "AON",
    "eps": 1.96,
    "epsEstimated": 1.93,
    "time": "bmo",
    "revenue": 2497000000,
    "revenueEstimated": 2458780612,
    "updatedFromDate": "2025-04-25",
    "fiscalDateEnding": "2020-06-30"
  },
  {
    "date": "2020-05-01",
    "symbol": "AON",
    "eps": 3.68,
    "epsEstimated": 3.66,
    "time": "bmo",
    "revenue": 3219000000,
    "revenueEstimated": 3201505434,
    "updatedFromDate": "2025-04-25",
    "fiscalDateEnding": "2020-03-31"
  },
  {
    "date": "2020-01-31",
    "symbol": "AON",
    "eps": 2.53,
    "epsEstimated": 2.49,
    "time": "bmo",
    "revenue": 2885000000,
    "revenueEstimated": 2816581027,
    "updatedFromDate": "2025-04-25",
    "fiscalDateEnding": "2019-12-31"
  },
  {
    "date": "2019-10-25",
    "symbol": "AON",
    "eps": 1.45,
    "epsEstimated": 1.43,
    "time": "bmo",
    "revenue": 2379000000,
    "revenueEstimated": 2346186206,
    "updatedFromDate": "2025-04-25",
    "fiscalDateEnding": "2019-09-30"
  },
  {
    "date": "2019-07-26",
    "symbol": "AON",
    "eps": 1.87,
    "epsEstimated": 1.88,
    "time": "bmo",
    "revenue": 2606000000,
    "revenueEstimated": 2606000000,
    "updatedFromDate": "2025-04-25",
    "fiscalDateEnding": "2019-06-30"
  },
  {
    "date": "2019-04-26",
    "symbol": "AON",
    "eps": 3.31,
    "epsEstimated": 3.31,
    "time": "bmo",
    "revenue": 3143000000,
    "revenueEstimated": 3143000000,
    "updatedFromDate": "2025-04-25",
    "fiscalDateEnding": "2019-03-31"
  },
  {
    "date": "2019-02-01",
    "symbol": "AON",
    "eps": 2.16,
    "epsEstimated": 2.13,
    "time": "bmo",
    "revenue": 2770000000,
    "revenueEstimated": 2731527777,
    "updatedFromDate": "2025-04-25",
    "fiscalDateEnding": "2018-12-31"
  },
  {
    "date": "2018-10-26",
    "symbol": "AON",
    "eps": 1.31,
    "epsEstimated": 1.23,
    "time": "bmo",
    "revenue": 2349000000,
    "revenueEstimated": 2204446153,
    "updatedFromDate": "2025-04-25",
    "fiscalDateEnding": "2018-09-30"
  },
  {
    "date": "2018-07-27",
    "symbol": "AON",
    "eps": 1.71,
    "epsEstimated": 1.63,
    "time": "bmo",
    "revenue": 2561000000,
    "revenueEstimated": 2456163742,
    "updatedFromDate": "2025-04-25",
    "fiscalDateEnding": "2018-06-30"
  },
  {
    "date": "2018-05-04",
    "symbol": "AON",
    "eps": 2.97,
    "epsEstimated": 2.81,
    "time": "bmo",
    "revenue": 3090000000,
    "revenueEstimated": 2923535353,
    "updatedFromDate": "2025-04-25",
    "fiscalDateEnding": "2018-03-31"
  },
  {
    "date": "2018-02-02",
    "symbol": "AON",
    "eps": 2.35,
    "epsEstimated": 2.34,
    "time": "bmo",
    "revenue": 2909000000,
    "revenueEstimated": 2909000000,
    "updatedFromDate": "2025-04-25",
    "fiscalDateEnding": "2017-12-31"
  },
  {
    "date": "2017-10-27",
    "symbol": "AON",
    "eps": 1.29,
    "epsEstimated": 1.27,
    "time": "bmo",
    "revenue": 2340000000,
    "revenueEstimated": 2321860465,
    "updatedFromDate": "2025-04-25",
    "fiscalDateEnding": "2017-09-30"
  },
  {
    "date": "2017-08-04",
    "symbol": "AON",
    "eps": 1.45,
    "epsEstimated": 1.45,
    "time": "bmo",
    "revenue": 2368000000,
    "revenueEstimated": 2368000000,
    "updatedFromDate": "2025-04-25",
    "fiscalDateEnding": "2017-06-30"
  },
  {
    "date": "2017-05-09",
    "symbol": "AON",
    "eps": 1.45,
    "epsEstimated": 1.28,
    "time": "bmo",
    "revenue": 2381000000,
    "revenueEstimated": 2118268965,
    "updatedFromDate": "2025-04-25",
    "fiscalDateEnding": "2017-03-31"
  },
  {
    "date": "2017-02-10",
    "symbol": "AON",
    "eps": 2.56,
    "epsEstimated": 2.49,
    "time": "bmo",
    "revenue": 3323000000,
    "revenueEstimated": 2577539062,
    "updatedFromDate": "2025-04-25",
    "fiscalDateEnding": "2016-12-31"
  },
  {
    "date": "2016-10-28",
    "symbol": "AON",
    "eps": 1.29,
    "epsEstimated": 1.27,
    "time": "bmo",
    "revenue": 2201000000,
    "revenueEstimated": 2166875968,
    "updatedFromDate": "2025-04-25",
    "fiscalDateEnding": "2016-09-30"
  },
  {
    "date": "2016-07-29",
    "symbol": "AON",
    "eps": 1.39,
    "epsEstimated": 1.4,
    "time": "bmo",
    "revenue": 2282000000,
    "revenueEstimated": 2282000000,
    "updatedFromDate": "2025-04-25",
    "fiscalDateEnding": "2016-06-30"
  }
]