[
  {
    "date": "2025-10-28",
    "symbol": "AOS",
    "eps": null,
    "epsEstimated": 0.89,
    "time": "bmo",
    "revenue": null,
    "revenueEstimated": null,
    "updatedFromDate": "2025-10-02",
    "fiscalDateEnding": "2025-09-30"
  },
  {
    "date": "2025-07-24",
    "symbol": "AOS",
    "eps": 1.07,
    "epsEstimated": 0.97,
    "time": "bmo",
    "revenue": 1011300000,
    "revenueEstimated": 937046000,
    "updatedFromDate": "2025-10-02",
    "fiscalDateEnding": "2025-06-30"
  },
  {
    "date": "2025-04-29",
    "symbol": "AOS",
    "eps": 0.95,
    "epsEstimated": 0.911,
    "time": "bmo",
    "revenue": 963900000,
    "revenueEstimated": 952345525,
    "updatedFromDate": "2025-07-29",
    "fiscalDateEnding": "2025-03-31"
  },
  {
    "date": "2025-01-30",
    "symbol": "AOS",
    "eps": 0.85,
    "epsEstimated": 0.9,
    "time": "bmo",
    "revenue": 912400000,
    "revenueEstimated": 987417780,
    "updatedFromDate": "2025-04-29",
    "fiscalDateEnding": "2024-12-31"
  },
  {
    "date": "2024-10-22",
    "symbol": "AOS",
    "eps": 0.82,
    "epsEstimated": 0.83,
    "time": "bmo",
    "revenue": 902600000,
    "revenueEstimated": 957814929,
    "updatedFromDate": "2025-04-21",
    "fiscalDateEnding": "2024-09-30"
  },
  {
    "date": "2024-07-23",
    "symbol": "AOS",
    "eps": 1.06,
    "epsEstimated": 1.06,
    "time": "bmo",
    "revenue": 1024300000,
    "revenueEstimated": 1000140567,
    "updatedFromDate": "2025-04-21",
    "fiscalDateEnding": "2024-06-30"
  },
  {
    "date": "2024-04-25",
    "symbol": "AOS",
    "eps": 1,
    "epsEstimated": 0.98,
    "time": "bmo",
    "revenue": 978800000,
    "revenueEstimated": 995905531,
    "updatedFromDate": "2025-04-21",
    "fiscalDateEnding": "2024-03-31"
  },
  {
    "date": "2024-01-30",
    "symbol": "AOS",
    "eps": 0.97,
    "epsEstimated": 0.96,
    "time": "bmo",
    "revenue": 988100000,
    "revenueEstimated": 983350000,
    "updatedFromDate": "2025-04-21",
    "fiscalDateEnding": "2023-12-31"
  },
  {
    "date": "2023-10-26",
    "symbol": "AOS",
    "eps": 0.9,
    "epsEstimated": 0.8,
    "time": "bmo",
    "revenue": 937500000,
    "revenueEstimated": 910060000,
    "updatedFromDate": "2025-04-21",
    "fiscalDateEnding": "2023-09-30"
  },
  {
    "date": "2023-07-27",
    "symbol": "AOS",
    "eps": 1.01,
    "epsEstimated": 0.91,
    "time": "bmo",
    "revenue": 960800000,
    "revenueEstimated": 965730000,
    "updatedFromDate": "2025-04-21",
    "fiscalDateEnding": "2023-06-30"
  },
  {
    "date": "2023-04-27",
    "symbol": "AOS",
    "eps": 0.94,
    "epsEstimated": 0.78,
    "time": "bmo",
    "revenue": 966400000,
    "revenueEstimated": 922260000,
    "updatedFromDate": "2025-04-21",
    "fiscalDateEnding": "2023-03-31"
  },
  {
    "date": "2023-01-31",
    "symbol": "AOS",
    "eps": 0.86,
    "epsEstimated": 0.79,
    "time": "bmo",
    "revenue": 936100000,
    "revenueEstimated": 919226919,
    "updatedFromDate": "2025-04-21",
    "fiscalDateEnding": "2022-12-31"
  },
  {
    "date": "2022-10-27",
    "symbol": "AOS",
    "eps": 0.69,
    "epsEstimated": 0.69,
    "time": "bmo",
    "revenue": 874200000,
    "revenueEstimated": 964537665,
    "updatedFromDate": "2025-04-21",
    "fiscalDateEnding": "2022-09-30"
  },
  {
    "date": "2022-07-28",
    "symbol": "AOS",
    "eps": 0.82,
    "epsEstimated": 0.81,
    "time": "bmo",
    "revenue": 965900000,
    "revenueEstimated": 959779892,
    "updatedFromDate": "2025-04-21",
    "fiscalDateEnding": "2022-06-30"
  },
  {
    "date": "2022-04-28",
    "symbol": "AOS",
    "eps": 0.77,
    "epsEstimated": 0.75,
    "time": "bmo",
    "revenue": 977700000,
    "revenueEstimated": 969218918,
    "updatedFromDate": "2025-04-21",
    "fiscalDateEnding": "2022-03-31"
  },
  {
    "date": "2022-01-27",
    "symbol": "AOS",
    "eps": 0.87,
    "epsEstimated": 0.77,
    "time": "bmo",
    "revenue": 995500000,
    "revenueEstimated": 963694650,
    "updatedFromDate": "2025-04-21",
    "fiscalDateEnding": "2021-12-31"
  },
  {
    "date": "2021-10-28",
    "symbol": "AOS",
    "eps": 0.79,
    "epsEstimated": 0.68,
    "time": "bmo",
    "revenue": 914600000,
    "revenueEstimated": 962810000,
    "updatedFromDate": "2025-04-21",
    "fiscalDateEnding": "2021-09-30"
  },
  {
    "date": "2021-07-29",
    "symbol": "AOS",
    "eps": 0.73,
    "epsEstimated": 0.65,
    "time": "bmo",
    "revenue": 859800000,
    "revenueEstimated": 816550000,
    "updatedFromDate": "2025-04-21",
    "fiscalDateEnding": "2021-06-30"
  },
  {
    "date": "2021-04-29",
    "symbol": "AOS",
    "eps": 0.6,
    "epsEstimated": 0.57,
    "time": "bmo",
    "revenue": 769000000,
    "revenueEstimated": 768420000,
    "updatedFromDate": "2025-04-21",
    "fiscalDateEnding": "2021-03-31"
  },
  {
    "date": "2021-01-28",
    "symbol": "AOS",
    "eps": 0.74,
    "epsEstimated": 0.59,
    "time": "bmo",
    "revenue": 834500000,
    "revenueEstimated": 622338983,
    "updatedFromDate": "2025-04-21",
    "fiscalDateEnding": "2020-12-31"
  },
  {
    "date": "2020-10-29",
    "symbol": "AOS",
    "eps": 0.66,
    "epsEstimated": 0.52,
    "time": "bmo",
    "revenue": 760000000,
    "revenueEstimated": 598787878,
    "updatedFromDate": "2025-04-21",
    "fiscalDateEnding": "2020-09-30"
  },
  {
    "date": "2020-07-30",
    "symbol": "AOS",
    "eps": 0.45,
    "epsEstimated": 0.42,
    "time": "bmo",
    "revenue": 663900000,
    "revenueEstimated": 619639999,
    "updatedFromDate": "2025-04-21",
    "fiscalDateEnding": "2020-06-30"
  },
  {
    "date": "2020-05-05",
    "symbol": "AOS",
    "eps": 0.32,
    "epsEstimated": 0.34,
    "time": "bmo",
    "revenue": 636900000,
    "revenueEstimated": 676706250,
    "updatedFromDate": "2025-04-21",
    "fiscalDateEnding": "2020-03-31"
  },
  {
    "date": "2020-01-28",
    "symbol": "AOS",
    "eps": 0.56,
    "epsEstimated": 0.59,
    "time": "bmo",
    "revenue": 750900000,
    "revenueEstimated": 804535714,
    "updatedFromDate": "2025-04-21",
    "fiscalDateEnding": "2019-12-31"
  },
  {
    "date": "2019-10-29",
    "symbol": "AOS",
    "eps": 0.53,
    "epsEstimated": 0.53,
    "time": "bmo",
    "revenue": 728200000,
    "revenueEstimated": 728200000,
    "updatedFromDate": "2025-04-21",
    "fiscalDateEnding": "2019-09-30"
  },
  {
    "date": "2019-07-30",
    "symbol": "AOS",
    "eps": 0.61,
    "epsEstimated": 0.63,
    "time": "bmo",
    "revenue": 765400000,
    "revenueEstimated": 790495081,
    "updatedFromDate": "2025-04-21",
    "fiscalDateEnding": "2019-06-30"
  },
  {
    "date": "2019-04-30",
    "symbol": "AOS",
    "eps": 0.53,
    "epsEstimated": 0.57,
    "time": "bmo",
    "revenue": 748200000,
    "revenueEstimated": 804667924,
    "updatedFromDate": "2025-04-21",
    "fiscalDateEnding": "2019-03-31"
  },
  {
    "date": "2019-01-29",
    "symbol": "AOS",
    "eps": 0.74,
    "epsEstimated": 0.71,
    "time": "bmo",
    "revenue": 812500000,
    "revenueEstimated": 779560810,
    "updatedFromDate": "2025-04-21",
    "fiscalDateEnding": "2018-12-31"
  },
  {
    "date": "2018-10-30",
    "symbol": "AOS",
    "eps": 0.61,
    "epsEstimated": 0.63,
    "time": "bmo",
    "revenue": 754100000,
    "revenueEstimated": 778824590,
    "updatedFromDate": "2025-04-21",
    "fiscalDateEnding": "2018-09-30"
  },
  {
    "date": "2018-07-25",
    "symbol": "AOS",
    "eps": 0.66,
    "epsEstimated": 0.62,
    "time": "bmo",
    "revenue": 833300000,
    "revenueEstimated": 782796969,
    "updatedFromDate": "2025-04-21",
    "fiscalDateEnding": "2018-06-30"
  },
  {
    "date": "2018-04-25",
    "symbol": "AOS",
    "eps": 0.6,
    "epsEstimated": 0.58,
    "time": "bmo",
    "revenue": 788000000,
    "revenueEstimated": 761733333,
    "updatedFromDate": "2025-04-21",
    "fiscalDateEnding": "2018-03-31"
  },
  {
    "date": "2018-01-30",
    "symbol": "AOS",
    "eps": 0.6,
    "epsEstimated": 0.56,
    "time": "bmo",
    "revenue": 768600000,
    "revenueEstimated": 717360000,
    "updatedFromDate": "2025-04-21",
    "fiscalDateEnding": "2017-12-31"
  },
  {
    "date": "2017-10-25",
    "symbol": "AOS",
    "eps": 0.54,
    "epsEstimated": 0.53,
    "time": "bmo",
    "revenue": 749900000,
    "revenueEstimated": 736012962,
    "updatedFromDate": "2025-04-21",
    "fiscalDateEnding": "2017-09-30"
  },
  {
    "date": "2017-07-26",
    "symbol": "AOS",
    "eps": 0.53,
    "epsEstimated": 0.53,
    "time": "bmo",
    "revenue": 738200000,
    "revenueEstimated": 738200000,
    "updatedFromDate": "2025-04-21",
    "fiscalDateEnding": "2017-06-30"
  },
  {
    "date": "2017-04-27",
    "symbol": "AOS",
    "eps": 0.5,
    "epsEstimated": 0.47,
    "time": "bmo",
    "revenue": 740000000,
    "revenueEstimated": 695600000,
    "updatedFromDate": "2025-04-21",
    "fiscalDateEnding": "2017-03-31"
  },
  {
    "date": "2017-02-02",
    "symbol": "AOS",
    "eps": 0.47,
    "epsEstimated": 0.46,
    "time": "bmo",
    "revenue": 698100000,
    "revenueEstimated": 683246808,
    "updatedFromDate": "2025-04-21",
    "fiscalDateEnding": "2016-12-31"
  },
  {
    "date": "2016-10-26",
    "symbol": "AOS",
    "eps": 0.47,
    "epsEstimated": 0.45,
    "time": "bmo",
    "revenue": 683900000,
    "revenueEstimated": 654797872,
    "updatedFromDate": "2025-04-21",
    "fiscalDateEnding": "2016-09-30"
  },
  {
    "date": "2016-07-26",
    "symbol": "AOS",
    "eps": 0.49,
    "epsEstimated": 0.45,
    "time": "bmo",
    "revenue": 667000000,
    "revenueEstimated": 612551020,
    "updatedFromDate": "2025-04-21",
    "fiscalDateEnding": "2016-06-30"
  },
  {
    "date": "2016-04-27",
    "symbol": "AOS",
    "eps": 0.42,
    "epsEstimated": 0.38,
    "time": "bmo",
    "revenue": 636900000,
    "revenueEstimated": 576242857,
    "updatedFromDate": "2025-04-21",
    "fiscalDateEnding": "2016-03-31"
  },
  {
    "date": "2016-01-29",
    "symbol": "AOS",
    "eps": 0.45,
    "epsEstimated": 0.42,
    "time": "bmo",
    "revenue": 639400000,
    "revenueEstimated": 596773333,
    "updatedFromDate": "2025-04-21",
    "fiscalDateEnding": "2015-12-31"
  }
]