[
  {
    "date": "2026-05-05",
    "symbol": "APA",
    "eps": null,
    "epsEstimated": null,
    "time": "amc",
    "revenue": null,
    "revenueEstimated": null,
    "updatedFromDate": "2025-10-02",
    "fiscalDateEnding": "2026-03-30"
  },
  {
    "date": "2026-02-24",
    "symbol": "APA",
    "eps": null,
    "epsEstimated": null,
    "time": "amc",
    "revenue": null,
    "revenueEstimated": null,
    "updatedFromDate": "2025-10-02",
    "fiscalDateEnding": "2025-12-30"
  },
  {
    "date": "2025-11-05",
    "symbol": "APA",
    "eps": null,
    "epsEstimated": 0.72,
    "time": "bmo",
    "revenue": null,
    "revenueEstimated": 2064631540,
    "updatedFromDate": "2025-10-02",
    "fiscalDateEnding": "2025-09-30"
  },
  {
    "date": "2025-08-06",
    "symbol": "APA",
    "eps": 0.87,
    "epsEstimated": 0.45,
    "time": "amc",
    "revenue": 2178000000,
    "revenueEstimated": 2063399460,
    "updatedFromDate": "2025-10-02",
    "fiscalDateEnding": "2025-06-30"
  },
  {
    "date": "2025-05-07",
    "symbol": "APA",
    "eps": 1.06,
    "epsEstimated": 0.83,
    "time": "amc",
    "revenue": 2636000000,
    "revenueEstimated": 2195832470,
    "updatedFromDate": "2025-08-07",
    "fiscalDateEnding": "2025-03-31"
  },
  {
    "date": "2025-02-26",
    "symbol": "APA",
    "eps": 0.79,
    "epsEstimated": 0.97,
    "time": "amc",
    "revenue": 2712000000,
    "revenueEstimated": 2310913840,
    "updatedFromDate": "2025-05-25",
    "fiscalDateEnding": "2024-12-31"
  },
  {
    "date": "2024-11-07",
    "symbol": "APA",
    "eps": 1,
    "epsEstimated": 1.01,
    "time": "amc",
    "revenue": 2531000000,
    "revenueEstimated": 2261820000,
    "updatedFromDate": "2025-04-25",
    "fiscalDateEnding": "2024-09-30"
  },
  {
    "date": "2024-07-31",
    "symbol": "APA",
    "eps": 1.17,
    "epsEstimated": 0.94,
    "time": "amc",
    "revenue": 2543000000,
    "revenueEstimated": 2320800000,
    "updatedFromDate": "2025-04-25",
    "fiscalDateEnding": "2024-06-30"
  },
  {
    "date": "2024-05-01",
    "symbol": "APA",
    "eps": 0.78,
    "epsEstimated": 0.9,
    "time": "amc",
    "revenue": 1951000000,
    "revenueEstimated": 2396950000,
    "updatedFromDate": "2025-04-25",
    "fiscalDateEnding": "2024-03-31"
  },
  {
    "date": "2024-02-21",
    "symbol": "APA",
    "eps": 1.15,
    "epsEstimated": 1.38,
    "time": "amc",
    "revenue": 2167000000,
    "revenueEstimated": 2052480000,
    "updatedFromDate": "2025-04-25",
    "fiscalDateEnding": "2023-12-31"
  },
  {
    "date": "2023-11-01",
    "symbol": "APA",
    "eps": 1.33,
    "epsEstimated": 1.09,
    "time": "amc",
    "revenue": 2308000000,
    "revenueEstimated": 2005420000,
    "updatedFromDate": "2025-04-25",
    "fiscalDateEnding": "2023-09-30"
  },
  {
    "date": "2023-08-02",
    "symbol": "APA",
    "eps": 0.85,
    "epsEstimated": 0.66,
    "time": "amc",
    "revenue": 1796000000,
    "revenueEstimated": 1954580000,
    "updatedFromDate": "2025-04-25",
    "fiscalDateEnding": "2023-06-30"
  },
  {
    "date": "2023-05-03",
    "symbol": "APA",
    "eps": 1.19,
    "epsEstimated": 0.98,
    "time": "amc",
    "revenue": 2008000000,
    "revenueEstimated": 1813120000,
    "updatedFromDate": "2025-04-25",
    "fiscalDateEnding": "2023-03-31"
  },
  {
    "date": "2023-02-22",
    "symbol": "APA",
    "eps": 1.48,
    "epsEstimated": 1.29,
    "time": "amc",
    "revenue": 2472000000,
    "revenueEstimated": 2118572212,
    "updatedFromDate": "2025-04-25",
    "fiscalDateEnding": "2022-12-31"
  },
  {
    "date": "2022-11-02",
    "symbol": "APA",
    "eps": 1.97,
    "epsEstimated": 1.92,
    "time": "amc",
    "revenue": 2887000000,
    "revenueEstimated": 2382810053,
    "updatedFromDate": "2025-04-25",
    "fiscalDateEnding": "2022-09-30"
  },
  {
    "date": "2022-08-03",
    "symbol": "APA",
    "eps": 2.37,
    "epsEstimated": 2.33,
    "time": "bmo",
    "revenue": 3047000000,
    "revenueEstimated": 2620078747,
    "updatedFromDate": "2025-04-25",
    "fiscalDateEnding": "2022-06-30"
  },
  {
    "date": "2022-05-04",
    "symbol": "APA",
    "eps": 1.92,
    "epsEstimated": 2.08,
    "time": "amc",
    "revenue": 2669000000,
    "revenueEstimated": 2416820170,
    "updatedFromDate": "2025-04-25",
    "fiscalDateEnding": "2022-03-31"
  },
  {
    "date": "2022-02-21",
    "symbol": "APA",
    "eps": 1.29,
    "epsEstimated": 1.47,
    "time": "amc",
    "revenue": 2299000000,
    "revenueEstimated": 1926244316,
    "updatedFromDate": "2025-04-25",
    "fiscalDateEnding": "2021-12-31"
  },
  {
    "date": "2021-11-03",
    "symbol": "APA",
    "eps": 0.98,
    "epsEstimated": 0.89,
    "time": "amc",
    "revenue": 2059000000,
    "revenueEstimated": 1850786516,
    "updatedFromDate": "2025-04-25",
    "fiscalDateEnding": "2021-09-30"
  },
  {
    "date": "2021-08-04",
    "symbol": "APA",
    "eps": 0.7,
    "epsEstimated": 0.57,
    "time": "amc",
    "revenue": 1756000000,
    "revenueEstimated": 1540000000,
    "updatedFromDate": "2025-04-25",
    "fiscalDateEnding": "2021-06-30"
  },
  {
    "date": "2021-05-05",
    "symbol": "APA",
    "eps": 0.91,
    "epsEstimated": 0.66,
    "time": "amc",
    "revenue": 1871000000,
    "revenueEstimated": 1743431817,
    "updatedFromDate": "2025-04-25",
    "fiscalDateEnding": "2021-03-31"
  },
  {
    "date": "2021-02-24",
    "symbol": "APA",
    "eps": -0.05,
    "epsEstimated": -0.08,
    "time": "amc",
    "revenue": 1219000000,
    "revenueEstimated": 1695518181,
    "updatedFromDate": "2025-04-25",
    "fiscalDateEnding": "2020-12-31"
  },
  {
    "date": "2020-11-04",
    "symbol": "APA",
    "eps": -0.16,
    "epsEstimated": -0.37,
    "time": "amc",
    "revenue": 1120000000,
    "revenueEstimated": 2450000000,
    "updatedFromDate": "2025-04-25",
    "fiscalDateEnding": "2020-09-30"
  },
  {
    "date": "2020-07-29",
    "symbol": "APA",
    "eps": -0.74,
    "epsEstimated": -0.99,
    "time": "amc",
    "revenue": 752000000,
    "revenueEstimated": 1026378378,
    "updatedFromDate": "2025-04-25",
    "fiscalDateEnding": "2020-06-30"
  },
  {
    "date": "2020-05-06",
    "symbol": "APA",
    "eps": -0.13,
    "epsEstimated": -0.3,
    "time": "amc",
    "revenue": 1344000000,
    "revenueEstimated": 3411692307,
    "updatedFromDate": "2025-04-25",
    "fiscalDateEnding": "2020-03-31"
  },
  {
    "date": "2020-02-26",
    "symbol": "APA",
    "eps": 0.08,
    "epsEstimated": 0.0243,
    "time": "amc",
    "revenue": 1625000000,
    "revenueEstimated": 1218750000,
    "updatedFromDate": "2025-04-25",
    "fiscalDateEnding": "2019-12-31"
  },
  {
    "date": "2019-10-30",
    "symbol": "APA",
    "eps": -0.29,
    "epsEstimated": -0.27,
    "time": "amc",
    "revenue": 1438000000,
    "revenueEstimated": 942137931,
    "updatedFromDate": "2025-04-25",
    "fiscalDateEnding": "2019-09-30"
  },
  {
    "date": "2019-07-31",
    "symbol": "APA",
    "eps": 0.11,
    "epsEstimated": 0.0628,
    "time": "amc",
    "revenue": 1598000000,
    "revenueEstimated": 1483143746,
    "updatedFromDate": "2025-04-25",
    "fiscalDateEnding": "2019-06-30"
  },
  {
    "date": "2019-05-01",
    "symbol": "APA",
    "eps": 0.1,
    "epsEstimated": 0.09,
    "time": "amc",
    "revenue": 1654000000,
    "revenueEstimated": 1984800000,
    "updatedFromDate": "2025-04-25",
    "fiscalDateEnding": "2019-03-31"
  },
  {
    "date": "2019-02-27",
    "symbol": "APA",
    "eps": 0.31,
    "epsEstimated": 0.25,
    "time": "amc",
    "revenue": 1703000000,
    "revenueEstimated": 1318451612,
    "updatedFromDate": "2025-04-25",
    "fiscalDateEnding": "2018-12-31"
  },
  {
    "date": "2018-10-31",
    "symbol": "APA",
    "eps": 0.63,
    "epsEstimated": 0.43,
    "time": "amc",
    "revenue": 1976000000,
    "revenueEstimated": 1474158730,
    "updatedFromDate": "2025-04-25",
    "fiscalDateEnding": "2018-09-30"
  },
  {
    "date": "2018-08-01",
    "symbol": "APA",
    "eps": 0.5,
    "epsEstimated": 0.39,
    "time": "amc",
    "revenue": 1936000000,
    "revenueEstimated": 1510080000,
    "updatedFromDate": "2025-04-25",
    "fiscalDateEnding": "2018-06-30"
  },
  {
    "date": "2018-05-02",
    "symbol": "APA",
    "eps": 0.32,
    "epsEstimated": 0.3,
    "time": "amc",
    "revenue": 1728000000,
    "revenueEstimated": 1624687500,
    "updatedFromDate": "2025-04-25",
    "fiscalDateEnding": "2018-03-31"
  },
  {
    "date": "2018-02-22",
    "symbol": "APA",
    "eps": 0.33,
    "epsEstimated": 0.21,
    "time": "bmo",
    "revenue": 1640000000,
    "revenueEstimated": 1093333333,
    "updatedFromDate": "2025-04-25",
    "fiscalDateEnding": "2017-12-31"
  },
  {
    "date": "2017-11-02",
    "symbol": "APA",
    "eps": 0.04,
    "epsEstimated": -0.05,
    "time": "bmo",
    "revenue": 1389000000,
    "revenueEstimated": 2083500000,
    "updatedFromDate": "2025-04-25",
    "fiscalDateEnding": "2017-09-30"
  },
  {
    "date": "2017-08-03",
    "symbol": "APA",
    "eps": -0.21,
    "epsEstimated": -0.00928,
    "time": "bmo",
    "revenue": 1346000000,
    "revenueEstimated": 64095238,
    "updatedFromDate": "2025-04-25",
    "fiscalDateEnding": "2017-06-30"
  },
  {
    "date": "2017-05-04",
    "symbol": "APA",
    "eps": 0.08,
    "epsEstimated": 0.16,
    "time": "bmo",
    "revenue": 1512000000,
    "revenueEstimated": 2457000000,
    "updatedFromDate": "2025-04-25",
    "fiscalDateEnding": "2017-03-31"
  },
  {
    "date": "2017-02-23",
    "symbol": "APA",
    "eps": -0.06,
    "epsEstimated": 0.06,
    "time": "bmo",
    "revenue": 1455000000,
    "revenueEstimated": 1697500000,
    "updatedFromDate": "2025-04-25",
    "fiscalDateEnding": "2016-12-31"
  },
  {
    "date": "2016-11-03",
    "symbol": "APA",
    "eps": -0.03,
    "epsEstimated": -0.11,
    "time": "bmo",
    "revenue": 1439000000,
    "revenueEstimated": 7674666666,
    "updatedFromDate": "2025-04-25",
    "fiscalDateEnding": "2016-09-30"
  },
  {
    "date": "2016-08-04",
    "symbol": "APA",
    "eps": -0.26,
    "epsEstimated": -0.21,
    "time": "bmo",
    "revenue": 1386000000,
    "revenueEstimated": 1372139996,
    "updatedFromDate": "2025-04-25",
    "fiscalDateEnding": "2016-06-30"
  }
]