[
  {
    "date": "2026-04-29",
    "symbol": "APD",
    "eps": null,
    "epsEstimated": null,
    "time": "bmo",
    "revenue": null,
    "revenueEstimated": null,
    "updatedFromDate": "2025-10-02",
    "fiscalDateEnding": "2026-03-30"
  },
  {
    "date": "2026-02-04",
    "symbol": "APD",
    "eps": null,
    "epsEstimated": null,
    "time": "bmo",
    "revenue": null,
    "revenueEstimated": null,
    "updatedFromDate": "2025-10-02",
    "fiscalDateEnding": "2025-12-30"
  },
  {
    "date": "2025-11-06",
    "symbol": "APD",
    "eps": null,
    "epsEstimated": 3.42,
    "time": "bmo",
    "revenue": null,
    "revenueEstimated": 3183149390,
    "updatedFromDate": "2025-10-02",
    "fiscalDateEnding": "2025-09-30"
  },
  {
    "date": "2025-07-31",
    "symbol": "APD",
    "eps": 3.09,
    "epsEstimated": 2.99,
    "time": "bmo",
    "revenue": 3022700000,
    "revenueEstimated": 2988462529,
    "updatedFromDate": "2025-10-02",
    "fiscalDateEnding": "2025-06-30"
  },
  {
    "date": "2025-05-01",
    "symbol": "APD",
    "eps": 2.69,
    "epsEstimated": 2.83,
    "time": "bmo",
    "revenue": 2916200000,
    "revenueEstimated": 2918645513,
    "updatedFromDate": "2025-08-01",
    "fiscalDateEnding": "2025-03-31"
  },
  {
    "date": "2025-02-06",
    "symbol": "APD",
    "eps": 2.86,
    "epsEstimated": 3.13,
    "time": "bmo",
    "revenue": 2931500000,
    "revenueEstimated": 2951086774,
    "updatedFromDate": "2025-05-06",
    "fiscalDateEnding": "2024-12-31"
  },
  {
    "date": "2024-11-07",
    "symbol": "APD",
    "eps": 3.56,
    "epsEstimated": 3.48,
    "time": "bmo",
    "revenue": 3187500000,
    "revenueEstimated": 3214192597,
    "updatedFromDate": "2025-04-25",
    "fiscalDateEnding": "2024-09-30"
  },
  {
    "date": "2024-08-01",
    "symbol": "APD",
    "eps": 3.2,
    "epsEstimated": 3.03,
    "time": "bmo",
    "revenue": 2985300000,
    "revenueEstimated": 3035206440,
    "updatedFromDate": "2025-04-25",
    "fiscalDateEnding": "2024-06-30"
  },
  {
    "date": "2024-04-30",
    "symbol": "APD",
    "eps": 2.85,
    "epsEstimated": 2.69,
    "time": "bmo",
    "revenue": 2930200000,
    "revenueEstimated": 3045470320,
    "updatedFromDate": "2025-04-25",
    "fiscalDateEnding": "2024-03-31"
  },
  {
    "date": "2024-02-05",
    "symbol": "APD",
    "eps": 2.82,
    "epsEstimated": 3,
    "time": "bmo",
    "revenue": 2997100000,
    "revenueEstimated": 3189200000,
    "updatedFromDate": "2025-04-25",
    "fiscalDateEnding": "2023-12-31"
  },
  {
    "date": "2023-11-07",
    "symbol": "APD",
    "eps": 3.15,
    "epsEstimated": 3.12,
    "time": "bmo",
    "revenue": 3191300000,
    "revenueEstimated": 3349640000,
    "updatedFromDate": "2025-04-25",
    "fiscalDateEnding": "2023-09-30"
  },
  {
    "date": "2023-08-03",
    "symbol": "APD",
    "eps": 2.98,
    "epsEstimated": 2.91,
    "time": "bmo",
    "revenue": 3033900000,
    "revenueEstimated": 3294940000,
    "updatedFromDate": "2025-04-25",
    "fiscalDateEnding": "2023-06-30"
  },
  {
    "date": "2023-05-09",
    "symbol": "APD",
    "eps": 2.74,
    "epsEstimated": 2.64,
    "time": "bmo",
    "revenue": 3200100000,
    "revenueEstimated": 3056590000,
    "updatedFromDate": "2025-04-25",
    "fiscalDateEnding": "2023-03-31"
  },
  {
    "date": "2023-02-02",
    "symbol": "APD",
    "eps": 2.64,
    "epsEstimated": 2.7,
    "time": "bmo",
    "revenue": 3174700000,
    "revenueEstimated": 3277816083,
    "updatedFromDate": "2025-04-25",
    "fiscalDateEnding": "2022-12-31"
  },
  {
    "date": "2022-11-03",
    "symbol": "APD",
    "eps": 2.89,
    "epsEstimated": 2.76,
    "time": "bmo",
    "revenue": 3570000000,
    "revenueEstimated": 3219754359,
    "updatedFromDate": "2025-04-25",
    "fiscalDateEnding": "2022-09-30"
  },
  {
    "date": "2022-08-04",
    "symbol": "APD",
    "eps": 2.62,
    "epsEstimated": 2.61,
    "time": "bmo",
    "revenue": 3189300000,
    "revenueEstimated": 3022864284,
    "updatedFromDate": "2025-04-25",
    "fiscalDateEnding": "2022-06-30"
  },
  {
    "date": "2022-05-05",
    "symbol": "APD",
    "eps": 2.38,
    "epsEstimated": 2.35,
    "time": "bmo",
    "revenue": 2945100000,
    "revenueEstimated": 2998756134,
    "updatedFromDate": "2025-04-25",
    "fiscalDateEnding": "2022-03-31"
  },
  {
    "date": "2022-02-04",
    "symbol": "APD",
    "eps": 2.52,
    "epsEstimated": 2.51,
    "time": "bmo",
    "revenue": 2994200000,
    "revenueEstimated": 2738433617,
    "updatedFromDate": "2025-04-25",
    "fiscalDateEnding": "2021-12-31"
  },
  {
    "date": "2021-11-04",
    "symbol": "APD",
    "eps": 2.51,
    "epsEstimated": 2.49,
    "time": "bmo",
    "revenue": 2841100000,
    "revenueEstimated": 2672280000,
    "updatedFromDate": "2025-04-25",
    "fiscalDateEnding": "2021-09-30"
  },
  {
    "date": "2021-08-09",
    "symbol": "APD",
    "eps": 2.31,
    "epsEstimated": 2.37,
    "time": "bmo",
    "revenue": 2604700000,
    "revenueEstimated": 2498550000,
    "updatedFromDate": "2025-04-25",
    "fiscalDateEnding": "2021-06-30"
  },
  {
    "date": "2021-05-10",
    "symbol": "APD",
    "eps": 2.08,
    "epsEstimated": 2.12,
    "time": "bmo",
    "revenue": 2502000000,
    "revenueEstimated": 2360750000,
    "updatedFromDate": "2025-04-25",
    "fiscalDateEnding": "2021-03-31"
  },
  {
    "date": "2021-02-04",
    "symbol": "APD",
    "eps": 2.12,
    "epsEstimated": 2.19,
    "time": "bmo",
    "revenue": 2375200000,
    "revenueEstimated": 2451119634,
    "updatedFromDate": "2025-04-25",
    "fiscalDateEnding": "2020-12-31"
  },
  {
    "date": "2020-11-11",
    "symbol": "APD",
    "eps": 2.19,
    "epsEstimated": 2.21,
    "time": "bmo",
    "revenue": 2320100000,
    "revenueEstimated": 2341096380,
    "updatedFromDate": "2025-04-25",
    "fiscalDateEnding": "2020-09-30"
  },
  {
    "date": "2020-07-23",
    "symbol": "APD",
    "eps": 2.01,
    "epsEstimated": 1.99,
    "time": "bmo",
    "revenue": 2065200000,
    "revenueEstimated": 2044650746,
    "updatedFromDate": "2025-04-25",
    "fiscalDateEnding": "2020-06-30"
  },
  {
    "date": "2020-04-23",
    "symbol": "APD",
    "eps": 2.21,
    "epsEstimated": 2.06,
    "time": "bmo",
    "revenue": 2216300000,
    "revenueEstimated": 2238028431,
    "updatedFromDate": "2025-04-25",
    "fiscalDateEnding": "2020-03-31"
  },
  {
    "date": "2020-01-24",
    "symbol": "APD",
    "eps": 2.14,
    "epsEstimated": 2.08,
    "time": "bmo",
    "revenue": 2254700000,
    "revenueEstimated": 2191484112,
    "updatedFromDate": "2025-04-25",
    "fiscalDateEnding": "2019-12-31"
  },
  {
    "date": "2019-11-07",
    "symbol": "APD",
    "eps": 2.27,
    "epsEstimated": 2.29,
    "time": "bmo",
    "revenue": 2283200000,
    "revenueEstimated": 2303316299,
    "updatedFromDate": "2025-04-25",
    "fiscalDateEnding": "2019-09-30"
  },
  {
    "date": "2019-07-25",
    "symbol": "APD",
    "eps": 2.17,
    "epsEstimated": 2.15,
    "time": "bmo",
    "revenue": 2224000000,
    "revenueEstimated": 2203502304,
    "updatedFromDate": "2025-04-25",
    "fiscalDateEnding": "2019-06-30"
  },
  {
    "date": "2019-04-24",
    "symbol": "APD",
    "eps": 1.92,
    "epsEstimated": 1.87,
    "time": "bmo",
    "revenue": 2187700000,
    "revenueEstimated": 2130728645,
    "updatedFromDate": "2025-04-25",
    "fiscalDateEnding": "2019-03-31"
  },
  {
    "date": "2019-01-25",
    "symbol": "APD",
    "eps": 1.86,
    "epsEstimated": 1.87,
    "time": "bmo",
    "revenue": 2224000000,
    "revenueEstimated": 2235956989,
    "updatedFromDate": "2025-04-25",
    "fiscalDateEnding": "2018-12-31"
  },
  {
    "date": "2018-11-06",
    "symbol": "APD",
    "eps": 2,
    "epsEstimated": 1.99,
    "time": "bmo",
    "revenue": 2298900000,
    "revenueEstimated": 2287405500,
    "updatedFromDate": "2025-04-25",
    "fiscalDateEnding": "2018-09-30"
  },
  {
    "date": "2018-07-26",
    "symbol": "APD",
    "eps": 1.95,
    "epsEstimated": 1.84,
    "time": "bmo",
    "revenue": 2259000000,
    "revenueEstimated": 2131569230,
    "updatedFromDate": "2025-04-25",
    "fiscalDateEnding": "2018-06-30"
  },
  {
    "date": "2018-04-26",
    "symbol": "APD",
    "eps": 1.71,
    "epsEstimated": 1.68,
    "time": "bmo",
    "revenue": 2155700000,
    "revenueEstimated": 2117880701,
    "updatedFromDate": "2025-04-25",
    "fiscalDateEnding": "2018-03-31"
  },
  {
    "date": "2018-01-26",
    "symbol": "APD",
    "eps": 1.79,
    "epsEstimated": 1.66,
    "time": "bmo",
    "revenue": 2216600000,
    "revenueEstimated": 2043234636,
    "updatedFromDate": "2025-04-25",
    "fiscalDateEnding": "2017-12-31"
  },
  {
    "date": "2017-10-26",
    "symbol": "APD",
    "eps": 1.76,
    "epsEstimated": 1.68,
    "time": "bmo",
    "revenue": 2203100000,
    "revenueEstimated": 2102959090,
    "updatedFromDate": "2025-04-25",
    "fiscalDateEnding": "2017-09-30"
  },
  {
    "date": "2017-08-01",
    "symbol": "APD",
    "eps": 1.65,
    "epsEstimated": 1.6,
    "time": "bmo",
    "revenue": 2121900000,
    "revenueEstimated": 2044740000,
    "updatedFromDate": "2025-04-25",
    "fiscalDateEnding": "2017-06-30"
  },
  {
    "date": "2017-04-27",
    "symbol": "APD",
    "eps": 1.43,
    "epsEstimated": 1.38,
    "time": "bmo",
    "revenue": 1980100000,
    "revenueEstimated": 1910865734,
    "updatedFromDate": "2025-04-25",
    "fiscalDateEnding": "2017-03-31"
  },
  {
    "date": "2017-01-27",
    "symbol": "APD",
    "eps": 1.47,
    "epsEstimated": 1.48,
    "time": "bmo",
    "revenue": 1882500000,
    "revenueEstimated": 1895306122,
    "updatedFromDate": "2025-04-25",
    "fiscalDateEnding": "2016-12-31"
  },
  {
    "date": "2016-10-27",
    "symbol": "APD",
    "eps": 2.01,
    "epsEstimated": 1.98,
    "time": "bmo",
    "revenue": 2463000000,
    "revenueEstimated": 1916462686,
    "updatedFromDate": "2025-04-25",
    "fiscalDateEnding": "2016-09-30"
  },
  {
    "date": "2016-07-28",
    "symbol": "APD",
    "eps": 1.92,
    "epsEstimated": 1.91,
    "time": "bmo",
    "revenue": 2434400000,
    "revenueEstimated": 1904528645,
    "updatedFromDate": "2025-04-25",
    "fiscalDateEnding": "2016-06-30"
  }
]