[
  {
    "date": "2026-04-21",
    "symbol": "APH",
    "eps": null,
    "epsEstimated": null,
    "time": "bmo",
    "revenue": null,
    "revenueEstimated": null,
    "updatedFromDate": "2025-10-02",
    "fiscalDateEnding": "2026-03-30"
  },
  {
    "date": "2026-01-28",
    "symbol": "APH",
    "eps": null,
    "epsEstimated": null,
    "time": "bmo",
    "revenue": null,
    "revenueEstimated": null,
    "updatedFromDate": "2025-10-02",
    "fiscalDateEnding": "2025-12-30"
  },
  {
    "date": "2025-10-22",
    "symbol": "APH",
    "eps": null,
    "epsEstimated": 0.79,
    "time": "bmo",
    "revenue": null,
    "revenueEstimated": 5551260910,
    "updatedFromDate": "2025-10-02",
    "fiscalDateEnding": "2025-09-30"
  },
  {
    "date": "2025-07-23",
    "symbol": "APH",
    "eps": 0.81,
    "epsEstimated": 0.667,
    "time": "bmo",
    "revenue": 5650300000,
    "revenueEstimated": 5039371420,
    "updatedFromDate": "2025-10-02",
    "fiscalDateEnding": "2025-06-30"
  },
  {
    "date": "2025-04-23",
    "symbol": "APH",
    "eps": 0.63,
    "epsEstimated": 0.523,
    "time": "bmo",
    "revenue": 4811000000,
    "revenueEstimated": 4295786370,
    "updatedFromDate": "2025-07-23",
    "fiscalDateEnding": "2025-03-31"
  },
  {
    "date": "2025-01-22",
    "symbol": "APH",
    "eps": 0.55,
    "epsEstimated": 0.5,
    "time": "bmo",
    "revenue": 4317800000,
    "revenueEstimated": 4073508477,
    "updatedFromDate": "2025-04-25",
    "fiscalDateEnding": "2024-12-31"
  },
  {
    "date": "2024-10-23",
    "symbol": "APH",
    "eps": 0.5,
    "epsEstimated": 0.45,
    "time": "bmo",
    "revenue": 4038800000,
    "revenueEstimated": 3806522329,
    "updatedFromDate": "2025-04-25",
    "fiscalDateEnding": "2024-09-30"
  },
  {
    "date": "2024-07-24",
    "symbol": "APH",
    "eps": 0.44,
    "epsEstimated": 0.41,
    "time": "bmo",
    "revenue": 3609700000,
    "revenueEstimated": 3390061088,
    "updatedFromDate": "2025-04-25",
    "fiscalDateEnding": "2024-06-30"
  },
  {
    "date": "2024-04-24",
    "symbol": "APH",
    "eps": 0.4,
    "epsEstimated": 0.3674,
    "time": "bmo",
    "revenue": 3256300000,
    "revenueEstimated": 3102790594,
    "updatedFromDate": "2025-04-25",
    "fiscalDateEnding": "2024-03-31"
  },
  {
    "date": "2024-01-24",
    "symbol": "APH",
    "eps": 0.41,
    "epsEstimated": 0.39,
    "time": "bmo",
    "revenue": 3327500000,
    "revenueEstimated": 3146090000,
    "updatedFromDate": "2025-04-25",
    "fiscalDateEnding": "2023-12-31"
  },
  {
    "date": "2023-10-25",
    "symbol": "APH",
    "eps": 0.39,
    "epsEstimated": 0.37,
    "time": "bmo",
    "revenue": 3199200000,
    "revenueEstimated": 3095080000,
    "updatedFromDate": "2025-04-25",
    "fiscalDateEnding": "2023-09-30"
  },
  {
    "date": "2023-07-26",
    "symbol": "APH",
    "eps": 0.36,
    "epsEstimated": 0.34,
    "time": "bmo",
    "revenue": 3053900000,
    "revenueEstimated": 2951570000,
    "updatedFromDate": "2025-04-25",
    "fiscalDateEnding": "2023-06-30"
  },
  {
    "date": "2023-04-26",
    "symbol": "APH",
    "eps": 0.35,
    "epsEstimated": 0.34,
    "time": "bmo",
    "revenue": 2974000000,
    "revenueEstimated": 2904890000,
    "updatedFromDate": "2025-04-25",
    "fiscalDateEnding": "2023-03-31"
  },
  {
    "date": "2023-01-25",
    "symbol": "APH",
    "eps": 0.39,
    "epsEstimated": 0.38,
    "time": "bmo",
    "revenue": 3239200000,
    "revenueEstimated": 3150841139,
    "updatedFromDate": "2025-04-25",
    "fiscalDateEnding": "2022-12-31"
  },
  {
    "date": "2022-10-26",
    "symbol": "APH",
    "eps": 0.4,
    "epsEstimated": 0.38,
    "time": "bmo",
    "revenue": 3295200000,
    "revenueEstimated": 3113159883,
    "updatedFromDate": "2025-04-25",
    "fiscalDateEnding": "2022-09-30"
  },
  {
    "date": "2022-07-27",
    "symbol": "APH",
    "eps": 0.38,
    "epsEstimated": 0.34,
    "time": "bmo",
    "revenue": 3136800000,
    "revenueEstimated": 2938967716,
    "updatedFromDate": "2025-04-25",
    "fiscalDateEnding": "2022-06-30"
  },
  {
    "date": "2022-04-27",
    "symbol": "APH",
    "eps": 0.34,
    "epsEstimated": 0.31,
    "time": "bmo",
    "revenue": 2951900000,
    "revenueEstimated": 2756609282,
    "updatedFromDate": "2025-04-25",
    "fiscalDateEnding": "2022-03-31"
  },
  {
    "date": "2022-01-26",
    "symbol": "APH",
    "eps": 0.35,
    "epsEstimated": 0.32,
    "time": "bmo",
    "revenue": 3026800000,
    "revenueEstimated": 2736590000,
    "updatedFromDate": "2025-04-25",
    "fiscalDateEnding": "2021-12-31"
  },
  {
    "date": "2021-10-27",
    "symbol": "APH",
    "eps": 0.33,
    "epsEstimated": 0.32,
    "time": "bmo",
    "revenue": 2818500000,
    "revenueEstimated": 2746640000,
    "updatedFromDate": "2025-04-25",
    "fiscalDateEnding": "2021-09-30"
  },
  {
    "date": "2021-07-28",
    "symbol": "APH",
    "eps": 0.31,
    "epsEstimated": 0.28,
    "time": "bmo",
    "revenue": 2653900000,
    "revenueEstimated": 2707080000,
    "updatedFromDate": "2025-04-25",
    "fiscalDateEnding": "2021-06-30"
  },
  {
    "date": "2021-04-28",
    "symbol": "APH",
    "eps": 0.26,
    "epsEstimated": 0.24,
    "time": "bmo",
    "revenue": 2377100000,
    "revenueEstimated": 2173640000,
    "updatedFromDate": "2025-04-25",
    "fiscalDateEnding": "2021-03-31"
  },
  {
    "date": "2021-01-27",
    "symbol": "APH",
    "eps": 0.28,
    "epsEstimated": 0.26,
    "time": "bmo",
    "revenue": 2426000000,
    "revenueEstimated": 2164372549,
    "updatedFromDate": "2025-04-25",
    "fiscalDateEnding": "2020-12-31"
  },
  {
    "date": "2020-10-21",
    "symbol": "APH",
    "eps": 0.27,
    "epsEstimated": 0.22,
    "time": "bmo",
    "revenue": 2323400000,
    "revenueEstimated": 1875772477,
    "updatedFromDate": "2025-04-25",
    "fiscalDateEnding": "2020-09-30"
  },
  {
    "date": "2020-07-22",
    "symbol": "APH",
    "eps": 0.2,
    "epsEstimated": 0.16,
    "time": "bmo",
    "revenue": 1987500000,
    "revenueEstimated": 1545833333,
    "updatedFromDate": "2025-04-25",
    "fiscalDateEnding": "2020-06-30"
  },
  {
    "date": "2020-04-22",
    "symbol": "APH",
    "eps": 0.18,
    "epsEstimated": 0.19,
    "time": "bmo",
    "revenue": 1862000000,
    "revenueEstimated": 1914450704,
    "updatedFromDate": "2025-04-25",
    "fiscalDateEnding": "2020-03-31"
  },
  {
    "date": "2020-01-22",
    "symbol": "APH",
    "eps": 0.25,
    "epsEstimated": 0.23,
    "time": "bmo",
    "revenue": 2151000000,
    "revenueEstimated": 1997357142,
    "updatedFromDate": "2025-04-25",
    "fiscalDateEnding": "2019-12-31"
  },
  {
    "date": "2019-10-23",
    "symbol": "APH",
    "eps": 0.24,
    "epsEstimated": 0.22,
    "time": "bmo",
    "revenue": 2100600000,
    "revenueEstimated": 1923707368,
    "updatedFromDate": "2025-04-25",
    "fiscalDateEnding": "2019-09-30"
  },
  {
    "date": "2019-07-24",
    "symbol": "APH",
    "eps": 0.23,
    "epsEstimated": 0.23,
    "time": "bmo",
    "revenue": 2015300000,
    "revenueEstimated": 2037205434,
    "updatedFromDate": "2025-04-25",
    "fiscalDateEnding": "2019-06-30"
  },
  {
    "date": "2019-04-24",
    "symbol": "APH",
    "eps": 0.22,
    "epsEstimated": 0.22,
    "time": "bmo",
    "revenue": 1958500000,
    "revenueEstimated": 1936494382,
    "updatedFromDate": "2025-04-25",
    "fiscalDateEnding": "2019-03-31"
  },
  {
    "date": "2019-01-23",
    "symbol": "APH",
    "eps": 0.26,
    "epsEstimated": 0.25,
    "time": "bmo",
    "revenue": 2224700000,
    "revenueEstimated": 2076386666,
    "updatedFromDate": "2025-04-25",
    "fiscalDateEnding": "2018-12-31"
  },
  {
    "date": "2018-10-24",
    "symbol": "APH",
    "eps": 0.25,
    "epsEstimated": 0.24,
    "time": "bmo",
    "revenue": 2129000000,
    "revenueEstimated": 1999969696,
    "updatedFromDate": "2025-04-25",
    "fiscalDateEnding": "2018-09-30"
  },
  {
    "date": "2018-07-25",
    "symbol": "APH",
    "eps": 0.23,
    "epsEstimated": 0.21,
    "time": "bmo",
    "revenue": 1981400000,
    "revenueEstimated": 1871322222,
    "updatedFromDate": "2025-04-25",
    "fiscalDateEnding": "2018-06-30"
  },
  {
    "date": "2018-04-25",
    "symbol": "APH",
    "eps": 0.21,
    "epsEstimated": 0.2,
    "time": "bmo",
    "revenue": 1866900000,
    "revenueEstimated": 1799421686,
    "updatedFromDate": "2025-04-25",
    "fiscalDateEnding": "2018-03-31"
  },
  {
    "date": "2018-01-24",
    "symbol": "APH",
    "eps": 0.22,
    "epsEstimated": 0.2,
    "time": "bmo",
    "revenue": 1943900000,
    "revenueEstimated": 1713976344,
    "updatedFromDate": "2025-04-25",
    "fiscalDateEnding": "2017-12-31"
  },
  {
    "date": "2017-10-25",
    "symbol": "APH",
    "eps": 0.22,
    "epsEstimated": 0.2,
    "time": "bmo",
    "revenue": 1840800000,
    "revenueEstimated": 1652536363,
    "updatedFromDate": "2025-04-25",
    "fiscalDateEnding": "2017-09-30"
  },
  {
    "date": "2017-07-26",
    "symbol": "APH",
    "eps": 0.2,
    "epsEstimated": 0.18,
    "time": "bmo",
    "revenue": 1666500000,
    "revenueEstimated": 1481333333,
    "updatedFromDate": "2025-04-25",
    "fiscalDateEnding": "2017-06-30"
  },
  {
    "date": "2017-04-26",
    "symbol": "APH",
    "eps": 0.18,
    "epsEstimated": 0.17,
    "time": "bmo",
    "revenue": 1560100000,
    "revenueEstimated": 1472207042,
    "updatedFromDate": "2025-04-25",
    "fiscalDateEnding": "2017-03-31"
  },
  {
    "date": "2017-01-25",
    "symbol": "APH",
    "eps": 0.19,
    "epsEstimated": 0.18,
    "time": "bmo",
    "revenue": 1651100000,
    "revenueEstimated": 1585056000,
    "updatedFromDate": "2025-04-25",
    "fiscalDateEnding": "2016-12-31"
  },
  {
    "date": "2016-10-19",
    "symbol": "APH",
    "eps": 0.18,
    "epsEstimated": 0.17,
    "time": "bmo",
    "revenue": 1635900000,
    "revenueEstimated": 1546261643,
    "updatedFromDate": "2025-04-25",
    "fiscalDateEnding": "2016-09-30"
  },
  {
    "date": "2016-07-20",
    "symbol": "APH",
    "eps": 0.16,
    "epsEstimated": 0.16,
    "time": "bmo",
    "revenue": 1548200000,
    "revenueEstimated": 1500563076,
    "updatedFromDate": "2025-04-25",
    "fiscalDateEnding": "2016-06-30"
  }
]