[
  {
    "date": "2026-04-30",
    "symbol": "APO",
    "eps": null,
    "epsEstimated": null,
    "time": "bmo",
    "revenue": null,
    "revenueEstimated": null,
    "updatedFromDate": "2025-10-02",
    "fiscalDateEnding": "2026-03-30"
  },
  {
    "date": "2026-02-02",
    "symbol": "APO",
    "eps": null,
    "epsEstimated": null,
    "time": "bmo",
    "revenue": null,
    "revenueEstimated": null,
    "updatedFromDate": "2025-10-02",
    "fiscalDateEnding": "2025-12-30"
  },
  {
    "date": "2025-11-04",
    "symbol": "APO",
    "eps": null,
    "epsEstimated": 1.95,
    "time": "bmo",
    "revenue": null,
    "revenueEstimated": 1107556460,
    "updatedFromDate": "2025-10-02",
    "fiscalDateEnding": "2025-09-30"
  },
  {
    "date": "2025-08-05",
    "symbol": "APO",
    "eps": 1.92,
    "epsEstimated": 1.84,
    "time": "bmo",
    "revenue": 6814000000,
    "revenueEstimated": 4569901665,
    "updatedFromDate": "2025-10-02",
    "fiscalDateEnding": "2025-06-30"
  },
  {
    "date": "2025-05-02",
    "symbol": "APO",
    "eps": 1.82,
    "epsEstimated": 1.84,
    "time": "bmo",
    "revenue": 5548000000,
    "revenueEstimated": 4405188468,
    "updatedFromDate": "2025-08-02",
    "fiscalDateEnding": "2025-03-31"
  },
  {
    "date": "2025-02-04",
    "symbol": "APO",
    "eps": 2.22,
    "epsEstimated": 1.92,
    "time": "bmo",
    "revenue": 5283000000,
    "revenueEstimated": 962114286,
    "updatedFromDate": "2025-05-04",
    "fiscalDateEnding": "2024-12-31"
  },
  {
    "date": "2024-11-05",
    "symbol": "APO",
    "eps": 1.81,
    "epsEstimated": 1.73,
    "time": "bmo",
    "revenue": 7773000000,
    "revenueEstimated": 904332653,
    "updatedFromDate": "2025-04-25",
    "fiscalDateEnding": "2024-09-30"
  },
  {
    "date": "2024-08-01",
    "symbol": "APO",
    "eps": 1.64,
    "epsEstimated": 1.76,
    "time": "bmo",
    "revenue": 6018000000,
    "revenueEstimated": 873175704,
    "updatedFromDate": "2025-04-25",
    "fiscalDateEnding": "2024-06-30"
  },
  {
    "date": "2024-05-02",
    "symbol": "APO",
    "eps": 1.72,
    "epsEstimated": 1.78,
    "time": "bmo",
    "revenue": 7040000000,
    "revenueEstimated": 830083991,
    "updatedFromDate": "2025-04-25",
    "fiscalDateEnding": "2024-03-31"
  },
  {
    "date": "2024-02-08",
    "symbol": "APO",
    "eps": 1.91,
    "epsEstimated": 1.73,
    "time": "bmo",
    "revenue": 11046000000,
    "revenueEstimated": 829617156,
    "updatedFromDate": "2025-04-25",
    "fiscalDateEnding": "2023-12-31"
  },
  {
    "date": "2023-11-01",
    "symbol": "APO",
    "eps": 1.71,
    "epsEstimated": 1.71,
    "time": "bmo",
    "revenue": 2595000000,
    "revenueEstimated": 3532690000,
    "updatedFromDate": "2025-04-25",
    "fiscalDateEnding": "2023-09-30"
  },
  {
    "date": "2023-08-03",
    "symbol": "APO",
    "eps": 1.7,
    "epsEstimated": 1.65,
    "time": "bmo",
    "revenue": 13702000000,
    "revenueEstimated": 3341860000,
    "updatedFromDate": "2025-04-25",
    "fiscalDateEnding": "2023-06-30"
  },
  {
    "date": "2023-05-09",
    "symbol": "APO",
    "eps": 1.42,
    "epsEstimated": 1.47,
    "time": "bmo",
    "revenue": 5301000000,
    "revenueEstimated": 3243700000,
    "updatedFromDate": "2025-04-25",
    "fiscalDateEnding": "2023-03-31"
  },
  {
    "date": "2023-02-09",
    "symbol": "APO",
    "eps": 1.42,
    "epsEstimated": 1.47,
    "time": "bmo",
    "revenue": 10968000000,
    "revenueEstimated": 931800000,
    "updatedFromDate": "2025-04-25",
    "fiscalDateEnding": "2022-12-31"
  },
  {
    "date": "2022-11-02",
    "symbol": "APO",
    "eps": 1.33,
    "epsEstimated": 1.19,
    "time": "bmo",
    "revenue": 2979000000,
    "revenueEstimated": 655350167,
    "updatedFromDate": "2025-04-25",
    "fiscalDateEnding": "2022-09-30"
  },
  {
    "date": "2022-08-04",
    "symbol": "APO",
    "eps": 0.94,
    "epsEstimated": 1.03,
    "time": "bmo",
    "revenue": 2272000000,
    "revenueEstimated": 605764857,
    "updatedFromDate": "2025-04-25",
    "fiscalDateEnding": "2022-06-30"
  },
  {
    "date": "2022-05-05",
    "symbol": "APO",
    "eps": 1.52,
    "epsEstimated": 1.01,
    "time": "bmo",
    "revenue": 875000000,
    "revenueEstimated": 578623143,
    "updatedFromDate": "2025-04-25",
    "fiscalDateEnding": "2022-03-31"
  },
  {
    "date": "2022-02-11",
    "symbol": "APO",
    "eps": 1.05,
    "epsEstimated": 1.09,
    "time": "bmo",
    "revenue": 1195275000,
    "revenueEstimated": 564106571,
    "updatedFromDate": "2025-04-25",
    "fiscalDateEnding": "2021-12-31"
  },
  {
    "date": "2021-11-02",
    "symbol": "APO",
    "eps": 1.71,
    "epsEstimated": 1.11,
    "time": "bmo",
    "revenue": 1079298000,
    "revenueEstimated": 836000000,
    "updatedFromDate": "2025-04-25",
    "fiscalDateEnding": "2021-09-30"
  },
  {
    "date": "2021-08-04",
    "symbol": "APO",
    "eps": 1.14,
    "epsEstimated": 0.77,
    "time": "bmo",
    "revenue": 1382325000,
    "revenueEstimated": 1092440000,
    "updatedFromDate": "2025-04-25",
    "fiscalDateEnding": "2021-06-30"
  },
  {
    "date": "2021-05-04",
    "symbol": "APO",
    "eps": 0.66,
    "epsEstimated": 0.59,
    "time": "bmo",
    "revenue": 2294700000,
    "revenueEstimated": 564000000,
    "updatedFromDate": "2025-04-25",
    "fiscalDateEnding": "2021-03-31"
  },
  {
    "date": "2021-02-03",
    "symbol": "APO",
    "eps": 0.72,
    "epsEstimated": 0.52,
    "time": "bmo",
    "revenue": 1296496000,
    "revenueEstimated": 1197962304,
    "updatedFromDate": "2025-04-25",
    "fiscalDateEnding": "2020-12-31"
  },
  {
    "date": "2020-10-29",
    "symbol": "APO",
    "eps": 0.47,
    "epsEstimated": 0.49,
    "time": "bmo",
    "revenue": 1018274000,
    "revenueEstimated": 1059836204,
    "updatedFromDate": "2025-04-25",
    "fiscalDateEnding": "2020-09-30"
  },
  {
    "date": "2020-07-30",
    "symbol": "APO",
    "eps": 0.46,
    "epsEstimated": 0.48,
    "time": "bmo",
    "revenue": 1508335000,
    "revenueEstimated": 1571182291,
    "updatedFromDate": "2025-04-25",
    "fiscalDateEnding": "2020-06-30"
  },
  {
    "date": "2020-05-01",
    "symbol": "APO",
    "eps": 0.37,
    "epsEstimated": 0.49,
    "time": "bmo",
    "revenue": -1469086000,
    "revenueEstimated": 1905841297,
    "updatedFromDate": "2025-04-25",
    "fiscalDateEnding": "2020-03-31"
  },
  {
    "date": "2020-01-30",
    "symbol": "APO",
    "eps": 1.1,
    "epsEstimated": 0.73,
    "time": "bmo",
    "revenue": 914772000,
    "revenueEstimated": 607075963,
    "updatedFromDate": "2025-04-25",
    "fiscalDateEnding": "2019-12-31"
  },
  {
    "date": "2019-10-31",
    "symbol": "APO",
    "eps": 0.54,
    "epsEstimated": 0.57,
    "time": "bmo",
    "revenue": 702721000,
    "revenueEstimated": 728747703,
    "updatedFromDate": "2025-04-25",
    "fiscalDateEnding": "2019-09-30"
  },
  {
    "date": "2019-07-31",
    "symbol": "APO",
    "eps": 0.56,
    "epsEstimated": 0.57,
    "time": "bmo",
    "revenue": 636579000,
    "revenueEstimated": 647946482,
    "updatedFromDate": "2025-04-25",
    "fiscalDateEnding": "2019-06-30"
  },
  {
    "date": "2019-05-02",
    "symbol": "APO",
    "eps": 0.5,
    "epsEstimated": 0.56,
    "time": "bmo",
    "revenue": 677777000,
    "revenueEstimated": 759110240,
    "updatedFromDate": "2025-04-25",
    "fiscalDateEnding": "2019-03-31"
  },
  {
    "date": "2019-01-31",
    "symbol": "APO",
    "eps": -1.01,
    "epsEstimated": -0.72,
    "time": "bmo",
    "revenue": 114885000,
    "revenueEstimated": 88265304,
    "updatedFromDate": "2025-04-25",
    "fiscalDateEnding": "2018-12-31"
  },
  {
    "date": "2018-10-31",
    "symbol": "APO",
    "eps": 0.83,
    "epsEstimated": 0.92,
    "time": "bmo",
    "revenue": 517731000,
    "revenueEstimated": 573870506,
    "updatedFromDate": "2025-04-25",
    "fiscalDateEnding": "2018-09-30"
  },
  {
    "date": "2018-08-02",
    "symbol": "APO",
    "eps": 0.27,
    "epsEstimated": 0.54,
    "time": "bmo",
    "revenue": 523316000,
    "revenueEstimated": 1046632000,
    "updatedFromDate": "2025-04-25",
    "fiscalDateEnding": "2018-06-30"
  },
  {
    "date": "2018-05-03",
    "symbol": "APO",
    "eps": -0.3,
    "epsEstimated": -0.14621,
    "time": "bmo",
    "revenue": 166903000,
    "revenueEstimated": 83451500,
    "updatedFromDate": "2025-04-25",
    "fiscalDateEnding": "2018-03-31"
  },
  {
    "date": "2018-02-01",
    "symbol": "APO",
    "eps": 1.22,
    "epsEstimated": 0.67,
    "time": "bmo",
    "revenue": 869518000,
    "revenueEstimated": 733655809,
    "updatedFromDate": "2025-04-25",
    "fiscalDateEnding": "2017-12-31"
  },
  {
    "date": "2017-11-01",
    "symbol": "APO",
    "eps": 1.07,
    "epsEstimated": 0.61,
    "time": "bmo",
    "revenue": 664232000,
    "revenueEstimated": 606383924,
    "updatedFromDate": "2025-04-25",
    "fiscalDateEnding": "2017-09-30"
  },
  {
    "date": "2017-08-02",
    "symbol": "APO",
    "eps": 0.46,
    "epsEstimated": 0.46,
    "time": "bmo",
    "revenue": 432872000,
    "revenueEstimated": 432872000,
    "updatedFromDate": "2025-04-25",
    "fiscalDateEnding": "2017-06-30"
  },
  {
    "date": "2017-04-28",
    "symbol": "APO",
    "eps": 0.82,
    "epsEstimated": 0.64,
    "time": "bmo",
    "revenue": 643551000,
    "revenueEstimated": 502283707,
    "updatedFromDate": "2025-04-25",
    "fiscalDateEnding": "2017-03-31"
  },
  {
    "date": "2017-02-03",
    "symbol": "APO",
    "eps": 0.98,
    "epsEstimated": 0.76,
    "time": "bmo",
    "revenue": 685380000,
    "revenueEstimated": 538512857,
    "updatedFromDate": "2025-04-25",
    "fiscalDateEnding": "2016-12-31"
  },
  {
    "date": "2016-10-28",
    "symbol": "APO",
    "eps": 0.58,
    "epsEstimated": 0.45,
    "time": "bmo",
    "revenue": 503731000,
    "revenueEstimated": 390825775,
    "updatedFromDate": "2025-04-25",
    "fiscalDateEnding": "2016-09-30"
  },
  {
    "date": "2016-08-03",
    "symbol": "APO",
    "eps": 0.98,
    "epsEstimated": 0.2,
    "time": "bmo",
    "revenue": 660447000,
    "revenueEstimated": 134785102,
    "updatedFromDate": "2025-04-25",
    "fiscalDateEnding": "2016-06-30"
  }
]