[
  {
    "date": "2026-05-05",
    "symbol": "APP",
    "eps": null,
    "epsEstimated": null,
    "time": "amc",
    "revenue": null,
    "revenueEstimated": null,
    "updatedFromDate": "2025-10-02",
    "fiscalDateEnding": "2026-03-30"
  },
  {
    "date": "2026-02-10",
    "symbol": "APP",
    "eps": null,
    "epsEstimated": null,
    "time": "amc",
    "revenue": null,
    "revenueEstimated": null,
    "updatedFromDate": "2025-10-02",
    "fiscalDateEnding": "2025-12-30"
  },
  {
    "date": "2025-11-05",
    "symbol": "APP",
    "eps": null,
    "epsEstimated": 2.34,
    "time": "bmo",
    "revenue": null,
    "revenueEstimated": 1337831550,
    "updatedFromDate": "2025-10-02",
    "fiscalDateEnding": "2025-09-30"
  },
  {
    "date": "2025-08-06",
    "symbol": "APP",
    "eps": 2.26,
    "epsEstimated": 1.96,
    "time": "amc",
    "revenue": 1258754000,
    "revenueEstimated": 1224369137,
    "updatedFromDate": "2025-10-02",
    "fiscalDateEnding": "2025-06-30"
  },
  {
    "date": "2025-05-07",
    "symbol": "APP",
    "eps": 1.67,
    "epsEstimated": 1.44,
    "time": "amc",
    "revenue": 1484021000,
    "revenueEstimated": 1381048854,
    "updatedFromDate": "2025-08-07",
    "fiscalDateEnding": "2025-03-31"
  },
  {
    "date": "2025-02-12",
    "symbol": "APP",
    "eps": 1.73,
    "epsEstimated": 1.12,
    "time": "amc",
    "revenue": 1372779000,
    "revenueEstimated": 1261501671,
    "updatedFromDate": "2025-05-12",
    "fiscalDateEnding": "2024-12-31"
  },
  {
    "date": "2024-11-06",
    "symbol": "APP",
    "eps": 1.25,
    "epsEstimated": 0.92,
    "time": "amc",
    "revenue": 1198235000,
    "revenueEstimated": 1131432734,
    "updatedFromDate": "2025-04-24",
    "fiscalDateEnding": "2024-09-30"
  },
  {
    "date": "2024-08-07",
    "symbol": "APP",
    "eps": 0.89,
    "epsEstimated": 0.75,
    "time": "amc",
    "revenue": 1080119000,
    "revenueEstimated": 1080711209,
    "updatedFromDate": "2025-04-24",
    "fiscalDateEnding": "2024-06-30"
  },
  {
    "date": "2024-05-08",
    "symbol": "APP",
    "eps": 0.67,
    "epsEstimated": 0.57,
    "time": "amc",
    "revenue": 1058115000,
    "revenueEstimated": 973696275,
    "updatedFromDate": "2025-04-24",
    "fiscalDateEnding": "2024-03-31"
  },
  {
    "date": "2024-02-14",
    "symbol": "APP",
    "eps": 0.49,
    "epsEstimated": 0.35,
    "time": "amc",
    "revenue": 953261000,
    "revenueEstimated": 928170000,
    "updatedFromDate": "2025-04-24",
    "fiscalDateEnding": "2023-12-31"
  },
  {
    "date": "2023-11-08",
    "symbol": "APP",
    "eps": 0.3,
    "epsEstimated": 0.27,
    "time": "amc",
    "revenue": 864256000,
    "revenueEstimated": 797950000,
    "updatedFromDate": "2025-04-24",
    "fiscalDateEnding": "2023-09-30"
  },
  {
    "date": "2023-08-09",
    "symbol": "APP",
    "eps": 0.22,
    "epsEstimated": 0.07,
    "time": "amc",
    "revenue": 750165000,
    "revenueEstimated": 724270000,
    "updatedFromDate": "2025-04-24",
    "fiscalDateEnding": "2023-06-30"
  },
  {
    "date": "2023-05-10",
    "symbol": "APP",
    "eps": -0.01,
    "epsEstimated": 0.05,
    "time": "amc",
    "revenue": 715405000,
    "revenueEstimated": 693510000,
    "updatedFromDate": "2025-04-24",
    "fiscalDateEnding": "2023-03-31"
  },
  {
    "date": "2023-02-08",
    "symbol": "APP",
    "eps": -0.21,
    "epsEstimated": 0.05,
    "time": "amc",
    "revenue": 702307000,
    "revenueEstimated": 690885070,
    "updatedFromDate": "2025-04-24",
    "fiscalDateEnding": "2022-12-31"
  },
  {
    "date": "2022-11-09",
    "symbol": "APP",
    "eps": 0.06,
    "epsEstimated": 0.07,
    "time": "amc",
    "revenue": 713099000,
    "revenueEstimated": 728241411,
    "updatedFromDate": "2025-04-24",
    "fiscalDateEnding": "2022-09-30"
  },
  {
    "date": "2022-08-10",
    "symbol": "APP",
    "eps": -0.06,
    "epsEstimated": 0.15,
    "time": "amc",
    "revenue": 776231000,
    "revenueEstimated": 819632170,
    "updatedFromDate": "2025-04-24",
    "fiscalDateEnding": "2022-06-30"
  },
  {
    "date": "2022-05-11",
    "symbol": "APP",
    "eps": 0.18,
    "epsEstimated": -0.03539,
    "time": "amc",
    "revenue": 625421000,
    "revenueEstimated": 814994567,
    "updatedFromDate": "2025-04-24",
    "fiscalDateEnding": "2022-03-31"
  },
  {
    "date": "2022-02-16",
    "symbol": "APP",
    "eps": 0.08,
    "epsEstimated": 0.11,
    "time": "amc",
    "revenue": 793470000,
    "revenueEstimated": 780413244,
    "updatedFromDate": "2025-04-24",
    "fiscalDateEnding": "2021-12-31"
  },
  {
    "date": "2021-11-10",
    "symbol": "APP",
    "eps": 0.00046,
    "epsEstimated": 0.1,
    "time": "amc",
    "revenue": 726951000,
    "revenueEstimated": 1305743652,
    "updatedFromDate": "2025-04-24",
    "fiscalDateEnding": "2021-09-30"
  },
  {
    "date": "2021-08-11",
    "symbol": "APP",
    "eps": 0.04,
    "epsEstimated": 0.05,
    "time": "amc",
    "revenue": 668806000,
    "revenueEstimated": 668806000,
    "updatedFromDate": "2025-04-24",
    "fiscalDateEnding": "2021-06-30"
  },
  {
    "date": "2021-05-12",
    "symbol": "APP",
    "eps": -0.05,
    "epsEstimated": -0.01,
    "time": "amc",
    "revenue": 603877000,
    "revenueEstimated": null,
    "updatedFromDate": "2025-04-24",
    "fiscalDateEnding": "2021-03-31"
  },
  {
    "date": "2021-04-15",
    "symbol": "APP",
    "eps": -0.05244,
    "epsEstimated": null,
    "time": "amc",
    "revenue": 509837000,
    "revenueEstimated": null,
    "updatedFromDate": "2025-04-24",
    "fiscalDateEnding": "2020-12-31"
  },
  {
    "date": "2020-09-29",
    "symbol": "APP",
    "eps": -0.27673,
    "epsEstimated": null,
    "time": "amc",
    "revenue": 381740000,
    "revenueEstimated": null,
    "updatedFromDate": "2025-04-24",
    "fiscalDateEnding": "2020-09-30"
  },
  {
    "date": "2020-06-29",
    "symbol": "APP",
    "eps": -0.066,
    "epsEstimated": null,
    "time": "amc",
    "revenue": 299331000,
    "revenueEstimated": null,
    "updatedFromDate": "2025-04-24",
    "fiscalDateEnding": "2020-06-30"
  },
  {
    "date": "2020-03-30",
    "symbol": "APP",
    "eps": 0.01439,
    "epsEstimated": null,
    "time": "amc",
    "revenue": 260178000,
    "revenueEstimated": null,
    "updatedFromDate": "2025-04-24",
    "fiscalDateEnding": "2020-03-31"
  }
]