[
  {
    "date": "2026-04-29",
    "symbol": "APTV",
    "eps": null,
    "epsEstimated": null,
    "time": "bmo",
    "revenue": null,
    "revenueEstimated": null,
    "updatedFromDate": "2025-10-02",
    "fiscalDateEnding": "2026-03-30"
  },
  {
    "date": "2026-02-04",
    "symbol": "APTV",
    "eps": null,
    "epsEstimated": null,
    "time": "bmo",
    "revenue": null,
    "revenueEstimated": null,
    "updatedFromDate": "2025-10-02",
    "fiscalDateEnding": "2025-12-30"
  },
  {
    "date": "2025-10-30",
    "symbol": "APTV",
    "eps": null,
    "epsEstimated": 1.76,
    "time": "bmo",
    "revenue": null,
    "revenueEstimated": 5050496860,
    "updatedFromDate": "2025-10-02",
    "fiscalDateEnding": "2025-09-30"
  },
  {
    "date": "2025-07-31",
    "symbol": "APTV",
    "eps": 2.12,
    "epsEstimated": 1.79,
    "time": "bmo",
    "revenue": 5208000000,
    "revenueEstimated": 4981661010,
    "updatedFromDate": "2025-10-02",
    "fiscalDateEnding": "2025-06-30"
  },
  {
    "date": "2025-05-01",
    "symbol": "APTV",
    "eps": 1.69,
    "epsEstimated": 1.53,
    "time": "bmo",
    "revenue": 4825000000,
    "revenueEstimated": 4793107316,
    "updatedFromDate": "2025-08-01",
    "fiscalDateEnding": "2025-03-31"
  },
  {
    "date": "2025-02-06",
    "symbol": "APTV",
    "eps": 1.75,
    "epsEstimated": 1.66,
    "time": "bmo",
    "revenue": 4907000000,
    "revenueEstimated": 4775178660,
    "updatedFromDate": "2025-05-02",
    "fiscalDateEnding": "2024-12-31"
  },
  {
    "date": "2024-10-31",
    "symbol": "APTV",
    "eps": 1.83,
    "epsEstimated": 1.68,
    "time": "bmo",
    "revenue": 4854000000,
    "revenueEstimated": 5095688274,
    "updatedFromDate": "2025-04-25",
    "fiscalDateEnding": "2024-09-30"
  },
  {
    "date": "2024-08-01",
    "symbol": "APTV",
    "eps": 1.58,
    "epsEstimated": 1.42,
    "time": "bmo",
    "revenue": 5051000000,
    "revenueEstimated": 5304786848,
    "updatedFromDate": "2025-04-25",
    "fiscalDateEnding": "2024-06-30"
  },
  {
    "date": "2024-05-02",
    "symbol": "APTV",
    "eps": 1.16,
    "epsEstimated": 1.04,
    "time": "bmo",
    "revenue": 4901000000,
    "revenueEstimated": 4983967661,
    "updatedFromDate": "2025-04-25",
    "fiscalDateEnding": "2024-03-31"
  },
  {
    "date": "2024-01-31",
    "symbol": "APTV",
    "eps": 1.4,
    "epsEstimated": 1.29,
    "time": "bmo",
    "revenue": 4919000000,
    "revenueEstimated": 5050990000,
    "updatedFromDate": "2025-04-25",
    "fiscalDateEnding": "2023-12-31"
  },
  {
    "date": "2023-11-02",
    "symbol": "APTV",
    "eps": 1.3,
    "epsEstimated": 1.2,
    "time": "bmo",
    "revenue": 5114000000,
    "revenueEstimated": 4983540000,
    "updatedFromDate": "2025-04-25",
    "fiscalDateEnding": "2023-09-30"
  },
  {
    "date": "2023-08-03",
    "symbol": "APTV",
    "eps": 1.25,
    "epsEstimated": 1.03,
    "time": "bmo",
    "revenue": 5200000000,
    "revenueEstimated": 5045360000,
    "updatedFromDate": "2025-04-25",
    "fiscalDateEnding": "2023-06-30"
  },
  {
    "date": "2023-05-04",
    "symbol": "APTV",
    "eps": 0.91,
    "epsEstimated": 0.9,
    "time": "bmo",
    "revenue": 4818000000,
    "revenueEstimated": 4762730000,
    "updatedFromDate": "2025-04-25",
    "fiscalDateEnding": "2023-03-31"
  },
  {
    "date": "2023-02-02",
    "symbol": "APTV",
    "eps": 1.27,
    "epsEstimated": 1.22,
    "time": "bmo",
    "revenue": 4640000000,
    "revenueEstimated": 4539920000,
    "updatedFromDate": "2025-04-25",
    "fiscalDateEnding": "2022-12-31"
  },
  {
    "date": "2022-11-03",
    "symbol": "APTV",
    "eps": 1.28,
    "epsEstimated": 0.99,
    "time": "bmo",
    "revenue": 4614000000,
    "revenueEstimated": 4331199491,
    "updatedFromDate": "2025-04-25",
    "fiscalDateEnding": "2022-09-30"
  },
  {
    "date": "2022-08-04",
    "symbol": "APTV",
    "eps": 0.22,
    "epsEstimated": 0.62,
    "time": "bmo",
    "revenue": 4057000000,
    "revenueEstimated": 4079601923,
    "updatedFromDate": "2025-04-25",
    "fiscalDateEnding": "2022-06-30"
  },
  {
    "date": "2022-05-05",
    "symbol": "APTV",
    "eps": 0.63,
    "epsEstimated": 0.61,
    "time": "bmo",
    "revenue": 4178000000,
    "revenueEstimated": 4057099711,
    "updatedFromDate": "2025-04-25",
    "fiscalDateEnding": "2022-03-31"
  },
  {
    "date": "2022-02-03",
    "symbol": "APTV",
    "eps": 0.56,
    "epsEstimated": 0.55,
    "time": "bmo",
    "revenue": 4134000000,
    "revenueEstimated": 3913716724,
    "updatedFromDate": "2025-04-25",
    "fiscalDateEnding": "2021-12-31"
  },
  {
    "date": "2021-11-04",
    "symbol": "APTV",
    "eps": 0.38,
    "epsEstimated": 0.37,
    "time": "bmo",
    "revenue": 3654000000,
    "revenueEstimated": 3946420000,
    "updatedFromDate": "2025-04-25",
    "fiscalDateEnding": "2021-09-30"
  },
  {
    "date": "2021-08-05",
    "symbol": "APTV",
    "eps": 0.6,
    "epsEstimated": 0.67,
    "time": "bmo",
    "revenue": 3807000000,
    "revenueEstimated": 3807000000,
    "updatedFromDate": "2025-04-25",
    "fiscalDateEnding": "2021-06-30"
  },
  {
    "date": "2021-05-06",
    "symbol": "APTV",
    "eps": 1.06,
    "epsEstimated": 0.78,
    "time": "bmo",
    "revenue": 4023000000,
    "revenueEstimated": 3643400000,
    "updatedFromDate": "2025-04-25",
    "fiscalDateEnding": "2021-03-31"
  },
  {
    "date": "2021-02-03",
    "symbol": "APTV",
    "eps": 1.13,
    "epsEstimated": 1.01,
    "time": "bmo",
    "revenue": 4212000000,
    "revenueEstimated": 3711564356,
    "updatedFromDate": "2025-04-25",
    "fiscalDateEnding": "2020-12-31"
  },
  {
    "date": "2020-10-29",
    "symbol": "APTV",
    "eps": 1.13,
    "epsEstimated": 0.76,
    "time": "bmo",
    "revenue": 3668000000,
    "revenueEstimated": 3105734209,
    "updatedFromDate": "2025-04-25",
    "fiscalDateEnding": "2020-09-30"
  },
  {
    "date": "2020-07-30",
    "symbol": "APTV",
    "eps": -1.1,
    "epsEstimated": -1.43,
    "time": "bmo",
    "revenue": 1960000000,
    "revenueEstimated": 2346277372,
    "updatedFromDate": "2025-04-25",
    "fiscalDateEnding": "2020-06-30"
  },
  {
    "date": "2020-05-05",
    "symbol": "APTV",
    "eps": 0.68,
    "epsEstimated": 0.32,
    "time": "bmo",
    "revenue": 3226000000,
    "revenueEstimated": 2309758383,
    "updatedFromDate": "2025-04-25",
    "fiscalDateEnding": "2020-03-31"
  },
  {
    "date": "2020-01-30",
    "symbol": "APTV",
    "eps": 1.15,
    "epsEstimated": 1.02,
    "time": "bmo",
    "revenue": 3596000000,
    "revenueEstimated": 3189495652,
    "updatedFromDate": "2025-04-25",
    "fiscalDateEnding": "2019-12-31"
  },
  {
    "date": "2019-10-30",
    "symbol": "APTV",
    "eps": 1.27,
    "epsEstimated": 1.27,
    "time": "bmo",
    "revenue": 3559000000,
    "revenueEstimated": 3530976377,
    "updatedFromDate": "2025-04-25",
    "fiscalDateEnding": "2019-09-30"
  },
  {
    "date": "2019-07-31",
    "symbol": "APTV",
    "eps": 1.33,
    "epsEstimated": 1.14,
    "time": "bmo",
    "revenue": 3627000000,
    "revenueEstimated": 3108857142,
    "updatedFromDate": "2025-04-25",
    "fiscalDateEnding": "2019-06-30"
  },
  {
    "date": "2019-05-02",
    "symbol": "APTV",
    "eps": 1.05,
    "epsEstimated": 1.01,
    "time": "bmo",
    "revenue": 3575000000,
    "revenueEstimated": 3438809523,
    "updatedFromDate": "2025-04-25",
    "fiscalDateEnding": "2019-03-31"
  },
  {
    "date": "2019-01-31",
    "symbol": "APTV",
    "eps": 1.34,
    "epsEstimated": 1.21,
    "time": "bmo",
    "revenue": 3636000000,
    "revenueEstimated": 3283253731,
    "updatedFromDate": "2025-04-25",
    "fiscalDateEnding": "2018-12-31"
  },
  {
    "date": "2018-10-31",
    "symbol": "APTV",
    "eps": 1.24,
    "epsEstimated": 1.2,
    "time": "bmo",
    "revenue": 3485000000,
    "revenueEstimated": 3372580645,
    "updatedFromDate": "2025-04-25",
    "fiscalDateEnding": "2018-09-30"
  },
  {
    "date": "2018-07-31",
    "symbol": "APTV",
    "eps": 1.4,
    "epsEstimated": 1.35,
    "time": "bmo",
    "revenue": 3684000000,
    "revenueEstimated": 3552428571,
    "updatedFromDate": "2025-04-25",
    "fiscalDateEnding": "2018-06-30"
  },
  {
    "date": "2018-05-02",
    "symbol": "APTV",
    "eps": 1.29,
    "epsEstimated": 1.2,
    "time": "bmo",
    "revenue": 3630000000,
    "revenueEstimated": 3376744186,
    "updatedFromDate": "2025-04-25",
    "fiscalDateEnding": "2018-03-31"
  },
  {
    "date": "2018-02-01",
    "symbol": "APTV",
    "eps": 1.28,
    "epsEstimated": 1.33,
    "time": "bmo",
    "revenue": 3440000000,
    "revenueEstimated": 60382812,
    "updatedFromDate": "2025-04-25",
    "fiscalDateEnding": "2017-12-31"
  },
  {
    "date": "2017-11-02",
    "symbol": "APTV",
    "eps": 1.66,
    "epsEstimated": 1.57,
    "time": "bmo",
    "revenue": 4333000000,
    "revenueEstimated": 4098078313,
    "updatedFromDate": "2025-04-25",
    "fiscalDateEnding": "2017-09-30"
  },
  {
    "date": "2017-08-02",
    "symbol": "APTV",
    "eps": 1.71,
    "epsEstimated": 1.65,
    "time": "bmo",
    "revenue": 4318000000,
    "revenueEstimated": 4166491228,
    "updatedFromDate": "2025-04-25",
    "fiscalDateEnding": "2017-06-30"
  },
  {
    "date": "2017-05-03",
    "symbol": "APTV",
    "eps": 1.59,
    "epsEstimated": 1.46,
    "time": "bmo",
    "revenue": 4292000000,
    "revenueEstimated": 3941081761,
    "updatedFromDate": "2025-04-25",
    "fiscalDateEnding": "2017-03-31"
  },
  {
    "date": "2017-02-02",
    "symbol": "APTV",
    "eps": 1.83,
    "epsEstimated": 1.6,
    "time": "bmo",
    "revenue": 4313000000,
    "revenueEstimated": 3770928961,
    "updatedFromDate": "2025-04-25",
    "fiscalDateEnding": "2016-12-31"
  },
  {
    "date": "2016-11-02",
    "symbol": "APTV",
    "eps": 1.5,
    "epsEstimated": 1.43,
    "time": "bmo",
    "revenue": 4091000000,
    "revenueEstimated": 3900086666,
    "updatedFromDate": "2025-04-25",
    "fiscalDateEnding": "2016-09-30"
  },
  {
    "date": "2016-08-03",
    "symbol": "APTV",
    "eps": 1.59,
    "epsEstimated": 1.55,
    "time": "bmo",
    "revenue": 4206000000,
    "revenueEstimated": 4100188679,
    "updatedFromDate": "2025-04-25",
    "fiscalDateEnding": "2016-06-30"
  }
]