[
  {
    "date": "2026-04-27",
    "symbol": "ARE",
    "eps": null,
    "epsEstimated": null,
    "time": "amc",
    "revenue": null,
    "revenueEstimated": null,
    "updatedFromDate": "2025-10-02",
    "fiscalDateEnding": "2026-03-30"
  },
  {
    "date": "2026-01-26",
    "symbol": "ARE",
    "eps": null,
    "epsEstimated": null,
    "time": "amc",
    "revenue": null,
    "revenueEstimated": null,
    "updatedFromDate": "2025-10-02",
    "fiscalDateEnding": "2025-12-30"
  },
  {
    "date": "2025-10-27",
    "symbol": "ARE",
    "eps": null,
    "epsEstimated": 2.31,
    "time": "amc",
    "revenue": null,
    "revenueEstimated": 752901100,
    "updatedFromDate": "2025-10-02",
    "fiscalDateEnding": "2025-09-30"
  },
  {
    "date": "2025-07-21",
    "symbol": "ARE",
    "eps": 2.33,
    "epsEstimated": 2.29,
    "time": "amc",
    "revenue": 762040000,
    "revenueEstimated": 752813120,
    "updatedFromDate": "2025-10-02",
    "fiscalDateEnding": "2025-06-30"
  },
  {
    "date": "2025-04-28",
    "symbol": "ARE",
    "eps": 2.3,
    "epsEstimated": 2.28,
    "time": "amc",
    "revenue": 743175000,
    "revenueEstimated": 758229330,
    "updatedFromDate": "2025-07-28",
    "fiscalDateEnding": "2025-03-31"
  },
  {
    "date": "2025-01-27",
    "symbol": "ARE",
    "eps": 2.39,
    "epsEstimated": 0.91,
    "time": "amc",
    "revenue": 112690000,
    "revenueEstimated": 776982680,
    "updatedFromDate": "2025-04-27",
    "fiscalDateEnding": "2024-12-31"
  },
  {
    "date": "2024-10-21",
    "symbol": "ARE",
    "eps": 2.37,
    "epsEstimated": 2.38,
    "time": "amc",
    "revenue": 775744000,
    "revenueEstimated": 772220000,
    "updatedFromDate": "2025-04-24",
    "fiscalDateEnding": "2024-09-30"
  },
  {
    "date": "2024-07-22",
    "symbol": "ARE",
    "eps": 2.36,
    "epsEstimated": 2.34,
    "time": "amc",
    "revenue": 766734000,
    "revenueEstimated": 780100000,
    "updatedFromDate": "2025-04-24",
    "fiscalDateEnding": "2024-06-30"
  },
  {
    "date": "2024-04-22",
    "symbol": "ARE",
    "eps": 2.35,
    "epsEstimated": 2.31,
    "time": "amc",
    "revenue": 769108000,
    "revenueEstimated": 770970000,
    "updatedFromDate": "2025-04-24",
    "fiscalDateEnding": "2024-03-31"
  },
  {
    "date": "2024-01-29",
    "symbol": "ARE",
    "eps": 2.28,
    "epsEstimated": 2.29,
    "time": "amc",
    "revenue": 757216000,
    "revenueEstimated": 719910000,
    "updatedFromDate": "2025-04-24",
    "fiscalDateEnding": "2023-12-31"
  },
  {
    "date": "2023-10-23",
    "symbol": "ARE",
    "eps": 2.26,
    "epsEstimated": 2.24,
    "time": "amc",
    "revenue": 713788000,
    "revenueEstimated": 721980000,
    "updatedFromDate": "2025-04-24",
    "fiscalDateEnding": "2023-09-30"
  },
  {
    "date": "2023-07-24",
    "symbol": "ARE",
    "eps": 2.24,
    "epsEstimated": 2.2,
    "time": "amc",
    "revenue": 713900000,
    "revenueEstimated": 694540000,
    "updatedFromDate": "2025-04-24",
    "fiscalDateEnding": "2023-06-30"
  },
  {
    "date": "2023-04-24",
    "symbol": "ARE",
    "eps": 2.19,
    "epsEstimated": 2.15,
    "time": "amc",
    "revenue": 700795000,
    "revenueEstimated": 657420000,
    "updatedFromDate": "2025-04-24",
    "fiscalDateEnding": "2023-03-31"
  },
  {
    "date": "2023-01-30",
    "symbol": "ARE",
    "eps": 2.14,
    "epsEstimated": 2.13,
    "time": "amc",
    "revenue": 670281000,
    "revenueEstimated": 633135238,
    "updatedFromDate": "2025-04-24",
    "fiscalDateEnding": "2022-12-31"
  },
  {
    "date": "2022-10-24",
    "symbol": "ARE",
    "eps": 2.11,
    "epsEstimated": 0.68,
    "time": "amc",
    "revenue": 659852000,
    "revenueEstimated": 652843771,
    "updatedFromDate": "2025-04-24",
    "fiscalDateEnding": "2022-09-30"
  },
  {
    "date": "2022-07-25",
    "symbol": "ARE",
    "eps": 1.67,
    "epsEstimated": 0.66,
    "time": "amc",
    "revenue": 643764000,
    "revenueEstimated": 630877871,
    "updatedFromDate": "2025-04-24",
    "fiscalDateEnding": "2022-06-30"
  },
  {
    "date": "2022-04-25",
    "symbol": "ARE",
    "eps": 2.05,
    "epsEstimated": 2,
    "time": "amc",
    "revenue": 615065000,
    "revenueEstimated": 583773728,
    "updatedFromDate": "2025-04-24",
    "fiscalDateEnding": "2022-03-31"
  },
  {
    "date": "2022-01-31",
    "symbol": "ARE",
    "eps": 1.97,
    "epsEstimated": 1.96,
    "time": "amc",
    "revenue": 576923000,
    "revenueEstimated": 547870467,
    "updatedFromDate": "2025-04-24",
    "fiscalDateEnding": "2021-12-31"
  },
  {
    "date": "2021-10-25",
    "symbol": "ARE",
    "eps": 1.95,
    "epsEstimated": 1.94,
    "time": "amc",
    "revenue": 547759000,
    "revenueEstimated": 425280000,
    "updatedFromDate": "2025-04-24",
    "fiscalDateEnding": "2021-09-30"
  },
  {
    "date": "2021-07-26",
    "symbol": "ARE",
    "eps": 1.93,
    "epsEstimated": 1.89,
    "time": "amc",
    "revenue": 509619000,
    "revenueEstimated": 450840000,
    "updatedFromDate": "2025-04-24",
    "fiscalDateEnding": "2021-06-30"
  },
  {
    "date": "2021-04-26",
    "symbol": "ARE",
    "eps": 1.91,
    "epsEstimated": 1.85,
    "time": "amc",
    "revenue": 479849000,
    "revenueEstimated": 833944468,
    "updatedFromDate": "2025-04-24",
    "fiscalDateEnding": "2021-03-31"
  },
  {
    "date": "2021-02-01",
    "symbol": "ARE",
    "eps": 1.84,
    "epsEstimated": 1.84,
    "time": "amc",
    "revenue": 463720000,
    "revenueEstimated": 1605184615,
    "updatedFromDate": "2025-04-24",
    "fiscalDateEnding": "2020-12-31"
  },
  {
    "date": "2020-10-26",
    "symbol": "ARE",
    "eps": 1.83,
    "epsEstimated": 1.83,
    "time": "amc",
    "revenue": 545042000,
    "revenueEstimated": 527739079,
    "updatedFromDate": "2025-04-24",
    "fiscalDateEnding": "2020-09-30"
  },
  {
    "date": "2020-07-27",
    "symbol": "ARE",
    "eps": 1.82,
    "epsEstimated": 0.53,
    "time": "amc",
    "revenue": 436956000,
    "revenueEstimated": 127245428,
    "updatedFromDate": "2025-04-24",
    "fiscalDateEnding": "2020-06-30"
  },
  {
    "date": "2020-04-27",
    "symbol": "ARE",
    "eps": 1.82,
    "epsEstimated": 1.82,
    "time": "amc",
    "revenue": 439919000,
    "revenueEstimated": 2073903857,
    "updatedFromDate": "2025-04-24",
    "fiscalDateEnding": "2020-03-31"
  },
  {
    "date": "2020-02-03",
    "symbol": "ARE",
    "eps": 1.74,
    "epsEstimated": 0.59,
    "time": "amc",
    "revenue": 408114000,
    "revenueEstimated": 138383482,
    "updatedFromDate": "2025-04-24",
    "fiscalDateEnding": "2019-12-31"
  },
  {
    "date": "2019-10-28",
    "symbol": "ARE",
    "eps": 1.75,
    "epsEstimated": 1.75,
    "time": "amc",
    "revenue": 390484000,
    "revenueEstimated": 381609363,
    "updatedFromDate": "2025-04-24",
    "fiscalDateEnding": "2019-09-30"
  },
  {
    "date": "2019-07-29",
    "symbol": "ARE",
    "eps": 1.73,
    "epsEstimated": 1.72,
    "time": "amc",
    "revenue": 373856000,
    "revenueEstimated": 285889882,
    "updatedFromDate": "2025-04-24",
    "fiscalDateEnding": "2019-06-30"
  },
  {
    "date": "2019-04-29",
    "symbol": "ARE",
    "eps": 1.71,
    "epsEstimated": 1.68,
    "time": "amc",
    "revenue": 358842000,
    "revenueEstimated": 132545243,
    "updatedFromDate": "2025-04-24",
    "fiscalDateEnding": "2019-03-31"
  },
  {
    "date": "2019-02-04",
    "symbol": "ARE",
    "eps": 1.68,
    "epsEstimated": 1.69,
    "time": "amc",
    "revenue": 340463000,
    "revenueEstimated": 590135866,
    "updatedFromDate": "2025-04-24",
    "fiscalDateEnding": "2018-12-31"
  },
  {
    "date": "2018-10-29",
    "symbol": "ARE",
    "eps": 1.99,
    "epsEstimated": 0.49,
    "time": "amc",
    "revenue": 341823000,
    "revenueEstimated": 84167472,
    "updatedFromDate": "2025-04-24",
    "fiscalDateEnding": "2018-09-30"
  },
  {
    "date": "2018-07-30",
    "symbol": "ARE",
    "eps": 1.64,
    "epsEstimated": 1.64,
    "time": "amc",
    "revenue": 325034000,
    "revenueEstimated": 337780431,
    "updatedFromDate": "2025-04-24",
    "fiscalDateEnding": "2018-06-30"
  },
  {
    "date": "2018-04-30",
    "symbol": "ARE",
    "eps": 1.32,
    "epsEstimated": 0.51,
    "time": "amc",
    "revenue": 320139000,
    "revenueEstimated": 123690068,
    "updatedFromDate": "2025-04-24",
    "fiscalDateEnding": "2018-03-31"
  },
  {
    "date": "2018-01-29",
    "symbol": "ARE",
    "eps": 1.53,
    "epsEstimated": 1.54,
    "time": "amc",
    "revenue": 298838000,
    "revenueEstimated": 314566315,
    "updatedFromDate": "2025-04-24",
    "fiscalDateEnding": "2017-12-31"
  },
  {
    "date": "2017-10-30",
    "symbol": "ARE",
    "eps": 1.51,
    "epsEstimated": 1.5,
    "time": "amc",
    "revenue": 283737000,
    "revenueEstimated": 216671890,
    "updatedFromDate": "2025-04-24",
    "fiscalDateEnding": "2017-09-30"
  },
  {
    "date": "2017-07-31",
    "symbol": "ARE",
    "eps": 1.5,
    "epsEstimated": 1.5,
    "time": "amc",
    "revenue": 273084000,
    "revenueEstimated": 335503200,
    "updatedFromDate": "2025-04-24",
    "fiscalDateEnding": "2017-06-30"
  },
  {
    "date": "2017-05-01",
    "symbol": "ARE",
    "eps": 1.48,
    "epsEstimated": 1.46,
    "time": "amc",
    "revenue": 268852000,
    "revenueEstimated": 352288827,
    "updatedFromDate": "2025-04-24",
    "fiscalDateEnding": "2017-03-31"
  },
  {
    "date": "2017-01-30",
    "symbol": "ARE",
    "eps": 1.42,
    "epsEstimated": 1.43,
    "time": "amc",
    "revenue": 245623000,
    "revenueEstimated": 206006387,
    "updatedFromDate": "2025-04-24",
    "fiscalDateEnding": "2016-12-31"
  },
  {
    "date": "2016-10-31",
    "symbol": "ARE",
    "eps": 1.39,
    "epsEstimated": 1.38,
    "time": "amc",
    "revenue": 225318000,
    "revenueEstimated": 1255343142,
    "updatedFromDate": "2025-04-24",
    "fiscalDateEnding": "2016-09-30"
  },
  {
    "date": "2016-08-01",
    "symbol": "ARE",
    "eps": 1.36,
    "epsEstimated": 1.37,
    "time": "amc",
    "revenue": 215826000,
    "revenueEstimated": 36389267,
    "updatedFromDate": "2025-04-24",
    "fiscalDateEnding": "2016-06-30"
  }
]