[
  {
    "date": "2026-05-05",
    "symbol": "ATO",
    "eps": null,
    "epsEstimated": null,
    "time": "amc",
    "revenue": null,
    "revenueEstimated": null,
    "updatedFromDate": "2025-10-02",
    "fiscalDateEnding": "2026-03-30"
  },
  {
    "date": "2026-02-02",
    "symbol": "ATO",
    "eps": null,
    "epsEstimated": null,
    "time": "amc",
    "revenue": null,
    "revenueEstimated": null,
    "updatedFromDate": "2025-10-02",
    "fiscalDateEnding": "2025-12-30"
  },
  {
    "date": "2025-11-05",
    "symbol": "ATO",
    "eps": null,
    "epsEstimated": 0.94,
    "time": "bmo",
    "revenue": null,
    "revenueEstimated": 726974000,
    "updatedFromDate": "2025-10-02",
    "fiscalDateEnding": "2025-09-30"
  },
  {
    "date": "2025-08-06",
    "symbol": "ATO",
    "eps": 1.16,
    "epsEstimated": 1.14,
    "time": "amc",
    "revenue": 838774000,
    "revenueEstimated": 822148220,
    "updatedFromDate": "2025-10-02",
    "fiscalDateEnding": "2025-06-30"
  },
  {
    "date": "2025-05-07",
    "symbol": "ATO",
    "eps": 3.03,
    "epsEstimated": 2.89,
    "time": "amc",
    "revenue": 1950502000,
    "revenueEstimated": 1673066341,
    "updatedFromDate": "2025-08-07",
    "fiscalDateEnding": "2025-03-31"
  },
  {
    "date": "2025-02-04",
    "symbol": "ATO",
    "eps": 2.23,
    "epsEstimated": 2.2,
    "time": "amc",
    "revenue": 1175999000,
    "revenueEstimated": 1349728446,
    "updatedFromDate": "2025-05-04",
    "fiscalDateEnding": "2024-12-31"
  },
  {
    "date": "2024-11-06",
    "symbol": "ATO",
    "eps": 0.86,
    "epsEstimated": 0.8,
    "time": "amc",
    "revenue": 701549000,
    "revenueEstimated": 919060000,
    "updatedFromDate": "2024-11-15",
    "fiscalDateEnding": "2024-09-30"
  },
  {
    "date": "2024-08-07",
    "symbol": "ATO",
    "eps": 1.08,
    "epsEstimated": 1.05,
    "time": "amc",
    "revenue": 701549000,
    "revenueEstimated": 816864825,
    "updatedFromDate": "2025-04-25",
    "fiscalDateEnding": "2024-06-30"
  },
  {
    "date": "2024-05-08",
    "symbol": "ATO",
    "eps": 2.85,
    "epsEstimated": 2.61,
    "time": "amc",
    "revenue": 1647227000,
    "revenueEstimated": 1538422245,
    "updatedFromDate": "2025-04-25",
    "fiscalDateEnding": "2024-03-31"
  },
  {
    "date": "2024-02-06",
    "symbol": "ATO",
    "eps": 2.08,
    "epsEstimated": 2.05,
    "time": "amc",
    "revenue": 1158467000,
    "revenueEstimated": 1753570000,
    "updatedFromDate": "2025-04-25",
    "fiscalDateEnding": "2023-12-31"
  },
  {
    "date": "2023-11-08",
    "symbol": "ATO",
    "eps": 0.8,
    "epsEstimated": 0.72,
    "time": "amc",
    "revenue": 587642000,
    "revenueEstimated": 959020000,
    "updatedFromDate": "2025-04-25",
    "fiscalDateEnding": "2023-09-30"
  },
  {
    "date": "2023-08-02",
    "symbol": "ATO",
    "eps": 0.94,
    "epsEstimated": 0.99,
    "time": "amc",
    "revenue": 662733000,
    "revenueEstimated": 881270000,
    "updatedFromDate": "2025-04-25",
    "fiscalDateEnding": "2023-06-30"
  },
  {
    "date": "2023-05-03",
    "symbol": "ATO",
    "eps": 2.48,
    "epsEstimated": 2.46,
    "time": "amc",
    "revenue": 1540973000,
    "revenueEstimated": 1818220000,
    "updatedFromDate": "2025-04-25",
    "fiscalDateEnding": "2023-03-31"
  },
  {
    "date": "2023-02-07",
    "symbol": "ATO",
    "eps": 1.91,
    "epsEstimated": 1.93,
    "time": "amc",
    "revenue": 1484009000,
    "revenueEstimated": 1138989496,
    "updatedFromDate": "2025-04-25",
    "fiscalDateEnding": "2022-12-31"
  },
  {
    "date": "2022-11-09",
    "symbol": "ATO",
    "eps": 0.51,
    "epsEstimated": 0.43,
    "time": "amc",
    "revenue": 722628000,
    "revenueEstimated": 559537582,
    "updatedFromDate": "2025-04-25",
    "fiscalDateEnding": "2022-09-30"
  },
  {
    "date": "2022-08-03",
    "symbol": "ATO",
    "eps": 0.92,
    "epsEstimated": 0.85,
    "time": "amc",
    "revenue": 816429000,
    "revenueEstimated": 682072816,
    "updatedFromDate": "2025-04-25",
    "fiscalDateEnding": "2022-06-30"
  },
  {
    "date": "2022-05-04",
    "symbol": "ATO",
    "eps": 2.37,
    "epsEstimated": 2.35,
    "time": "amc",
    "revenue": 1649819000,
    "revenueEstimated": 1393311512,
    "updatedFromDate": "2025-04-25",
    "fiscalDateEnding": "2022-03-31"
  },
  {
    "date": "2022-02-08",
    "symbol": "ATO",
    "eps": 1.86,
    "epsEstimated": 1.85,
    "time": "amc",
    "revenue": 1012786000,
    "revenueEstimated": 1020688163,
    "updatedFromDate": "2025-04-25",
    "fiscalDateEnding": "2021-12-31"
  },
  {
    "date": "2021-11-10",
    "symbol": "ATO",
    "eps": 0.37,
    "epsEstimated": 0.34,
    "time": "amc",
    "revenue": 568384000,
    "revenueEstimated": 568384000,
    "updatedFromDate": "2025-04-25",
    "fiscalDateEnding": "2021-09-30"
  },
  {
    "date": "2021-08-04",
    "symbol": "ATO",
    "eps": 0.78,
    "epsEstimated": 0.72,
    "time": "amc",
    "revenue": 605553000,
    "revenueEstimated": 582730000,
    "updatedFromDate": "2025-04-25",
    "fiscalDateEnding": "2021-06-30"
  },
  {
    "date": "2021-05-05",
    "symbol": "ATO",
    "eps": 2.3,
    "epsEstimated": 2.05,
    "time": "amc",
    "revenue": 1319073000,
    "revenueEstimated": 1082620000,
    "updatedFromDate": "2025-04-25",
    "fiscalDateEnding": "2021-03-31"
  },
  {
    "date": "2021-02-02",
    "symbol": "ATO",
    "eps": 1.71,
    "epsEstimated": 1.58,
    "time": "amc",
    "revenue": 914480000,
    "revenueEstimated": 839237974,
    "updatedFromDate": "2025-04-25",
    "fiscalDateEnding": "2020-12-31"
  },
  {
    "date": "2020-11-11",
    "symbol": "ATO",
    "eps": 0.53,
    "epsEstimated": 0.51,
    "time": "amc",
    "revenue": 474914000,
    "revenueEstimated": 456289921,
    "updatedFromDate": "2025-04-25",
    "fiscalDateEnding": "2020-09-30"
  },
  {
    "date": "2020-08-05",
    "symbol": "ATO",
    "eps": 0.79,
    "epsEstimated": 0.76,
    "time": "amc",
    "revenue": 492995000,
    "revenueEstimated": 474273670,
    "updatedFromDate": "2025-04-25",
    "fiscalDateEnding": "2020-06-30"
  },
  {
    "date": "2020-05-06",
    "symbol": "ATO",
    "eps": 1.95,
    "epsEstimated": 1.92,
    "time": "amc",
    "revenue": 977665000,
    "revenueEstimated": 1824716800,
    "updatedFromDate": "2025-04-25",
    "fiscalDateEnding": "2020-03-31"
  },
  {
    "date": "2020-02-04",
    "symbol": "ATO",
    "eps": 1.47,
    "epsEstimated": 1.49,
    "time": "amc",
    "revenue": 875563000,
    "revenueEstimated": 887475421,
    "updatedFromDate": "2025-04-25",
    "fiscalDateEnding": "2019-12-31"
  },
  {
    "date": "2019-11-06",
    "symbol": "ATO",
    "eps": 0.49,
    "epsEstimated": 0.46,
    "time": "amc",
    "revenue": 443683000,
    "revenueEstimated": 416518734,
    "updatedFromDate": "2025-04-25",
    "fiscalDateEnding": "2019-09-30"
  },
  {
    "date": "2019-08-07",
    "symbol": "ATO",
    "eps": 0.68,
    "epsEstimated": 0.68,
    "time": "amc",
    "revenue": 485738000,
    "revenueEstimated": 485738000,
    "updatedFromDate": "2025-04-25",
    "fiscalDateEnding": "2019-06-30"
  },
  {
    "date": "2019-05-07",
    "symbol": "ATO",
    "eps": 1.82,
    "epsEstimated": 1.69,
    "time": "amc",
    "revenue": 1094645000,
    "revenueEstimated": 1831539357,
    "updatedFromDate": "2025-04-25",
    "fiscalDateEnding": "2019-03-31"
  },
  {
    "date": "2019-02-05",
    "symbol": "ATO",
    "eps": 1.38,
    "epsEstimated": 1.33,
    "time": "amc",
    "revenue": 877782000,
    "revenueEstimated": 845978304,
    "updatedFromDate": "2025-04-25",
    "fiscalDateEnding": "2018-12-31"
  },
  {
    "date": "2018-11-07",
    "symbol": "ATO",
    "eps": 0.41,
    "epsEstimated": 0.36,
    "time": "amc",
    "revenue": 444700000,
    "revenueEstimated": 390468292,
    "updatedFromDate": "2025-04-25",
    "fiscalDateEnding": "2018-09-30"
  },
  {
    "date": "2018-08-08",
    "symbol": "ATO",
    "eps": 0.64,
    "epsEstimated": 0.67,
    "time": "amc",
    "revenue": 562245000,
    "revenueEstimated": 588553125,
    "updatedFromDate": "2025-04-25",
    "fiscalDateEnding": "2018-06-30"
  },
  {
    "date": "2018-05-02",
    "symbol": "ATO",
    "eps": 1.57,
    "epsEstimated": 1.54,
    "time": "amc",
    "revenue": 1219409000,
    "revenueEstimated": 1196099363,
    "updatedFromDate": "2025-04-25",
    "fiscalDateEnding": "2018-03-31"
  },
  {
    "date": "2018-02-06",
    "symbol": "ATO",
    "eps": 1.4,
    "epsEstimated": 1.14,
    "time": "amc",
    "revenue": 889192000,
    "revenueEstimated": 717711428,
    "updatedFromDate": "2025-04-25",
    "fiscalDateEnding": "2017-12-31"
  },
  {
    "date": "2017-11-13",
    "symbol": "ATO",
    "eps": 0.34,
    "epsEstimated": 0.34,
    "time": "amc",
    "revenue": 392319000,
    "revenueEstimated": 464900000,
    "updatedFromDate": "2025-04-25",
    "fiscalDateEnding": "2017-09-30"
  },
  {
    "date": "2017-08-02",
    "symbol": "ATO",
    "eps": 0.67,
    "epsEstimated": 0.66,
    "time": "amc",
    "revenue": 526501000,
    "revenueEstimated": 518641791,
    "updatedFromDate": "2025-04-25",
    "fiscalDateEnding": "2017-06-30"
  },
  {
    "date": "2017-05-03",
    "symbol": "ATO",
    "eps": 1.52,
    "epsEstimated": 1.42,
    "time": "amc",
    "revenue": 560692000,
    "revenueEstimated": 923186842,
    "updatedFromDate": "2025-04-25",
    "fiscalDateEnding": "2017-03-31"
  },
  {
    "date": "2017-02-07",
    "symbol": "ATO",
    "eps": 1.08,
    "epsEstimated": 1.04,
    "time": "amc",
    "revenue": 780168000,
    "revenueEstimated": 751303703,
    "updatedFromDate": "2025-04-25",
    "fiscalDateEnding": "2016-12-31"
  },
  {
    "date": "2016-11-09",
    "symbol": "ATO",
    "eps": 0.39,
    "epsEstimated": 0.32,
    "time": "amc",
    "revenue": 376011000,
    "revenueEstimated": 355774358,
    "updatedFromDate": "2025-04-25",
    "fiscalDateEnding": "2016-09-30"
  },
  {
    "date": "2016-08-03",
    "symbol": "ATO",
    "eps": 0.67,
    "epsEstimated": 0.59,
    "time": "amc",
    "revenue": 632916000,
    "revenueEstimated": 401728358,
    "updatedFromDate": "2025-04-25",
    "fiscalDateEnding": "2016-06-30"
  }
]