[
  {
    "date": "2026-04-28",
    "symbol": "AVB",
    "eps": null,
    "epsEstimated": null,
    "time": "amc",
    "revenue": null,
    "revenueEstimated": null,
    "updatedFromDate": "2025-10-02",
    "fiscalDateEnding": "2026-03-30"
  },
  {
    "date": "2026-02-03",
    "symbol": "AVB",
    "eps": null,
    "epsEstimated": null,
    "time": "amc",
    "revenue": null,
    "revenueEstimated": null,
    "updatedFromDate": "2025-10-02",
    "fiscalDateEnding": "2025-12-30"
  },
  {
    "date": "2025-11-03",
    "symbol": "AVB",
    "eps": null,
    "epsEstimated": 2.82,
    "time": "bmo",
    "revenue": null,
    "revenueEstimated": 766216330,
    "updatedFromDate": "2025-10-02",
    "fiscalDateEnding": "2025-09-30"
  },
  {
    "date": "2025-07-30",
    "symbol": "AVB",
    "eps": 2.82,
    "epsEstimated": 2.8,
    "time": "amc",
    "revenue": 760195000,
    "revenueEstimated": 766116000,
    "updatedFromDate": "2025-10-02",
    "fiscalDateEnding": "2025-06-30"
  },
  {
    "date": "2025-04-30",
    "symbol": "AVB",
    "eps": 2.83,
    "epsEstimated": 2.8,
    "time": "amc",
    "revenue": 745880000,
    "revenueEstimated": 744007320,
    "updatedFromDate": "2025-07-30",
    "fiscalDateEnding": "2025-03-31"
  },
  {
    "date": "2025-02-05",
    "symbol": "AVB",
    "eps": 2.8,
    "epsEstimated": 2.83,
    "time": "amc",
    "revenue": 740549000,
    "revenueEstimated": 740670580,
    "updatedFromDate": "2025-05-05",
    "fiscalDateEnding": "2024-12-31"
  },
  {
    "date": "2024-11-04",
    "symbol": "AVB",
    "eps": 2.74,
    "epsEstimated": 1.45,
    "time": "amc",
    "revenue": 729302000,
    "revenueEstimated": 731530000,
    "updatedFromDate": "2024-11-05",
    "fiscalDateEnding": "2024-09-30"
  },
  {
    "date": "2024-07-31",
    "symbol": "AVB",
    "eps": 2.77,
    "epsEstimated": 2.71,
    "time": "amc",
    "revenue": 713810000,
    "revenueEstimated": 718000000,
    "updatedFromDate": "2025-04-25",
    "fiscalDateEnding": "2024-06-30"
  },
  {
    "date": "2024-04-25",
    "symbol": "AVB",
    "eps": 2.7,
    "epsEstimated": 2.64,
    "time": "amc",
    "revenue": 701377000,
    "revenueEstimated": 715620000,
    "updatedFromDate": "2025-04-25",
    "fiscalDateEnding": "2024-03-31"
  },
  {
    "date": "2024-01-31",
    "symbol": "AVB",
    "eps": 2.74,
    "epsEstimated": 2.73,
    "time": "amc",
    "revenue": 704705000,
    "revenueEstimated": 705650000,
    "updatedFromDate": "2025-04-25",
    "fiscalDateEnding": "2023-12-31"
  },
  {
    "date": "2023-10-25",
    "symbol": "AVB",
    "eps": 2.66,
    "epsEstimated": 2.64,
    "time": "amc",
    "revenue": 697635000,
    "revenueEstimated": 692450000,
    "updatedFromDate": "2025-04-25",
    "fiscalDateEnding": "2023-09-30"
  },
  {
    "date": "2023-07-31",
    "symbol": "AVB",
    "eps": 2.66,
    "epsEstimated": 2.6,
    "time": "amc",
    "revenue": 690860000,
    "revenueEstimated": 691880000,
    "updatedFromDate": "2025-04-25",
    "fiscalDateEnding": "2023-06-30"
  },
  {
    "date": "2023-04-26",
    "symbol": "AVB",
    "eps": 2.57,
    "epsEstimated": 2.54,
    "time": "amc",
    "revenue": 674708000,
    "revenueEstimated": 668740000,
    "updatedFromDate": "2025-04-25",
    "fiscalDateEnding": "2023-03-31"
  },
  {
    "date": "2023-02-08",
    "symbol": "AVB",
    "eps": 2.59,
    "epsEstimated": 2.58,
    "time": "amc",
    "revenue": 669673000,
    "revenueEstimated": 671731633,
    "updatedFromDate": "2025-04-25",
    "fiscalDateEnding": "2022-12-31"
  },
  {
    "date": "2022-11-03",
    "symbol": "AVB",
    "eps": 2.5,
    "epsEstimated": 2.53,
    "time": "amc",
    "revenue": 665288000,
    "revenueEstimated": 662508201,
    "updatedFromDate": "2025-04-25",
    "fiscalDateEnding": "2022-09-30"
  },
  {
    "date": "2022-07-27",
    "symbol": "AVB",
    "eps": 2.43,
    "epsEstimated": 2.35,
    "time": "amc",
    "revenue": 644559000,
    "revenueEstimated": 631939196,
    "updatedFromDate": "2025-04-25",
    "fiscalDateEnding": "2022-06-30"
  },
  {
    "date": "2022-04-27",
    "symbol": "AVB",
    "eps": 2.26,
    "epsEstimated": 2.26,
    "time": "amc",
    "revenue": 613927000,
    "revenueEstimated": 612467851,
    "updatedFromDate": "2025-04-25",
    "fiscalDateEnding": "2022-03-31"
  },
  {
    "date": "2022-02-02",
    "symbol": "AVB",
    "eps": 2.4,
    "epsEstimated": 1,
    "time": "amc",
    "revenue": 601197000,
    "revenueEstimated": 597936196,
    "updatedFromDate": "2025-04-25",
    "fiscalDateEnding": "2021-12-31"
  },
  {
    "date": "2021-10-27",
    "symbol": "AVB",
    "eps": 2.06,
    "epsEstimated": 1.99,
    "time": "amc",
    "revenue": 580774000,
    "revenueEstimated": 569230000,
    "updatedFromDate": "2025-04-25",
    "fiscalDateEnding": "2021-09-30"
  },
  {
    "date": "2021-07-28",
    "symbol": "AVB",
    "eps": 1.98,
    "epsEstimated": 1.93,
    "time": "amc",
    "revenue": 561743000,
    "revenueEstimated": 560935000,
    "updatedFromDate": "2025-04-25",
    "fiscalDateEnding": "2021-06-30"
  },
  {
    "date": "2021-04-28",
    "symbol": "AVB",
    "eps": 1.95,
    "epsEstimated": 1.94,
    "time": "amc",
    "revenue": 551135000,
    "revenueEstimated": 498286437,
    "updatedFromDate": "2025-04-25",
    "fiscalDateEnding": "2021-03-31"
  },
  {
    "date": "2021-02-03",
    "symbol": "AVB",
    "eps": 2.44,
    "epsEstimated": 0.86,
    "time": "amc",
    "revenue": 555801000,
    "revenueEstimated": 465322604,
    "updatedFromDate": "2025-04-25",
    "fiscalDateEnding": "2020-12-31"
  },
  {
    "date": "2020-10-28",
    "symbol": "AVB",
    "eps": 2.06,
    "epsEstimated": 2.16,
    "time": "amc",
    "revenue": 567404000,
    "revenueEstimated": 518769371,
    "updatedFromDate": "2025-04-25",
    "fiscalDateEnding": "2020-09-30"
  },
  {
    "date": "2020-07-29",
    "symbol": "AVB",
    "eps": 2.23,
    "epsEstimated": 2.25,
    "time": "amc",
    "revenue": 576405000,
    "revenueEstimated": 490658801,
    "updatedFromDate": "2025-04-25",
    "fiscalDateEnding": "2020-06-30"
  },
  {
    "date": "2020-05-06",
    "symbol": "AVB",
    "eps": 2.39,
    "epsEstimated": 2.4,
    "time": "amc",
    "revenue": 601651000,
    "revenueEstimated": 601651000,
    "updatedFromDate": "2025-04-25",
    "fiscalDateEnding": "2020-03-31"
  },
  {
    "date": "2020-02-05",
    "symbol": "AVB",
    "eps": 2.43,
    "epsEstimated": 2.4,
    "time": "amc",
    "revenue": 593566000,
    "revenueEstimated": 603458766,
    "updatedFromDate": "2025-04-25",
    "fiscalDateEnding": "2019-12-31"
  },
  {
    "date": "2019-10-28",
    "symbol": "AVB",
    "eps": 2,
    "epsEstimated": 1.2,
    "time": "amc",
    "revenue": 587613000,
    "revenueEstimated": 484780722,
    "updatedFromDate": "2025-04-25",
    "fiscalDateEnding": "2019-09-30"
  },
  {
    "date": "2019-07-31",
    "symbol": "AVB",
    "eps": 2.27,
    "epsEstimated": 2.31,
    "time": "amc",
    "revenue": 577263000,
    "revenueEstimated": 558179925,
    "updatedFromDate": "2025-04-25",
    "fiscalDateEnding": "2019-06-30"
  },
  {
    "date": "2019-04-24",
    "symbol": "AVB",
    "eps": 2.3,
    "epsEstimated": 2.28,
    "time": "amc",
    "revenue": 566184000,
    "revenueEstimated": 529359024,
    "updatedFromDate": "2025-04-25",
    "fiscalDateEnding": "2019-03-31"
  },
  {
    "date": "2019-02-04",
    "symbol": "AVB",
    "eps": 2.79,
    "epsEstimated": 1.14,
    "time": "amc",
    "revenue": 578522000,
    "revenueEstimated": 236384516,
    "updatedFromDate": "2025-04-25",
    "fiscalDateEnding": "2018-12-31"
  },
  {
    "date": "2018-10-29",
    "symbol": "AVB",
    "eps": 2.28,
    "epsEstimated": 2.26,
    "time": "amc",
    "revenue": 575982000,
    "revenueEstimated": 468258992,
    "updatedFromDate": "2025-04-25",
    "fiscalDateEnding": "2018-09-30"
  },
  {
    "date": "2018-07-30",
    "symbol": "AVB",
    "eps": 1.84,
    "epsEstimated": 1.06,
    "time": "amc",
    "revenue": 569239000,
    "revenueEstimated": 558230130,
    "updatedFromDate": "2025-04-25",
    "fiscalDateEnding": "2018-06-30"
  },
  {
    "date": "2018-04-25",
    "symbol": "AVB",
    "eps": 2.18,
    "epsEstimated": 2.18,
    "time": "amc",
    "revenue": 560792000,
    "revenueEstimated": 577133980,
    "updatedFromDate": "2025-04-25",
    "fiscalDateEnding": "2018-03-31"
  },
  {
    "date": "2018-01-31",
    "symbol": "AVB",
    "eps": 1.72,
    "epsEstimated": 1.19,
    "time": "amc",
    "revenue": 555292000,
    "revenueEstimated": 384190116,
    "updatedFromDate": "2025-04-25",
    "fiscalDateEnding": "2017-12-31"
  },
  {
    "date": "2017-10-30",
    "symbol": "AVB",
    "eps": 1.72,
    "epsEstimated": 1.22,
    "time": "amc",
    "revenue": 550500000,
    "revenueEstimated": 390470930,
    "updatedFromDate": "2025-04-25",
    "fiscalDateEnding": "2017-09-30"
  },
  {
    "date": "2017-08-02",
    "symbol": "AVB",
    "eps": 2.09,
    "epsEstimated": 2.14,
    "time": "amc",
    "revenue": 530512000,
    "revenueEstimated": 477450000,
    "updatedFromDate": "2025-04-25",
    "fiscalDateEnding": "2017-06-30"
  },
  {
    "date": "2017-04-26",
    "symbol": "AVB",
    "eps": 1.72,
    "epsEstimated": 1.09,
    "time": "amc",
    "revenue": 522326000,
    "revenueEstimated": 330992441,
    "updatedFromDate": "2025-04-25",
    "fiscalDateEnding": "2017-03-31"
  },
  {
    "date": "2017-02-01",
    "symbol": "AVB",
    "eps": 1.76,
    "epsEstimated": 1.18,
    "time": "amc",
    "revenue": 518240000,
    "revenueEstimated": 347429545,
    "updatedFromDate": "2025-04-25",
    "fiscalDateEnding": "2016-12-31"
  },
  {
    "date": "2016-10-24",
    "symbol": "AVB",
    "eps": 2.59,
    "epsEstimated": 1.16,
    "time": "amc",
    "revenue": 516211000,
    "revenueEstimated": 446066379,
    "updatedFromDate": "2025-04-25",
    "fiscalDateEnding": "2016-09-30"
  },
  {
    "date": "2016-07-25",
    "symbol": "AVB",
    "eps": 1.44,
    "epsEstimated": 1.23,
    "time": "amc",
    "revenue": 502307000,
    "revenueEstimated": 429047916,
    "updatedFromDate": "2025-04-25",
    "fiscalDateEnding": "2016-06-30"
  }
]