[
  {
    "date": "2026-03-04",
    "symbol": "AVGO",
    "eps": null,
    "epsEstimated": null,
    "time": "amc",
    "revenue": null,
    "revenueEstimated": null,
    "updatedFromDate": "2025-10-02",
    "fiscalDateEnding": "2026-02-03"
  },
  {
    "date": "2025-12-11",
    "symbol": "AVGO",
    "eps": null,
    "epsEstimated": 1.85,
    "time": "amc",
    "revenue": null,
    "revenueEstimated": 17448050710,
    "updatedFromDate": "2025-10-02",
    "fiscalDateEnding": "2025-11-03"
  },
  {
    "date": "2025-09-04",
    "symbol": "AVGO",
    "eps": 1.69,
    "epsEstimated": 1.66,
    "time": "amc",
    "revenue": 15952000000,
    "revenueEstimated": 15826050860,
    "updatedFromDate": "2025-10-02",
    "fiscalDateEnding": "2025-08-03"
  },
  {
    "date": "2025-06-05",
    "symbol": "AVGO",
    "eps": 1.58,
    "epsEstimated": 1.57,
    "time": "amc",
    "revenue": 15004000000,
    "revenueEstimated": 14958375428,
    "updatedFromDate": "2025-09-05",
    "fiscalDateEnding": "2025-05-04"
  },
  {
    "date": "2025-03-06",
    "symbol": "AVGO",
    "eps": 1.6,
    "epsEstimated": 1.51,
    "time": "amc",
    "revenue": 14916000000,
    "revenueEstimated": 14615690282,
    "updatedFromDate": "2025-06-06",
    "fiscalDateEnding": "2025-02-02"
  },
  {
    "date": "2024-12-12",
    "symbol": "AVGO",
    "eps": 1.42,
    "epsEstimated": 1.38,
    "time": "amc",
    "revenue": 14054000000,
    "revenueEstimated": 14068143104,
    "updatedFromDate": "2025-04-25",
    "fiscalDateEnding": "2024-11-03"
  },
  {
    "date": "2024-09-05",
    "symbol": "AVGO",
    "eps": 1.24,
    "epsEstimated": 1.22,
    "time": "amc",
    "revenue": 13072000000,
    "revenueEstimated": 12978623398,
    "updatedFromDate": "2025-04-25",
    "fiscalDateEnding": "2024-08-04"
  },
  {
    "date": "2024-06-12",
    "symbol": "AVGO",
    "eps": 1.1,
    "epsEstimated": 1.09,
    "time": "amc",
    "revenue": 12487000000,
    "revenueEstimated": 12056815364,
    "updatedFromDate": "2025-04-25",
    "fiscalDateEnding": "2024-05-05"
  },
  {
    "date": "2024-03-07",
    "symbol": "AVGO",
    "eps": 1.1,
    "epsEstimated": 10.37,
    "time": "amc",
    "revenue": 11961000000,
    "revenueEstimated": 11794525537,
    "updatedFromDate": "2025-04-25",
    "fiscalDateEnding": "2024-02-04"
  },
  {
    "date": "2023-12-07",
    "symbol": "AVGO",
    "eps": 1.11,
    "epsEstimated": 1.1,
    "time": "amc",
    "revenue": 9295000000,
    "revenueEstimated": 9411040000,
    "updatedFromDate": "2025-04-25",
    "fiscalDateEnding": "2023-10-29"
  },
  {
    "date": "2023-08-31",
    "symbol": "AVGO",
    "eps": 1.05,
    "epsEstimated": 1.04,
    "time": "amc",
    "revenue": 8876000000,
    "revenueEstimated": 9275250000,
    "updatedFromDate": "2025-04-25",
    "fiscalDateEnding": "2023-07-30"
  },
  {
    "date": "2023-06-01",
    "symbol": "AVGO",
    "eps": 1.03,
    "epsEstimated": 1.01,
    "time": "amc",
    "revenue": 8733000000,
    "revenueEstimated": 8707650000,
    "updatedFromDate": "2025-04-25",
    "fiscalDateEnding": "2023-04-30"
  },
  {
    "date": "2023-03-02",
    "symbol": "AVGO",
    "eps": 1.03,
    "epsEstimated": 1.02,
    "time": "amc",
    "revenue": 8915000000,
    "revenueEstimated": 8895846962,
    "updatedFromDate": "2025-04-25",
    "fiscalDateEnding": "2023-01-29"
  },
  {
    "date": "2022-12-08",
    "symbol": "AVGO",
    "eps": 1.05,
    "epsEstimated": 1.03,
    "time": "amc",
    "revenue": 8930000000,
    "revenueEstimated": 8901091151,
    "updatedFromDate": "2025-04-25",
    "fiscalDateEnding": "2022-10-30"
  },
  {
    "date": "2022-09-01",
    "symbol": "AVGO",
    "eps": 0.97,
    "epsEstimated": 0.96,
    "time": "amc",
    "revenue": 8464000000,
    "revenueEstimated": 8410775320,
    "updatedFromDate": "2025-04-25",
    "fiscalDateEnding": "2022-07-31"
  },
  {
    "date": "2022-05-26",
    "symbol": "AVGO",
    "eps": 0.91,
    "epsEstimated": 0.87,
    "time": "amc",
    "revenue": 8103000000,
    "revenueEstimated": 7911628296,
    "updatedFromDate": "2025-04-25",
    "fiscalDateEnding": "2022-05-01"
  },
  {
    "date": "2022-03-03",
    "symbol": "AVGO",
    "eps": 0.84,
    "epsEstimated": 0.82,
    "time": "amc",
    "revenue": 7706000000,
    "revenueEstimated": 7606374830,
    "updatedFromDate": "2025-04-25",
    "fiscalDateEnding": "2022-01-30"
  },
  {
    "date": "2021-12-09",
    "symbol": "AVGO",
    "eps": 0.78,
    "epsEstimated": 0.78,
    "time": "amc",
    "revenue": 7407000000,
    "revenueEstimated": 7579510000,
    "updatedFromDate": "2025-04-25",
    "fiscalDateEnding": "2021-10-31"
  },
  {
    "date": "2021-09-02",
    "symbol": "AVGO",
    "eps": 0.7,
    "epsEstimated": 0.69,
    "time": "amc",
    "revenue": 6778000000,
    "revenueEstimated": 6428386023,
    "updatedFromDate": "2025-04-25",
    "fiscalDateEnding": "2021-08-01"
  },
  {
    "date": "2021-06-03",
    "symbol": "AVGO",
    "eps": 0.66,
    "epsEstimated": 0.64,
    "time": "amc",
    "revenue": 6610000000,
    "revenueEstimated": 6504910000,
    "updatedFromDate": "2025-04-25",
    "fiscalDateEnding": "2021-05-02"
  },
  {
    "date": "2021-03-04",
    "symbol": "AVGO",
    "eps": 0.66,
    "epsEstimated": 0.66,
    "time": "amc",
    "revenue": 6655000000,
    "revenueEstimated": 6604275914,
    "updatedFromDate": "2025-04-25",
    "fiscalDateEnding": "2021-01-31"
  },
  {
    "date": "2020-12-10",
    "symbol": "AVGO",
    "eps": 0.64,
    "epsEstimated": 0.63,
    "time": "amc",
    "revenue": 6467000000,
    "revenueEstimated": 6150943609,
    "updatedFromDate": "2025-04-25",
    "fiscalDateEnding": "2020-11-01"
  },
  {
    "date": "2020-09-03",
    "symbol": "AVGO",
    "eps": 0.54,
    "epsEstimated": 0.52,
    "time": "amc",
    "revenue": 5821000000,
    "revenueEstimated": 5648525925,
    "updatedFromDate": "2025-04-25",
    "fiscalDateEnding": "2020-08-02"
  },
  {
    "date": "2020-06-04",
    "symbol": "AVGO",
    "eps": 0.51,
    "epsEstimated": 0.51,
    "time": "amc",
    "revenue": 5742000000,
    "revenueEstimated": 5742000000,
    "updatedFromDate": "2025-04-25",
    "fiscalDateEnding": "2020-05-03"
  },
  {
    "date": "2020-03-12",
    "symbol": "AVGO",
    "eps": 0.53,
    "epsEstimated": 0.52,
    "time": "amc",
    "revenue": 5858000000,
    "revenueEstimated": 5947264761,
    "updatedFromDate": "2025-04-25",
    "fiscalDateEnding": "2020-02-02"
  },
  {
    "date": "2019-12-12",
    "symbol": "AVGO",
    "eps": 0.54,
    "epsEstimated": 0.54,
    "time": "amc",
    "revenue": 5776000000,
    "revenueEstimated": 5733135435,
    "updatedFromDate": "2025-04-25",
    "fiscalDateEnding": "2019-11-03"
  },
  {
    "date": "2019-09-12",
    "symbol": "AVGO",
    "eps": 0.52,
    "epsEstimated": 0.51,
    "time": "amc",
    "revenue": 5515000000,
    "revenueEstimated": 5482936046,
    "updatedFromDate": "2025-04-25",
    "fiscalDateEnding": "2019-08-04"
  },
  {
    "date": "2019-06-13",
    "symbol": "AVGO",
    "eps": 0.52,
    "epsEstimated": 0.52,
    "time": "amc",
    "revenue": 5517000000,
    "revenueEstimated": 5464053742,
    "updatedFromDate": "2025-04-25",
    "fiscalDateEnding": "2019-05-05"
  },
  {
    "date": "2019-03-14",
    "symbol": "AVGO",
    "eps": 0.56,
    "epsEstimated": 0.52,
    "time": "amc",
    "revenue": 5789000000,
    "revenueEstimated": 5455219819,
    "updatedFromDate": "2025-04-25",
    "fiscalDateEnding": "2019-02-03"
  },
  {
    "date": "2018-12-06",
    "symbol": "AVGO",
    "eps": 0.59,
    "epsEstimated": 0.56,
    "time": "amc",
    "revenue": 5444000000,
    "revenueEstimated": 5192738461,
    "updatedFromDate": "2025-04-25",
    "fiscalDateEnding": "2018-11-04"
  },
  {
    "date": "2018-09-06",
    "symbol": "AVGO",
    "eps": 0.5,
    "epsEstimated": 0.48,
    "time": "amc",
    "revenue": 5063000000,
    "revenueEstimated": 4910500000,
    "updatedFromDate": "2025-04-25",
    "fiscalDateEnding": "2018-08-05"
  },
  {
    "date": "2018-06-07",
    "symbol": "AVGO",
    "eps": 0.49,
    "epsEstimated": 0.48,
    "time": "amc",
    "revenue": 5014000000,
    "revenueEstimated": 4887596638,
    "updatedFromDate": "2025-04-25",
    "fiscalDateEnding": "2018-05-06"
  },
  {
    "date": "2018-03-15",
    "symbol": "AVGO",
    "eps": 0.51,
    "epsEstimated": 0.5,
    "time": "amc",
    "revenue": 5327000000,
    "revenueEstimated": 5253160396,
    "updatedFromDate": "2025-04-25",
    "fiscalDateEnding": "2018-01-31"
  },
  {
    "date": "2017-12-06",
    "symbol": "AVGO",
    "eps": 0.46,
    "epsEstimated": 0.45,
    "time": "amc",
    "revenue": 4844000000,
    "revenueEstimated": 4768982300,
    "updatedFromDate": "2025-04-25",
    "fiscalDateEnding": "2017-10-31"
  },
  {
    "date": "2017-08-24",
    "symbol": "AVGO",
    "eps": 0.41,
    "epsEstimated": 0.4,
    "time": "amc",
    "revenue": 4463000000,
    "revenueEstimated": 4385478908,
    "updatedFromDate": "2025-04-25",
    "fiscalDateEnding": "2017-07-31"
  },
  {
    "date": "2017-06-01",
    "symbol": "AVGO",
    "eps": 0.37,
    "epsEstimated": 0.34,
    "time": "amc",
    "revenue": 4190000000,
    "revenueEstimated": 3962542857,
    "updatedFromDate": "2025-04-25",
    "fiscalDateEnding": "2017-04-30"
  },
  {
    "date": "2017-03-01",
    "symbol": "AVGO",
    "eps": 0.36,
    "epsEstimated": 0.35,
    "time": "amc",
    "revenue": 4139000000,
    "revenueEstimated": 3960594827,
    "updatedFromDate": "2025-04-25",
    "fiscalDateEnding": "2017-01-31"
  },
  {
    "date": "2016-12-08",
    "symbol": "AVGO",
    "eps": 0.35,
    "epsEstimated": 0.34,
    "time": "amc",
    "revenue": 4136000000,
    "revenueEstimated": 4025869822,
    "updatedFromDate": "2025-04-25",
    "fiscalDateEnding": "2016-10-31"
  },
  {
    "date": "2016-09-01",
    "symbol": "AVGO",
    "eps": 0.29,
    "epsEstimated": 0.28,
    "time": "amc",
    "revenue": 3792000000,
    "revenueEstimated": 3613391304,
    "updatedFromDate": "2025-04-25",
    "fiscalDateEnding": "2016-07-31"
  },
  {
    "date": "2016-06-02",
    "symbol": "AVGO",
    "eps": 0.25,
    "epsEstimated": 0.24,
    "time": "amc",
    "revenue": 3541000000,
    "revenueEstimated": 3317827731,
    "updatedFromDate": "2025-04-25",
    "fiscalDateEnding": "2016-04-30"
  }
]