[
  {
    "date": "2026-04-21",
    "symbol": "AVY",
    "eps": null,
    "epsEstimated": null,
    "time": "bmo",
    "revenue": null,
    "revenueEstimated": null,
    "updatedFromDate": "2025-10-02",
    "fiscalDateEnding": "2026-03-28"
  },
  {
    "date": "2026-01-28",
    "symbol": "AVY",
    "eps": null,
    "epsEstimated": null,
    "time": "bmo",
    "revenue": null,
    "revenueEstimated": null,
    "updatedFromDate": "2025-10-02",
    "fiscalDateEnding": "2025-12-28"
  },
  {
    "date": "2025-10-22",
    "symbol": "AVY",
    "eps": null,
    "epsEstimated": 2.34,
    "time": "bmo",
    "revenue": null,
    "revenueEstimated": 2217588160,
    "updatedFromDate": "2025-10-02",
    "fiscalDateEnding": "2025-09-28"
  },
  {
    "date": "2025-07-22",
    "symbol": "AVY",
    "eps": 2.42,
    "epsEstimated": 2.39,
    "time": "bmo",
    "revenue": 2220500000,
    "revenueEstimated": 2242618535,
    "updatedFromDate": "2025-10-02",
    "fiscalDateEnding": "2025-06-28"
  },
  {
    "date": "2025-04-23",
    "symbol": "AVY",
    "eps": 2.3,
    "epsEstimated": 2.32,
    "time": "bmo",
    "revenue": 2148300000,
    "revenueEstimated": 2151385408,
    "updatedFromDate": "2025-07-22",
    "fiscalDateEnding": "2025-03-29"
  },
  {
    "date": "2025-01-30",
    "symbol": "AVY",
    "eps": 2.38,
    "epsEstimated": 2.39,
    "time": "bmo",
    "revenue": 2185700000,
    "revenueEstimated": 2187924237,
    "updatedFromDate": "2025-04-29",
    "fiscalDateEnding": "2024-12-28"
  },
  {
    "date": "2024-10-23",
    "symbol": "AVY",
    "eps": 2.33,
    "epsEstimated": 2.33,
    "time": "bmo",
    "revenue": 2183400000,
    "revenueEstimated": 2200415471,
    "updatedFromDate": "2025-04-25",
    "fiscalDateEnding": "2024-09-28"
  },
  {
    "date": "2024-07-23",
    "symbol": "AVY",
    "eps": 2.42,
    "epsEstimated": 2.26,
    "time": "bmo",
    "revenue": 2235300000,
    "revenueEstimated": 2181894540,
    "updatedFromDate": "2025-04-25",
    "fiscalDateEnding": "2024-06-29"
  },
  {
    "date": "2024-04-24",
    "symbol": "AVY",
    "eps": 2.29,
    "epsEstimated": 2.15,
    "time": "bmo",
    "revenue": 2151300000,
    "revenueEstimated": 2150609199,
    "updatedFromDate": "2025-04-25",
    "fiscalDateEnding": "2024-03-30"
  },
  {
    "date": "2024-01-31",
    "symbol": "AVY",
    "eps": 2.16,
    "epsEstimated": 2.15,
    "time": "bmo",
    "revenue": 2110500000,
    "revenueEstimated": 2094660000,
    "updatedFromDate": "2025-04-25",
    "fiscalDateEnding": "2023-12-30"
  },
  {
    "date": "2023-10-25",
    "symbol": "AVY",
    "eps": 2.1,
    "epsEstimated": 2.1,
    "time": "bmo",
    "revenue": 2098300000,
    "revenueEstimated": 2171130000,
    "updatedFromDate": "2025-04-25",
    "fiscalDateEnding": "2023-09-30"
  },
  {
    "date": "2023-07-25",
    "symbol": "AVY",
    "eps": 1.92,
    "epsEstimated": 2.01,
    "time": "bmo",
    "revenue": 2090500000,
    "revenueEstimated": 2156480000,
    "updatedFromDate": "2025-04-25",
    "fiscalDateEnding": "2023-07-01"
  },
  {
    "date": "2023-04-26",
    "symbol": "AVY",
    "eps": 1.7,
    "epsEstimated": 1.66,
    "time": "bmo",
    "revenue": 2065000000,
    "revenueEstimated": 2176830000,
    "updatedFromDate": "2025-04-25",
    "fiscalDateEnding": "2023-04-01"
  },
  {
    "date": "2023-02-02",
    "symbol": "AVY",
    "eps": 1.65,
    "epsEstimated": 2.02,
    "time": "bmo",
    "revenue": 2025900000,
    "revenueEstimated": 2156788398,
    "updatedFromDate": "2025-04-25",
    "fiscalDateEnding": "2022-12-31"
  },
  {
    "date": "2022-10-26",
    "symbol": "AVY",
    "eps": 2.46,
    "epsEstimated": 2.46,
    "time": "bmo",
    "revenue": 2317100000,
    "revenueEstimated": 2306324376,
    "updatedFromDate": "2025-04-25",
    "fiscalDateEnding": "2022-10-01"
  },
  {
    "date": "2022-07-27",
    "symbol": "AVY",
    "eps": 2.64,
    "epsEstimated": 2.36,
    "time": "bmo",
    "revenue": 2347000000,
    "revenueEstimated": 2328514219,
    "updatedFromDate": "2025-04-25",
    "fiscalDateEnding": "2022-07-02"
  },
  {
    "date": "2022-04-26",
    "symbol": "AVY",
    "eps": 2.4,
    "epsEstimated": 2.17,
    "time": "bmo",
    "revenue": 2349300000,
    "revenueEstimated": 2277819075,
    "updatedFromDate": "2025-04-25",
    "fiscalDateEnding": "2022-04-02"
  },
  {
    "date": "2022-02-02",
    "symbol": "AVY",
    "eps": 2.13,
    "epsEstimated": 2.12,
    "time": "bmo",
    "revenue": 2183200000,
    "revenueEstimated": 2124721289,
    "updatedFromDate": "2025-04-25",
    "fiscalDateEnding": "2022-01-01"
  },
  {
    "date": "2021-10-27",
    "symbol": "AVY",
    "eps": 2.14,
    "epsEstimated": 2.04,
    "time": "bmo",
    "revenue": 2071800000,
    "revenueEstimated": 2124310000,
    "updatedFromDate": "2025-04-25",
    "fiscalDateEnding": "2021-10-02"
  },
  {
    "date": "2021-07-28",
    "symbol": "AVY",
    "eps": 2.25,
    "epsEstimated": 2.06,
    "time": "bmo",
    "revenue": 2102000000,
    "revenueEstimated": 1969730000,
    "updatedFromDate": "2025-04-25",
    "fiscalDateEnding": "2021-07-03"
  },
  {
    "date": "2021-04-28",
    "symbol": "AVY",
    "eps": 2.4,
    "epsEstimated": 2.03,
    "time": "bmo",
    "revenue": 2051300000,
    "revenueEstimated": 1889240000,
    "updatedFromDate": "2025-04-25",
    "fiscalDateEnding": "2021-04-03"
  },
  {
    "date": "2021-02-03",
    "symbol": "AVY",
    "eps": 2.27,
    "epsEstimated": 2.09,
    "time": "bmo",
    "revenue": 1990900000,
    "revenueEstimated": 6140592882,
    "updatedFromDate": "2025-04-25",
    "fiscalDateEnding": "2021-01-02"
  },
  {
    "date": "2020-10-21",
    "symbol": "AVY",
    "eps": 1.91,
    "epsEstimated": 1.53,
    "time": "bmo",
    "revenue": 1729100000,
    "revenueEstimated": 1385010471,
    "updatedFromDate": "2025-04-25",
    "fiscalDateEnding": "2020-09-26"
  },
  {
    "date": "2020-07-27",
    "symbol": "AVY",
    "eps": 1.27,
    "epsEstimated": 1.12,
    "time": "bmo",
    "revenue": 1528500000,
    "revenueEstimated": 1360003937,
    "updatedFromDate": "2025-04-25",
    "fiscalDateEnding": "2020-06-27"
  },
  {
    "date": "2020-04-29",
    "symbol": "AVY",
    "eps": 1.66,
    "epsEstimated": 1.5,
    "time": "bmo",
    "revenue": 1723000000,
    "revenueEstimated": 1556927710,
    "updatedFromDate": "2025-04-25",
    "fiscalDateEnding": "2020-03-28"
  },
  {
    "date": "2020-01-29",
    "symbol": "AVY",
    "eps": 1.73,
    "epsEstimated": 1.69,
    "time": "bmo",
    "revenue": 1772900000,
    "revenueEstimated": 1731908092,
    "updatedFromDate": "2025-04-25",
    "fiscalDateEnding": "2019-12-28"
  },
  {
    "date": "2019-10-23",
    "symbol": "AVY",
    "eps": 1.66,
    "epsEstimated": 1.61,
    "time": "bmo",
    "revenue": 1761400000,
    "revenueEstimated": 1708345783,
    "updatedFromDate": "2025-04-25",
    "fiscalDateEnding": "2019-09-28"
  },
  {
    "date": "2019-07-23",
    "symbol": "AVY",
    "eps": 1.72,
    "epsEstimated": 1.68,
    "time": "bmo",
    "revenue": 1795700000,
    "revenueEstimated": 1753939534,
    "updatedFromDate": "2025-04-25",
    "fiscalDateEnding": "2019-06-29"
  },
  {
    "date": "2019-04-24",
    "symbol": "AVY",
    "eps": 1.48,
    "epsEstimated": 1.46,
    "time": "bmo",
    "revenue": 1740100000,
    "revenueEstimated": 1716585135,
    "updatedFromDate": "2025-04-25",
    "fiscalDateEnding": "2019-03-30"
  },
  {
    "date": "2019-01-30",
    "symbol": "AVY",
    "eps": 1.52,
    "epsEstimated": 1.5,
    "time": "bmo",
    "revenue": 1768700000,
    "revenueEstimated": 1745427631,
    "updatedFromDate": "2025-04-25",
    "fiscalDateEnding": "2018-12-29"
  },
  {
    "date": "2018-10-23",
    "symbol": "AVY",
    "eps": 1.45,
    "epsEstimated": 1.47,
    "time": "bmo",
    "revenue": 1759700000,
    "revenueEstimated": 1783971724,
    "updatedFromDate": "2025-04-25",
    "fiscalDateEnding": "2018-09-29"
  },
  {
    "date": "2018-07-24",
    "symbol": "AVY",
    "eps": 1.66,
    "epsEstimated": 1.56,
    "time": "bmo",
    "revenue": 1854200000,
    "revenueEstimated": 1731331325,
    "updatedFromDate": "2025-04-25",
    "fiscalDateEnding": "2018-06-30"
  },
  {
    "date": "2018-04-25",
    "symbol": "AVY",
    "eps": 1.44,
    "epsEstimated": 1.36,
    "time": "bmo",
    "revenue": 1776400000,
    "revenueEstimated": 1677711111,
    "updatedFromDate": "2025-04-25",
    "fiscalDateEnding": "2018-03-31"
  },
  {
    "date": "2018-01-31",
    "symbol": "AVY",
    "eps": 1.33,
    "epsEstimated": 1.25,
    "time": "bmo",
    "revenue": 1735300000,
    "revenueEstimated": 1630921052,
    "updatedFromDate": "2025-04-25",
    "fiscalDateEnding": "2017-12-30"
  },
  {
    "date": "2017-10-25",
    "symbol": "AVY",
    "eps": 1.26,
    "epsEstimated": 1.21,
    "time": "bmo",
    "revenue": 1679500000,
    "revenueEstimated": 1612853174,
    "updatedFromDate": "2025-04-25",
    "fiscalDateEnding": "2017-09-30"
  },
  {
    "date": "2017-07-25",
    "symbol": "AVY",
    "eps": 1.31,
    "epsEstimated": 1.21,
    "time": "bmo",
    "revenue": 1626900000,
    "revenueEstimated": 1502709160,
    "updatedFromDate": "2025-04-25",
    "fiscalDateEnding": "2017-07-01"
  },
  {
    "date": "2017-04-26",
    "symbol": "AVY",
    "eps": 1.11,
    "epsEstimated": 1.04,
    "time": "bmo",
    "revenue": 1572100000,
    "revenueEstimated": 1487121621,
    "updatedFromDate": "2025-04-25",
    "fiscalDateEnding": "2017-04-01"
  },
  {
    "date": "2017-02-01",
    "symbol": "AVY",
    "eps": 0.99,
    "epsEstimated": 0.93,
    "time": "bmo",
    "revenue": 1550800000,
    "revenueEstimated": 1456812121,
    "updatedFromDate": "2025-04-25",
    "fiscalDateEnding": "2016-12-31"
  },
  {
    "date": "2016-10-26",
    "symbol": "AVY",
    "eps": 1.01,
    "epsEstimated": 1,
    "time": "bmo",
    "revenue": 1508700000,
    "revenueEstimated": 1493762376,
    "updatedFromDate": "2025-04-25",
    "fiscalDateEnding": "2016-10-01"
  },
  {
    "date": "2016-07-26",
    "symbol": "AVY",
    "eps": 1.09,
    "epsEstimated": 1.01,
    "time": "bmo",
    "revenue": 1541500000,
    "revenueEstimated": 1428362385,
    "updatedFromDate": "2025-04-25",
    "fiscalDateEnding": "2016-07-02"
  }
]