[
  {
    "date": "2026-04-28",
    "symbol": "AWK",
    "eps": null,
    "epsEstimated": null,
    "time": "amc",
    "revenue": null,
    "revenueEstimated": null,
    "updatedFromDate": "2025-10-02",
    "fiscalDateEnding": "2026-03-30"
  },
  {
    "date": "2026-02-17",
    "symbol": "AWK",
    "eps": null,
    "epsEstimated": null,
    "time": "amc",
    "revenue": null,
    "revenueEstimated": null,
    "updatedFromDate": "2025-10-02",
    "fiscalDateEnding": "2025-12-30"
  },
  {
    "date": "2025-10-29",
    "symbol": "AWK",
    "eps": null,
    "epsEstimated": 1.89,
    "time": "amc",
    "revenue": null,
    "revenueEstimated": 1362393460,
    "updatedFromDate": "2025-10-02",
    "fiscalDateEnding": "2025-09-30"
  },
  {
    "date": "2025-07-30",
    "symbol": "AWK",
    "eps": 1.48,
    "epsEstimated": 1.52,
    "time": "amc",
    "revenue": 1276000000,
    "revenueEstimated": 1217250000,
    "updatedFromDate": "2025-10-02",
    "fiscalDateEnding": "2025-06-30"
  },
  {
    "date": "2025-04-30",
    "symbol": "AWK",
    "eps": 1.05,
    "epsEstimated": 1.06,
    "time": "amc",
    "revenue": 1142000000,
    "revenueEstimated": 1092659623,
    "updatedFromDate": "2025-07-30",
    "fiscalDateEnding": "2025-03-31"
  },
  {
    "date": "2025-02-19",
    "symbol": "AWK",
    "eps": 1.22,
    "epsEstimated": 1.13,
    "time": "amc",
    "revenue": 1201000000,
    "revenueEstimated": 1111514278,
    "updatedFromDate": "2025-05-19",
    "fiscalDateEnding": "2024-12-31"
  },
  {
    "date": "2024-10-30",
    "symbol": "AWK",
    "eps": 1.77,
    "epsEstimated": 1.84,
    "time": "amc",
    "revenue": 1323000000,
    "revenueEstimated": 1228153012,
    "updatedFromDate": "2025-04-25",
    "fiscalDateEnding": "2024-09-30"
  },
  {
    "date": "2024-07-31",
    "symbol": "AWK",
    "eps": 1.4,
    "epsEstimated": 1.46,
    "time": "amc",
    "revenue": 1149000000,
    "revenueEstimated": 1103602083,
    "updatedFromDate": "2025-04-25",
    "fiscalDateEnding": "2024-06-30"
  },
  {
    "date": "2024-05-01",
    "symbol": "AWK",
    "eps": 0.93,
    "epsEstimated": 0.98,
    "time": "amc",
    "revenue": 1011000000,
    "revenueEstimated": 962302083,
    "updatedFromDate": "2025-04-25",
    "fiscalDateEnding": "2024-03-31"
  },
  {
    "date": "2024-02-14",
    "symbol": "AWK",
    "eps": 0.92,
    "epsEstimated": 0.83,
    "time": "amc",
    "revenue": 1032000000,
    "revenueEstimated": 1019910000,
    "updatedFromDate": "2025-04-25",
    "fiscalDateEnding": "2023-12-31"
  },
  {
    "date": "2023-11-01",
    "symbol": "AWK",
    "eps": 1.7,
    "epsEstimated": 1.65,
    "time": "amc",
    "revenue": 1167000000,
    "revenueEstimated": 1137000000,
    "updatedFromDate": "2025-04-25",
    "fiscalDateEnding": "2023-09-30"
  },
  {
    "date": "2023-07-26",
    "symbol": "AWK",
    "eps": 1.47,
    "epsEstimated": 1.31,
    "time": "amc",
    "revenue": 1097000000,
    "revenueEstimated": 1145450000,
    "updatedFromDate": "2025-04-25",
    "fiscalDateEnding": "2023-06-30"
  },
  {
    "date": "2023-04-26",
    "symbol": "AWK",
    "eps": 0.91,
    "epsEstimated": 0.92,
    "time": "amc",
    "revenue": 938000000,
    "revenueEstimated": 899370000,
    "updatedFromDate": "2025-04-25",
    "fiscalDateEnding": "2023-03-31"
  },
  {
    "date": "2023-02-15",
    "symbol": "AWK",
    "eps": 0.73,
    "epsEstimated": 0.78,
    "time": "amc",
    "revenue": 931000000,
    "revenueEstimated": 914834255,
    "updatedFromDate": "2025-04-25",
    "fiscalDateEnding": "2022-12-31"
  },
  {
    "date": "2022-10-31",
    "symbol": "AWK",
    "eps": 1.63,
    "epsEstimated": 1.51,
    "time": "amc",
    "revenue": 1082000000,
    "revenueEstimated": 1070720180,
    "updatedFromDate": "2025-04-25",
    "fiscalDateEnding": "2022-09-30"
  },
  {
    "date": "2022-07-27",
    "symbol": "AWK",
    "eps": 1.2,
    "epsEstimated": 1.16,
    "time": "amc",
    "revenue": 937000000,
    "revenueEstimated": 984017272,
    "updatedFromDate": "2025-04-25",
    "fiscalDateEnding": "2022-06-30"
  },
  {
    "date": "2022-04-27",
    "symbol": "AWK",
    "eps": 0.87,
    "epsEstimated": 0.77,
    "time": "amc",
    "revenue": 842000000,
    "revenueEstimated": 889450253,
    "updatedFromDate": "2025-04-25",
    "fiscalDateEnding": "2022-03-31"
  },
  {
    "date": "2022-02-16",
    "symbol": "AWK",
    "eps": 0.85,
    "epsEstimated": 0.86,
    "time": "amc",
    "revenue": 951000000,
    "revenueEstimated": 1013897611,
    "updatedFromDate": "2025-04-25",
    "fiscalDateEnding": "2021-12-31"
  },
  {
    "date": "2021-11-02",
    "symbol": "AWK",
    "eps": 1.53,
    "epsEstimated": 1.53,
    "time": "amc",
    "revenue": 1092000000,
    "revenueEstimated": 1195790000,
    "updatedFromDate": "2025-04-25",
    "fiscalDateEnding": "2021-09-30"
  },
  {
    "date": "2021-08-02",
    "symbol": "AWK",
    "eps": 1.14,
    "epsEstimated": 1.08,
    "time": "amc",
    "revenue": 999000000,
    "revenueEstimated": 943500000,
    "updatedFromDate": "2025-04-25",
    "fiscalDateEnding": "2021-06-30"
  },
  {
    "date": "2021-05-03",
    "symbol": "AWK",
    "eps": 0.73,
    "epsEstimated": 0.73,
    "time": "amc",
    "revenue": 888000000,
    "revenueEstimated": 881380000,
    "updatedFromDate": "2025-04-25",
    "fiscalDateEnding": "2021-03-31"
  },
  {
    "date": "2021-02-24",
    "symbol": "AWK",
    "eps": 0.8,
    "epsEstimated": 0.8,
    "time": "amc",
    "revenue": 923000000,
    "revenueEstimated": 923000000,
    "updatedFromDate": "2025-04-25",
    "fiscalDateEnding": "2020-12-31"
  },
  {
    "date": "2020-11-04",
    "symbol": "AWK",
    "eps": 1.46,
    "epsEstimated": 1.38,
    "time": "amc",
    "revenue": 1079000000,
    "revenueEstimated": 1019876712,
    "updatedFromDate": "2025-04-25",
    "fiscalDateEnding": "2020-09-30"
  },
  {
    "date": "2020-08-05",
    "symbol": "AWK",
    "eps": 0.97,
    "epsEstimated": 0.96,
    "time": "amc",
    "revenue": 931000000,
    "revenueEstimated": 921402061,
    "updatedFromDate": "2025-04-25",
    "fiscalDateEnding": "2020-06-30"
  },
  {
    "date": "2020-05-06",
    "symbol": "AWK",
    "eps": 0.67,
    "epsEstimated": 0.65,
    "time": "amc",
    "revenue": 844000000,
    "revenueEstimated": 818805970,
    "updatedFromDate": "2025-04-25",
    "fiscalDateEnding": "2020-03-31"
  },
  {
    "date": "2020-02-18",
    "symbol": "AWK",
    "eps": 0.73,
    "epsEstimated": 0.73,
    "time": "amc",
    "revenue": 902000000,
    "revenueEstimated": 902000000,
    "updatedFromDate": "2025-04-25",
    "fiscalDateEnding": "2019-12-31"
  },
  {
    "date": "2019-10-30",
    "symbol": "AWK",
    "eps": 1.33,
    "epsEstimated": 1.3,
    "time": "amc",
    "revenue": 1013000000,
    "revenueEstimated": 990150375,
    "updatedFromDate": "2025-04-25",
    "fiscalDateEnding": "2019-09-30"
  },
  {
    "date": "2019-07-31",
    "symbol": "AWK",
    "eps": 0.94,
    "epsEstimated": 0.93,
    "time": "amc",
    "revenue": 882000000,
    "revenueEstimated": 872617021,
    "updatedFromDate": "2025-04-25",
    "fiscalDateEnding": "2019-06-30"
  },
  {
    "date": "2019-05-01",
    "symbol": "AWK",
    "eps": 0.61,
    "epsEstimated": 0.63,
    "time": "amc",
    "revenue": 813000000,
    "revenueEstimated": 839655737,
    "updatedFromDate": "2025-04-25",
    "fiscalDateEnding": "2019-03-31"
  },
  {
    "date": "2019-02-19",
    "symbol": "AWK",
    "eps": 0.69,
    "epsEstimated": 0.69,
    "time": "amc",
    "revenue": 850000000,
    "revenueEstimated": 850000000,
    "updatedFromDate": "2025-04-25",
    "fiscalDateEnding": "2018-12-31"
  },
  {
    "date": "2018-10-31",
    "symbol": "AWK",
    "eps": 1.2,
    "epsEstimated": 1.16,
    "time": "amc",
    "revenue": 976000000,
    "revenueEstimated": 951600000,
    "updatedFromDate": "2025-04-25",
    "fiscalDateEnding": "2018-09-30"
  },
  {
    "date": "2018-08-01",
    "symbol": "AWK",
    "eps": 0.83,
    "epsEstimated": 0.81,
    "time": "amc",
    "revenue": 853000000,
    "revenueEstimated": 832445783,
    "updatedFromDate": "2025-04-25",
    "fiscalDateEnding": "2018-06-30"
  },
  {
    "date": "2018-05-02",
    "symbol": "AWK",
    "eps": 0.59,
    "epsEstimated": 0.55,
    "time": "amc",
    "revenue": 761000000,
    "revenueEstimated": 709406779,
    "updatedFromDate": "2025-04-25",
    "fiscalDateEnding": "2018-03-31"
  },
  {
    "date": "2018-02-20",
    "symbol": "AWK",
    "eps": 0.69,
    "epsEstimated": 0.66,
    "time": "amc",
    "revenue": 821000000,
    "revenueEstimated": 785304347,
    "updatedFromDate": "2025-04-25",
    "fiscalDateEnding": "2017-12-31"
  },
  {
    "date": "2017-11-01",
    "symbol": "AWK",
    "eps": 1.08,
    "epsEstimated": 1.08,
    "time": "amc",
    "revenue": 936000000,
    "revenueEstimated": 936000000,
    "updatedFromDate": "2025-04-25",
    "fiscalDateEnding": "2017-09-30"
  },
  {
    "date": "2017-08-02",
    "symbol": "AWK",
    "eps": 0.75,
    "epsEstimated": 0.79,
    "time": "amc",
    "revenue": 844000000,
    "revenueEstimated": 913369863,
    "updatedFromDate": "2025-04-25",
    "fiscalDateEnding": "2017-06-30"
  },
  {
    "date": "2017-05-03",
    "symbol": "AWK",
    "eps": 0.52,
    "epsEstimated": 0.52,
    "time": "amc",
    "revenue": 756000000,
    "revenueEstimated": 770538461,
    "updatedFromDate": "2025-04-25",
    "fiscalDateEnding": "2017-03-31"
  },
  {
    "date": "2017-02-21",
    "symbol": "AWK",
    "eps": 0.57,
    "epsEstimated": 0.57,
    "time": "amc",
    "revenue": 802000000,
    "revenueEstimated": 802000000,
    "updatedFromDate": "2025-04-25",
    "fiscalDateEnding": "2016-12-31"
  },
  {
    "date": "2016-11-02",
    "symbol": "AWK",
    "eps": 1.05,
    "epsEstimated": 1.01,
    "time": "amc",
    "revenue": 930000000,
    "revenueEstimated": 894571428,
    "updatedFromDate": "2025-04-25",
    "fiscalDateEnding": "2016-09-30"
  },
  {
    "date": "2016-08-03",
    "symbol": "AWK",
    "eps": 0.77,
    "epsEstimated": 0.73,
    "time": "amc",
    "revenue": 827000000,
    "revenueEstimated": 784038961,
    "updatedFromDate": "2025-04-25",
    "fiscalDateEnding": "2016-06-30"
  }
]