[
  {
    "date": "2026-05-05",
    "symbol": "AXON",
    "eps": null,
    "epsEstimated": null,
    "time": "amc",
    "revenue": null,
    "revenueEstimated": null,
    "updatedFromDate": "2025-10-02",
    "fiscalDateEnding": "2026-03-30"
  },
  {
    "date": "2026-02-23",
    "symbol": "AXON",
    "eps": null,
    "epsEstimated": null,
    "time": "amc",
    "revenue": null,
    "revenueEstimated": null,
    "updatedFromDate": "2025-10-02",
    "fiscalDateEnding": "2025-12-30"
  },
  {
    "date": "2025-11-06",
    "symbol": "AXON",
    "eps": null,
    "epsEstimated": 1.63,
    "time": "bmo",
    "revenue": null,
    "revenueEstimated": 704833940,
    "updatedFromDate": "2025-10-02",
    "fiscalDateEnding": "2025-09-30"
  },
  {
    "date": "2025-08-04",
    "symbol": "AXON",
    "eps": 2.12,
    "epsEstimated": 1.45,
    "time": "amc",
    "revenue": 668538000,
    "revenueEstimated": 641021617,
    "updatedFromDate": "2025-10-02",
    "fiscalDateEnding": "2025-06-30"
  },
  {
    "date": "2025-05-07",
    "symbol": "AXON",
    "eps": 1.41,
    "epsEstimated": 1.27,
    "time": "amc",
    "revenue": 603633000,
    "revenueEstimated": 586387251,
    "updatedFromDate": "2025-08-07",
    "fiscalDateEnding": "2025-03-31"
  },
  {
    "date": "2025-02-25",
    "symbol": "AXON",
    "eps": 2.08,
    "epsEstimated": 1.37,
    "time": "amc",
    "revenue": 575145000,
    "revenueEstimated": 566009833,
    "updatedFromDate": "2025-05-25",
    "fiscalDateEnding": "2024-12-31"
  },
  {
    "date": "2024-11-07",
    "symbol": "AXON",
    "eps": 1.45,
    "epsEstimated": 1.2,
    "time": "amc",
    "revenue": 544274000,
    "revenueEstimated": 525344961,
    "updatedFromDate": "2025-04-19",
    "fiscalDateEnding": "2024-09-30"
  },
  {
    "date": "2024-08-06",
    "symbol": "AXON",
    "eps": 1.2,
    "epsEstimated": 1.02,
    "time": "amc",
    "revenue": 504099000,
    "revenueEstimated": 478353831,
    "updatedFromDate": "2025-04-19",
    "fiscalDateEnding": "2024-06-30"
  },
  {
    "date": "2024-05-06",
    "symbol": "AXON",
    "eps": 1.15,
    "epsEstimated": 0.945,
    "time": "amc",
    "revenue": 460736000,
    "revenueEstimated": 441564452,
    "updatedFromDate": "2025-04-19",
    "fiscalDateEnding": "2024-03-31"
  },
  {
    "date": "2024-02-27",
    "symbol": "AXON",
    "eps": 1.12,
    "epsEstimated": 0.86,
    "time": "amc",
    "revenue": 432142000,
    "revenueEstimated": 420950000,
    "updatedFromDate": "2025-04-19",
    "fiscalDateEnding": "2023-12-31"
  },
  {
    "date": "2023-11-07",
    "symbol": "AXON",
    "eps": 1.02,
    "epsEstimated": 0.76,
    "time": "amc",
    "revenue": 413601000,
    "revenueEstimated": 420850000,
    "updatedFromDate": "2025-04-19",
    "fiscalDateEnding": "2023-09-30"
  },
  {
    "date": "2023-08-08",
    "symbol": "AXON",
    "eps": 1.11,
    "epsEstimated": 0.62,
    "time": "amc",
    "revenue": 374605000,
    "revenueEstimated": 350460000,
    "updatedFromDate": "2025-04-19",
    "fiscalDateEnding": "2023-06-30"
  },
  {
    "date": "2023-05-09",
    "symbol": "AXON",
    "eps": 0.88,
    "epsEstimated": 0.46,
    "time": "amc",
    "revenue": 343043000,
    "revenueEstimated": 319830000,
    "updatedFromDate": "2025-04-19",
    "fiscalDateEnding": "2023-03-31"
  },
  {
    "date": "2023-02-28",
    "symbol": "AXON",
    "eps": 0.7,
    "epsEstimated": 0.5,
    "time": "amc",
    "revenue": 336142000,
    "revenueEstimated": 305907835,
    "updatedFromDate": "2025-04-19",
    "fiscalDateEnding": "2022-12-31"
  },
  {
    "date": "2022-11-08",
    "symbol": "AXON",
    "eps": 0.6,
    "epsEstimated": 0.46,
    "time": "amc",
    "revenue": 311754000,
    "revenueEstimated": 279893928,
    "updatedFromDate": "2025-04-19",
    "fiscalDateEnding": "2022-09-30"
  },
  {
    "date": "2022-08-09",
    "symbol": "AXON",
    "eps": 0.44,
    "epsEstimated": 0.38,
    "time": "amc",
    "revenue": 285613000,
    "revenueEstimated": 258962271,
    "updatedFromDate": "2025-04-19",
    "fiscalDateEnding": "2022-06-30"
  },
  {
    "date": "2022-05-10",
    "symbol": "AXON",
    "eps": 0.45,
    "epsEstimated": 0.25,
    "time": "amc",
    "revenue": 256426000,
    "revenueEstimated": 232916921,
    "updatedFromDate": "2025-04-19",
    "fiscalDateEnding": "2022-03-31"
  },
  {
    "date": "2022-02-24",
    "symbol": "AXON",
    "eps": 0.46,
    "epsEstimated": 0.16,
    "time": "amc",
    "revenue": 217578000,
    "revenueEstimated": 202650700,
    "updatedFromDate": "2025-04-19",
    "fiscalDateEnding": "2021-12-31"
  },
  {
    "date": "2021-11-15",
    "symbol": "AXON",
    "eps": 1.17,
    "epsEstimated": 0.27,
    "time": "amc",
    "revenue": 231989000,
    "revenueEstimated": 202240000,
    "updatedFromDate": "2025-04-19",
    "fiscalDateEnding": "2021-09-30"
  },
  {
    "date": "2021-08-05",
    "symbol": "AXON",
    "eps": 0.38,
    "epsEstimated": 0.22,
    "time": "amc",
    "revenue": 218795000,
    "revenueEstimated": 175150000,
    "updatedFromDate": "2025-04-19",
    "fiscalDateEnding": "2021-06-30"
  },
  {
    "date": "2021-05-06",
    "symbol": "AXON",
    "eps": 0.31,
    "epsEstimated": 0.21,
    "time": "amc",
    "revenue": 195019000,
    "revenueEstimated": 167500000,
    "updatedFromDate": "2025-04-19",
    "fiscalDateEnding": "2021-03-31"
  },
  {
    "date": "2021-02-25",
    "symbol": "AXON",
    "eps": 1,
    "epsEstimated": 0.36,
    "time": "amc",
    "revenue": 226140000,
    "revenueEstimated": 181030000,
    "updatedFromDate": "2025-04-19",
    "fiscalDateEnding": "2020-12-31"
  },
  {
    "date": "2020-11-05",
    "symbol": "AXON",
    "eps": 0.4,
    "epsEstimated": 0.2,
    "time": "amc",
    "revenue": 166442000,
    "revenueEstimated": null,
    "updatedFromDate": "2025-04-19",
    "fiscalDateEnding": "2020-09-30"
  },
  {
    "date": "2020-08-06",
    "symbol": "AXON",
    "eps": -0.01,
    "epsEstimated": 0.16,
    "time": "amc",
    "revenue": 141259000,
    "revenueEstimated": null,
    "updatedFromDate": "2025-04-19",
    "fiscalDateEnding": "2020-06-30"
  },
  {
    "date": "2020-05-07",
    "symbol": "AXON",
    "eps": 0.4,
    "epsEstimated": 0.18,
    "time": "amc",
    "revenue": 147162000,
    "revenueEstimated": null,
    "updatedFromDate": "2025-04-19",
    "fiscalDateEnding": "2020-03-31"
  },
  {
    "date": "2020-02-27",
    "symbol": "AXON",
    "eps": 0.41,
    "epsEstimated": 0.38,
    "time": "amc",
    "revenue": 171851000,
    "revenueEstimated": null,
    "updatedFromDate": "2025-04-19",
    "fiscalDateEnding": "2019-12-31"
  },
  {
    "date": "2019-11-07",
    "symbol": "AXON",
    "eps": 0.28,
    "epsEstimated": 0.27,
    "time": "amc",
    "revenue": 130837000,
    "revenueEstimated": null,
    "updatedFromDate": "2025-04-19",
    "fiscalDateEnding": "2019-09-30"
  },
  {
    "date": "2019-08-08",
    "symbol": "AXON",
    "eps": 0.14,
    "epsEstimated": 0.16,
    "time": "amc",
    "revenue": 112362000,
    "revenueEstimated": null,
    "updatedFromDate": "2025-04-19",
    "fiscalDateEnding": "2019-06-30"
  },
  {
    "date": "2019-05-09",
    "symbol": "AXON",
    "eps": 0.21,
    "epsEstimated": 0.16,
    "time": "amc",
    "revenue": 115810000,
    "revenueEstimated": null,
    "updatedFromDate": "2025-04-19",
    "fiscalDateEnding": "2019-03-31"
  },
  {
    "date": "2019-02-26",
    "symbol": "AXON",
    "eps": 0.08,
    "epsEstimated": 0.11,
    "time": "amc",
    "revenue": 114791000,
    "revenueEstimated": null,
    "updatedFromDate": "2025-04-19",
    "fiscalDateEnding": "2018-12-31"
  },
  {
    "date": "2018-11-06",
    "symbol": "AXON",
    "eps": 0.2,
    "epsEstimated": 0.12,
    "time": "amc",
    "revenue": 104836000,
    "revenueEstimated": null,
    "updatedFromDate": "2025-04-19",
    "fiscalDateEnding": "2018-09-30"
  },
  {
    "date": "2018-08-07",
    "symbol": "AXON",
    "eps": 0.18,
    "epsEstimated": 0.09,
    "time": "amc",
    "revenue": 99226000,
    "revenueEstimated": null,
    "updatedFromDate": "2025-04-19",
    "fiscalDateEnding": "2018-06-30"
  },
  {
    "date": "2018-05-08",
    "symbol": "AXON",
    "eps": 0.24,
    "epsEstimated": 0.05,
    "time": "amc",
    "revenue": 101215000,
    "revenueEstimated": null,
    "updatedFromDate": "2025-04-19",
    "fiscalDateEnding": "2018-03-31"
  },
  {
    "date": "2018-02-27",
    "symbol": "AXON",
    "eps": 0.18,
    "epsEstimated": 0.02651,
    "time": "amc",
    "revenue": 94651000,
    "revenueEstimated": null,
    "updatedFromDate": "2025-04-19",
    "fiscalDateEnding": "2017-12-31"
  },
  {
    "date": "2017-11-07",
    "symbol": "AXON",
    "eps": 0.01,
    "epsEstimated": 0.05,
    "time": "amc",
    "revenue": 90262000,
    "revenueEstimated": null,
    "updatedFromDate": "2025-04-19",
    "fiscalDateEnding": "2017-09-30"
  },
  {
    "date": "2017-08-08",
    "symbol": "AXON",
    "eps": 0.04,
    "epsEstimated": 0.035,
    "time": "amc",
    "revenue": 79643000,
    "revenueEstimated": null,
    "updatedFromDate": "2025-04-19",
    "fiscalDateEnding": "2017-06-30"
  },
  {
    "date": "2017-05-09",
    "symbol": "AXON",
    "eps": 0.07,
    "epsEstimated": 0.02857,
    "time": "amc",
    "revenue": 79242000,
    "revenueEstimated": null,
    "updatedFromDate": "2025-04-19",
    "fiscalDateEnding": "2017-03-31"
  },
  {
    "date": "2017-02-28",
    "symbol": "AXON",
    "eps": 0.12,
    "epsEstimated": 0.11,
    "time": "amc",
    "revenue": 82077000,
    "revenueEstimated": null,
    "updatedFromDate": "2025-04-19",
    "fiscalDateEnding": "2016-12-31"
  },
  {
    "date": "2016-11-09",
    "symbol": "AXON",
    "eps": 0.07,
    "epsEstimated": 0.06,
    "time": "amc",
    "revenue": 71882000,
    "revenueEstimated": null,
    "updatedFromDate": "2025-04-19",
    "fiscalDateEnding": "2016-09-30"
  },
  {
    "date": "2016-08-04",
    "symbol": "AXON",
    "eps": 0.07,
    "epsEstimated": 0.04286,
    "time": "amc",
    "revenue": 58756000,
    "revenueEstimated": null,
    "updatedFromDate": "2025-04-19",
    "fiscalDateEnding": "2016-06-30"
  }
]