[
  {
    "date": "2026-04-15",
    "symbol": "AXP",
    "eps": null,
    "epsEstimated": null,
    "time": "bmo",
    "revenue": null,
    "revenueEstimated": null,
    "updatedFromDate": "2025-10-02",
    "fiscalDateEnding": "2026-03-30"
  },
  {
    "date": "2026-01-22",
    "symbol": "AXP",
    "eps": null,
    "epsEstimated": null,
    "time": "bmo",
    "revenue": null,
    "revenueEstimated": null,
    "updatedFromDate": "2025-10-02",
    "fiscalDateEnding": "2025-12-30"
  },
  {
    "date": "2025-10-17",
    "symbol": "AXP",
    "eps": null,
    "epsEstimated": 3.95,
    "time": "bmo",
    "revenue": null,
    "revenueEstimated": 18035346390,
    "updatedFromDate": "2025-10-02",
    "fiscalDateEnding": "2025-09-30"
  },
  {
    "date": "2025-07-18",
    "symbol": "AXP",
    "eps": 4.08,
    "epsEstimated": 3.89,
    "time": "bmo",
    "revenue": 19933000000,
    "revenueEstimated": 17714743817,
    "updatedFromDate": "2025-10-02",
    "fiscalDateEnding": "2025-06-30"
  },
  {
    "date": "2025-04-17",
    "symbol": "AXP",
    "eps": 3.64,
    "epsEstimated": 3.47,
    "time": "bmo",
    "revenue": 18933000000,
    "revenueEstimated": 16943258788,
    "updatedFromDate": "2025-07-17",
    "fiscalDateEnding": "2025-03-31"
  },
  {
    "date": "2025-01-24",
    "symbol": "AXP",
    "eps": 3.04,
    "epsEstimated": 3,
    "time": "bmo",
    "revenue": 15887000000,
    "revenueEstimated": 17162676683,
    "updatedFromDate": "2025-04-24",
    "fiscalDateEnding": "2024-12-31"
  },
  {
    "date": "2024-10-18",
    "symbol": "AXP",
    "eps": 3.49,
    "epsEstimated": 3.28,
    "time": "bmo",
    "revenue": 16636000000,
    "revenueEstimated": 16682339154,
    "updatedFromDate": "2025-04-22",
    "fiscalDateEnding": "2024-09-30"
  },
  {
    "date": "2024-07-19",
    "symbol": "AXP",
    "eps": 3.49,
    "epsEstimated": 3.24,
    "time": "bmo",
    "revenue": 18400000000,
    "revenueEstimated": 16604876514,
    "updatedFromDate": "2025-04-22",
    "fiscalDateEnding": "2024-06-30"
  },
  {
    "date": "2024-04-19",
    "symbol": "AXP",
    "eps": 3.33,
    "epsEstimated": 2.96,
    "time": "bmo",
    "revenue": 17811000000,
    "revenueEstimated": 15792827437,
    "updatedFromDate": "2025-04-22",
    "fiscalDateEnding": "2024-03-31"
  },
  {
    "date": "2024-01-26",
    "symbol": "AXP",
    "eps": 2.62,
    "epsEstimated": 2.64,
    "time": "bmo",
    "revenue": 15792000000,
    "revenueEstimated": 16003300000,
    "updatedFromDate": "2025-04-22",
    "fiscalDateEnding": "2023-12-31"
  },
  {
    "date": "2023-10-20",
    "symbol": "AXP",
    "eps": 3.3,
    "epsEstimated": 2.94,
    "time": "bmo",
    "revenue": 15342000000,
    "revenueEstimated": 15087200000,
    "updatedFromDate": "2025-04-22",
    "fiscalDateEnding": "2023-09-30"
  },
  {
    "date": "2023-07-21",
    "symbol": "AXP",
    "eps": 2.89,
    "epsEstimated": 2.81,
    "time": "bmo",
    "revenue": 15054000000,
    "revenueEstimated": 15478700000,
    "updatedFromDate": "2025-04-22",
    "fiscalDateEnding": "2023-06-30"
  },
  {
    "date": "2023-04-20",
    "symbol": "AXP",
    "eps": 2.4,
    "epsEstimated": 2.66,
    "time": "bmo",
    "revenue": 14281000000,
    "revenueEstimated": 14034600000,
    "updatedFromDate": "2025-04-22",
    "fiscalDateEnding": "2023-03-31"
  },
  {
    "date": "2023-01-27",
    "symbol": "AXP",
    "eps": 2.07,
    "epsEstimated": 2.22,
    "time": "bmo",
    "revenue": 14176000000,
    "revenueEstimated": 14228192471,
    "updatedFromDate": "2025-04-22",
    "fiscalDateEnding": "2022-12-31"
  },
  {
    "date": "2022-10-21",
    "symbol": "AXP",
    "eps": 2.47,
    "epsEstimated": 2.41,
    "time": "bmo",
    "revenue": 13556000000,
    "revenueEstimated": 13510531603,
    "updatedFromDate": "2025-04-22",
    "fiscalDateEnding": "2022-09-30"
  },
  {
    "date": "2022-07-22",
    "symbol": "AXP",
    "eps": 2.57,
    "epsEstimated": 2.41,
    "time": "bmo",
    "revenue": 13395000000,
    "revenueEstimated": 12508826494,
    "updatedFromDate": "2025-04-22",
    "fiscalDateEnding": "2022-06-30"
  },
  {
    "date": "2022-04-22",
    "symbol": "AXP",
    "eps": 2.73,
    "epsEstimated": 2.44,
    "time": "bmo",
    "revenue": 11735000000,
    "revenueEstimated": 11618783277,
    "updatedFromDate": "2025-04-22",
    "fiscalDateEnding": "2022-03-31"
  },
  {
    "date": "2022-01-25",
    "symbol": "AXP",
    "eps": 2.18,
    "epsEstimated": 1.87,
    "time": "bmo",
    "revenue": 12145000000,
    "revenueEstimated": 11646900000,
    "updatedFromDate": "2025-04-22",
    "fiscalDateEnding": "2021-12-31"
  },
  {
    "date": "2021-10-22",
    "symbol": "AXP",
    "eps": 2.27,
    "epsEstimated": 1.8,
    "time": "bmo",
    "revenue": 10928000000,
    "revenueEstimated": 10562800000,
    "updatedFromDate": "2025-04-22",
    "fiscalDateEnding": "2021-09-30"
  },
  {
    "date": "2021-07-23",
    "symbol": "AXP",
    "eps": 2.8,
    "epsEstimated": 1.67,
    "time": "bmo",
    "revenue": 10271000000,
    "revenueEstimated": 7599578046,
    "updatedFromDate": "2025-04-22",
    "fiscalDateEnding": "2021-06-30"
  },
  {
    "date": "2021-04-23",
    "symbol": "AXP",
    "eps": 2.74,
    "epsEstimated": 1.61,
    "time": "bmo",
    "revenue": 9179000000,
    "revenueEstimated": 6966402482,
    "updatedFromDate": "2025-04-22",
    "fiscalDateEnding": "2021-03-31"
  },
  {
    "date": "2021-01-26",
    "symbol": "AXP",
    "eps": 1.76,
    "epsEstimated": 1.31,
    "time": "bmo",
    "revenue": 9351000000,
    "revenueEstimated": 8905923663,
    "updatedFromDate": "2025-04-22",
    "fiscalDateEnding": "2020-12-31"
  },
  {
    "date": "2020-10-23",
    "symbol": "AXP",
    "eps": 1.3,
    "epsEstimated": 1.35,
    "time": "bmo",
    "revenue": 8751000000,
    "revenueEstimated": 9154892307,
    "updatedFromDate": "2025-04-22",
    "fiscalDateEnding": "2020-09-30"
  },
  {
    "date": "2020-07-24",
    "symbol": "AXP",
    "eps": 0.29,
    "epsEstimated": -0.11,
    "time": "bmo",
    "revenue": 7675000000,
    "revenueEstimated": 3009827586,
    "updatedFromDate": "2025-04-22",
    "fiscalDateEnding": "2020-06-30"
  },
  {
    "date": "2020-04-24",
    "symbol": "AXP",
    "eps": 1.98,
    "epsEstimated": 1.69,
    "time": "bmo",
    "revenue": 10310000000,
    "revenueEstimated": 37096292682,
    "updatedFromDate": "2025-04-22",
    "fiscalDateEnding": "2020-03-31"
  },
  {
    "date": "2020-01-24",
    "symbol": "AXP",
    "eps": 2.03,
    "epsEstimated": 2.01,
    "time": "bmo",
    "revenue": 11365000000,
    "revenueEstimated": 11602551724,
    "updatedFromDate": "2025-04-22",
    "fiscalDateEnding": "2019-12-31"
  },
  {
    "date": "2019-10-18",
    "symbol": "AXP",
    "eps": 2.08,
    "epsEstimated": 2.03,
    "time": "bmo",
    "revenue": 10989000000,
    "revenueEstimated": 11116201923,
    "updatedFromDate": "2025-04-22",
    "fiscalDateEnding": "2019-09-30"
  },
  {
    "date": "2019-07-19",
    "symbol": "AXP",
    "eps": 2.07,
    "epsEstimated": 2.04,
    "time": "bmo",
    "revenue": 10838000000,
    "revenueEstimated": 11081043478,
    "updatedFromDate": "2025-04-22",
    "fiscalDateEnding": "2019-06-30"
  },
  {
    "date": "2019-04-18",
    "symbol": "AXP",
    "eps": 2.01,
    "epsEstimated": 1.99,
    "time": "bmo",
    "revenue": 10364000000,
    "revenueEstimated": 10655905472,
    "updatedFromDate": "2025-04-22",
    "fiscalDateEnding": "2019-03-31"
  },
  {
    "date": "2019-01-17",
    "symbol": "AXP",
    "eps": 1.74,
    "epsEstimated": 1.8,
    "time": "amc",
    "revenue": 10474000000,
    "revenueEstimated": 11225172413,
    "updatedFromDate": "2025-04-22",
    "fiscalDateEnding": "2018-12-31"
  },
  {
    "date": "2018-10-18",
    "symbol": "AXP",
    "eps": 1.88,
    "epsEstimated": 1.77,
    "time": "amc",
    "revenue": 10144000000,
    "revenueEstimated": 9870574468,
    "updatedFromDate": "2025-04-22",
    "fiscalDateEnding": "2018-09-30"
  },
  {
    "date": "2018-07-18",
    "symbol": "AXP",
    "eps": 1.84,
    "epsEstimated": 1.82,
    "time": "amc",
    "revenue": 10002000000,
    "revenueEstimated": 10190021739,
    "updatedFromDate": "2025-04-22",
    "fiscalDateEnding": "2018-06-30"
  },
  {
    "date": "2018-04-18",
    "symbol": "AXP",
    "eps": 1.86,
    "epsEstimated": 1.71,
    "time": "amc",
    "revenue": 9718000000,
    "revenueEstimated": 9182516129,
    "updatedFromDate": "2025-04-22",
    "fiscalDateEnding": "2018-03-31"
  },
  {
    "date": "2018-01-18",
    "symbol": "AXP",
    "eps": 1.58,
    "epsEstimated": 1.54,
    "time": "amc",
    "revenue": 8839000000,
    "revenueEstimated": 9696151898,
    "updatedFromDate": "2025-04-22",
    "fiscalDateEnding": "2017-12-31"
  },
  {
    "date": "2017-10-18",
    "symbol": "AXP",
    "eps": 1.5,
    "epsEstimated": 1.48,
    "time": "amc",
    "revenue": 8436000000,
    "revenueEstimated": 9376293333,
    "updatedFromDate": "2025-04-22",
    "fiscalDateEnding": "2017-09-30"
  },
  {
    "date": "2017-07-19",
    "symbol": "AXP",
    "eps": 1.47,
    "epsEstimated": 1.43,
    "time": "amc",
    "revenue": 8307000000,
    "revenueEstimated": 9157224489,
    "updatedFromDate": "2025-04-22",
    "fiscalDateEnding": "2017-06-30"
  },
  {
    "date": "2017-04-19",
    "symbol": "AXP",
    "eps": 1.34,
    "epsEstimated": 1.28,
    "time": "amc",
    "revenue": 7889000000,
    "revenueEstimated": 8461373134,
    "updatedFromDate": "2025-04-22",
    "fiscalDateEnding": "2017-03-31"
  },
  {
    "date": "2017-01-19",
    "symbol": "AXP",
    "eps": 0.88,
    "epsEstimated": 0.98,
    "time": "amc",
    "revenue": 8022000000,
    "revenueEstimated": 12794568181,
    "updatedFromDate": "2025-04-22",
    "fiscalDateEnding": "2016-12-31"
  },
  {
    "date": "2016-10-19",
    "symbol": "AXP",
    "eps": 1.2,
    "epsEstimated": 0.97,
    "time": "amc",
    "revenue": 7774000000,
    "revenueEstimated": 6405233333,
    "updatedFromDate": "2025-04-22",
    "fiscalDateEnding": "2016-09-30"
  },
  {
    "date": "2016-07-20",
    "symbol": "AXP",
    "eps": 2.1,
    "epsEstimated": 1.95,
    "time": "amc",
    "revenue": 8235000000,
    "revenueEstimated": 7786071428,
    "updatedFromDate": "2025-04-22",
    "fiscalDateEnding": "2016-06-30"
  }
]