[
  {
    "date": "2026-05-25",
    "symbol": "AZO",
    "eps": null,
    "epsEstimated": null,
    "time": "bmo",
    "revenue": null,
    "revenueEstimated": null,
    "updatedFromDate": "2025-10-02",
    "fiscalDateEnding": "2026-02-28"
  },
  {
    "date": "2026-03-02",
    "symbol": "AZO",
    "eps": null,
    "epsEstimated": null,
    "time": "bmo",
    "revenue": null,
    "revenueEstimated": null,
    "updatedFromDate": "2025-10-02",
    "fiscalDateEnding": "2026-02-28"
  },
  {
    "date": "2025-12-09",
    "symbol": "AZO",
    "eps": null,
    "epsEstimated": 32.72,
    "time": "bmo",
    "revenue": null,
    "revenueEstimated": 4645353930,
    "updatedFromDate": "2025-10-02",
    "fiscalDateEnding": "2025-11-30"
  },
  {
    "date": "2025-09-23",
    "symbol": "AZO",
    "eps": 48.71,
    "epsEstimated": 50.73,
    "time": "bmo",
    "revenue": 6242726000,
    "revenueEstimated": 6252072632,
    "updatedFromDate": "2025-10-02",
    "fiscalDateEnding": "2025-08-30"
  },
  {
    "date": "2025-05-27",
    "symbol": "AZO",
    "eps": 35.36,
    "epsEstimated": 37.11,
    "time": "bmo",
    "revenue": 4464339000,
    "revenueEstimated": 4418530499,
    "updatedFromDate": "2025-08-27",
    "fiscalDateEnding": "2025-05-10"
  },
  {
    "date": "2025-03-04",
    "symbol": "AZO",
    "eps": 28.29,
    "epsEstimated": 29.05,
    "time": "bmo",
    "revenue": 3952012000,
    "revenueEstimated": 3982363094,
    "updatedFromDate": "2025-06-04",
    "fiscalDateEnding": "2025-02-15"
  },
  {
    "date": "2024-12-10",
    "symbol": "AZO",
    "eps": 32.52,
    "epsEstimated": 33.6,
    "time": "bmo",
    "revenue": 4279641000,
    "revenueEstimated": 4301460319,
    "updatedFromDate": "2025-04-22",
    "fiscalDateEnding": "2024-11-23"
  },
  {
    "date": "2024-09-24",
    "symbol": "AZO",
    "eps": 51.58,
    "epsEstimated": 53.53,
    "time": "bmo",
    "revenue": 6205380000,
    "revenueEstimated": 6227699856,
    "updatedFromDate": "2025-04-22",
    "fiscalDateEnding": "2024-08-31"
  },
  {
    "date": "2024-05-21",
    "symbol": "AZO",
    "eps": 36.69,
    "epsEstimated": 35.96,
    "time": "bmo",
    "revenue": 4235484999,
    "revenueEstimated": 4291817930,
    "updatedFromDate": "2025-04-22",
    "fiscalDateEnding": "2024-05-04"
  },
  {
    "date": "2024-02-27",
    "symbol": "AZO",
    "eps": 28.89,
    "epsEstimated": 26.28,
    "time": "bmo",
    "revenue": 3859126000,
    "revenueEstimated": 3844380000,
    "updatedFromDate": "2025-04-22",
    "fiscalDateEnding": "2024-02-10"
  },
  {
    "date": "2023-12-05",
    "symbol": "AZO",
    "eps": 32.55,
    "epsEstimated": 31.49,
    "time": "bmo",
    "revenue": 4190277000,
    "revenueEstimated": 4197540000,
    "updatedFromDate": "2025-04-22",
    "fiscalDateEnding": "2023-11-18"
  },
  {
    "date": "2023-09-19",
    "symbol": "AZO",
    "eps": 46.46,
    "epsEstimated": 45.12,
    "time": "bmo",
    "revenue": 5690618000,
    "revenueEstimated": 5633400000,
    "updatedFromDate": "2025-04-22",
    "fiscalDateEnding": "2023-08-26"
  },
  {
    "date": "2023-05-23",
    "symbol": "AZO",
    "eps": 34.12,
    "epsEstimated": 31.42,
    "time": "bmo",
    "revenue": 4090541000,
    "revenueEstimated": 5616570000,
    "updatedFromDate": "2025-04-22",
    "fiscalDateEnding": "2023-05-06"
  },
  {
    "date": "2023-02-28",
    "symbol": "AZO",
    "eps": 24.64,
    "epsEstimated": 21.91,
    "time": "bmo",
    "revenue": 3690982000,
    "revenueEstimated": 3559491254,
    "updatedFromDate": "2025-04-22",
    "fiscalDateEnding": "2023-02-11"
  },
  {
    "date": "2022-12-06",
    "symbol": "AZO",
    "eps": 27.45,
    "epsEstimated": 25.27,
    "time": "bmo",
    "revenue": 3985067000,
    "revenueEstimated": 3864516816,
    "updatedFromDate": "2025-04-22",
    "fiscalDateEnding": "2022-11-19"
  },
  {
    "date": "2022-09-19",
    "symbol": "AZO",
    "eps": 40.51,
    "epsEstimated": 38.41,
    "time": "bmo",
    "revenue": 5348355000,
    "revenueEstimated": 5164203020,
    "updatedFromDate": "2025-04-22",
    "fiscalDateEnding": "2022-08-27"
  },
  {
    "date": "2022-05-24",
    "symbol": "AZO",
    "eps": 29.03,
    "epsEstimated": 26.05,
    "time": "bmo",
    "revenue": 3865222000,
    "revenueEstimated": null,
    "updatedFromDate": "2025-04-22",
    "fiscalDateEnding": "2022-05-07"
  },
  {
    "date": "2022-03-01",
    "symbol": "AZO",
    "eps": 22.3,
    "epsEstimated": 17.79,
    "time": "bmo",
    "revenue": 3369750000,
    "revenueEstimated": 3165772760,
    "updatedFromDate": "2025-04-22",
    "fiscalDateEnding": "2022-02-12"
  },
  {
    "date": "2021-12-07",
    "symbol": "AZO",
    "eps": 25.69,
    "epsEstimated": 20.87,
    "time": "bmo",
    "revenue": 3668904000,
    "revenueEstimated": 3371050825,
    "updatedFromDate": "2025-04-22",
    "fiscalDateEnding": "2021-11-20"
  },
  {
    "date": "2021-09-21",
    "symbol": "AZO",
    "eps": 35.72,
    "epsEstimated": 29.92,
    "time": "bmo",
    "revenue": 4913484000,
    "revenueEstimated": 4015390235,
    "updatedFromDate": "2025-04-22",
    "fiscalDateEnding": "2021-08-28"
  },
  {
    "date": "2021-05-25",
    "symbol": "AZO",
    "eps": 26.48,
    "epsEstimated": 20.14,
    "time": "bmo",
    "revenue": 3651023000,
    "revenueEstimated": 3110110000,
    "updatedFromDate": "2025-04-22",
    "fiscalDateEnding": "2021-05-08"
  },
  {
    "date": "2021-03-02",
    "symbol": "AZO",
    "eps": 14.93,
    "epsEstimated": 12.84,
    "time": "bmo",
    "revenue": 2910818000,
    "revenueEstimated": 2731540000,
    "updatedFromDate": "2025-04-22",
    "fiscalDateEnding": "2021-02-13"
  },
  {
    "date": "2020-12-08",
    "symbol": "AZO",
    "eps": 18.61,
    "epsEstimated": 17.85,
    "time": "bmo",
    "revenue": 3154261000,
    "revenueEstimated": 3019961932,
    "updatedFromDate": "2025-04-22",
    "fiscalDateEnding": "2020-11-21"
  },
  {
    "date": "2020-09-22",
    "symbol": "AZO",
    "eps": 30.93,
    "epsEstimated": 25.01,
    "time": "bmo",
    "revenue": 4545968000,
    "revenueEstimated": 3675870018,
    "updatedFromDate": "2025-04-22",
    "fiscalDateEnding": "2020-08-29"
  },
  {
    "date": "2020-05-26",
    "symbol": "AZO",
    "eps": 14.39,
    "epsEstimated": 13.8,
    "time": "bmo",
    "revenue": 2779299000,
    "revenueEstimated": 2665345809,
    "updatedFromDate": "2025-04-22",
    "fiscalDateEnding": "2020-05-09"
  },
  {
    "date": "2020-03-03",
    "symbol": "AZO",
    "eps": 12.39,
    "epsEstimated": 11.75,
    "time": "bmo",
    "revenue": 2513663000,
    "revenueEstimated": 2383820843,
    "updatedFromDate": "2025-04-22",
    "fiscalDateEnding": "2020-02-15"
  },
  {
    "date": "2019-12-10",
    "symbol": "AZO",
    "eps": 14.3,
    "epsEstimated": 13.74,
    "time": "bmo",
    "revenue": 2793038000,
    "revenueEstimated": 2683660288,
    "updatedFromDate": "2025-04-22",
    "fiscalDateEnding": "2019-11-23"
  },
  {
    "date": "2019-09-24",
    "symbol": "AZO",
    "eps": 22.59,
    "epsEstimated": 21.8,
    "time": "bmo",
    "revenue": 3749818000,
    "revenueEstimated": 3848955502,
    "updatedFromDate": "2025-04-22",
    "fiscalDateEnding": "2019-08-31"
  },
  {
    "date": "2019-05-21",
    "symbol": "AZO",
    "eps": 15.99,
    "epsEstimated": 15.14,
    "time": "bmo",
    "revenue": 2783006000,
    "revenueEstimated": 2635066343,
    "updatedFromDate": "2025-04-22",
    "fiscalDateEnding": "2019-05-04"
  },
  {
    "date": "2019-02-26",
    "symbol": "AZO",
    "eps": 11.49,
    "epsEstimated": 9.96,
    "time": "bmo",
    "revenue": 2450568000,
    "revenueEstimated": 2124252156,
    "updatedFromDate": "2025-04-22",
    "fiscalDateEnding": "2019-02-09"
  },
  {
    "date": "2018-12-04",
    "symbol": "AZO",
    "eps": 13.04,
    "epsEstimated": 12.21,
    "time": "bmo",
    "revenue": 2641733000,
    "revenueEstimated": 2394622118,
    "updatedFromDate": "2025-04-22",
    "fiscalDateEnding": "2018-11-17"
  },
  {
    "date": "2018-09-18",
    "symbol": "AZO",
    "eps": 18.54,
    "epsEstimated": 17.92,
    "time": "bmo",
    "revenue": 3558769000,
    "revenueEstimated": 3439789428,
    "updatedFromDate": "2025-04-22",
    "fiscalDateEnding": "2018-08-25"
  },
  {
    "date": "2018-05-22",
    "symbol": "AZO",
    "eps": 13.42,
    "epsEstimated": 12.94,
    "time": "bmo",
    "revenue": 2660152000,
    "revenueEstimated": 2565051266,
    "updatedFromDate": "2025-04-22",
    "fiscalDateEnding": "2018-05-05"
  },
  {
    "date": "2018-02-27",
    "symbol": "AZO",
    "eps": 8.47,
    "epsEstimated": 8.93,
    "time": "bmo",
    "revenue": 2413026000,
    "revenueEstimated": 2544048406,
    "updatedFromDate": "2025-04-22",
    "fiscalDateEnding": "2018-02-10"
  },
  {
    "date": "2017-12-05",
    "symbol": "AZO",
    "eps": 10,
    "epsEstimated": 9.81,
    "time": "bmo",
    "revenue": 2589131000,
    "revenueEstimated": 2539907100,
    "updatedFromDate": "2025-04-22",
    "fiscalDateEnding": "2017-11-18"
  },
  {
    "date": "2017-09-19",
    "symbol": "AZO",
    "eps": 15.27,
    "epsEstimated": 15.11,
    "time": "bmo",
    "revenue": 3512605000,
    "revenueEstimated": 3475794760,
    "updatedFromDate": "2025-04-22",
    "fiscalDateEnding": "2017-08-26"
  },
  {
    "date": "2017-05-23",
    "symbol": "AZO",
    "eps": 11.44,
    "epsEstimated": 12,
    "time": "bmo",
    "revenue": 2619007000,
    "revenueEstimated": 2747202797,
    "updatedFromDate": "2025-04-22",
    "fiscalDateEnding": "2017-05-06"
  },
  {
    "date": "2017-02-28",
    "symbol": "AZO",
    "eps": 8.08,
    "epsEstimated": 8.19,
    "time": "bmo",
    "revenue": 2289219000,
    "revenueEstimated": 2323198019,
    "updatedFromDate": "2025-04-22",
    "fiscalDateEnding": "2017-02-11"
  },
  {
    "date": "2016-12-06",
    "symbol": "AZO",
    "eps": 9.36,
    "epsEstimated": 9.31,
    "time": "bmo",
    "revenue": 2467845000,
    "revenueEstimated": 2454617307,
    "updatedFromDate": "2025-04-22",
    "fiscalDateEnding": "2016-11-19"
  },
  {
    "date": "2016-09-22",
    "symbol": "AZO",
    "eps": 14.3,
    "epsEstimated": 14.25,
    "time": "bmo",
    "revenue": 3398769000,
    "revenueEstimated": 3386916083,
    "updatedFromDate": "2025-04-22",
    "fiscalDateEnding": "2016-08-27"
  }
]