[
  {
    "date": "2026-04-21",
    "symbol": "BA",
    "eps": null,
    "epsEstimated": null,
    "time": "bmo",
    "revenue": null,
    "revenueEstimated": null,
    "updatedFromDate": "2025-10-02",
    "fiscalDateEnding": "2026-03-30"
  },
  {
    "date": "2026-01-26",
    "symbol": "BA",
    "eps": null,
    "epsEstimated": null,
    "time": "bmo",
    "revenue": null,
    "revenueEstimated": null,
    "updatedFromDate": "2025-10-02",
    "fiscalDateEnding": "2025-12-30"
  },
  {
    "date": "2025-10-22",
    "symbol": "BA",
    "eps": null,
    "epsEstimated": -0.51,
    "time": "bmo",
    "revenue": null,
    "revenueEstimated": 21677122620,
    "updatedFromDate": "2025-10-02",
    "fiscalDateEnding": "2025-09-30"
  },
  {
    "date": "2025-07-29",
    "symbol": "BA",
    "eps": -1.24,
    "epsEstimated": -1.4,
    "time": "bmo",
    "revenue": 22749000000,
    "revenueEstimated": 22154858022,
    "updatedFromDate": "2025-10-02",
    "fiscalDateEnding": "2025-06-30"
  },
  {
    "date": "2025-04-23",
    "symbol": "BA",
    "eps": -0.49,
    "epsEstimated": -1.17,
    "time": "bmo",
    "revenue": 19496000000,
    "revenueEstimated": 19359267349,
    "updatedFromDate": "2025-07-21",
    "fiscalDateEnding": "2025-03-31"
  },
  {
    "date": "2025-01-28",
    "symbol": "BA",
    "eps": -5.9,
    "epsEstimated": -1.6,
    "time": "bmo",
    "revenue": 15242000000,
    "revenueEstimated": 15719883177,
    "updatedFromDate": "2025-04-28",
    "fiscalDateEnding": "2024-12-31"
  },
  {
    "date": "2024-10-23",
    "symbol": "BA",
    "eps": -10.44,
    "epsEstimated": -10.35,
    "time": "bmo",
    "revenue": 17840000000,
    "revenueEstimated": 17814673173,
    "updatedFromDate": "2025-04-25",
    "fiscalDateEnding": "2024-09-30"
  },
  {
    "date": "2024-07-31",
    "symbol": "BA",
    "eps": -2.9,
    "epsEstimated": -1.95,
    "time": "bmo",
    "revenue": 16866000000,
    "revenueEstimated": 17337207775,
    "updatedFromDate": "2025-04-25",
    "fiscalDateEnding": "2024-06-30"
  },
  {
    "date": "2024-04-24",
    "symbol": "BA",
    "eps": -1.13,
    "epsEstimated": -1.63,
    "time": "bmo",
    "revenue": 16569000000,
    "revenueEstimated": 16236835245,
    "updatedFromDate": "2025-04-25",
    "fiscalDateEnding": "2024-03-31"
  },
  {
    "date": "2024-01-31",
    "symbol": "BA",
    "eps": -0.47,
    "epsEstimated": -0.72,
    "time": "bmo",
    "revenue": 22018000000,
    "revenueEstimated": 21117400000,
    "updatedFromDate": "2025-04-25",
    "fiscalDateEnding": "2023-12-31"
  },
  {
    "date": "2023-10-25",
    "symbol": "BA",
    "eps": -3.26,
    "epsEstimated": -3.21,
    "time": "bmo",
    "revenue": 18104000000,
    "revenueEstimated": 17032500000,
    "updatedFromDate": "2025-04-25",
    "fiscalDateEnding": "2023-09-30"
  },
  {
    "date": "2023-07-26",
    "symbol": "BA",
    "eps": -0.82,
    "epsEstimated": -0.99,
    "time": "bmo",
    "revenue": 19751000000,
    "revenueEstimated": 16579900000,
    "updatedFromDate": "2025-04-25",
    "fiscalDateEnding": "2023-06-30"
  },
  {
    "date": "2023-04-26",
    "symbol": "BA",
    "eps": -1.27,
    "epsEstimated": -0.98,
    "time": "bmo",
    "revenue": 17921000000,
    "revenueEstimated": 17566700000,
    "updatedFromDate": "2025-04-25",
    "fiscalDateEnding": "2023-03-31"
  },
  {
    "date": "2023-01-25",
    "symbol": "BA",
    "eps": -1.75,
    "epsEstimated": 0.05,
    "time": "bmo",
    "revenue": 19980000000,
    "revenueEstimated": 20317390516,
    "updatedFromDate": "2025-04-25",
    "fiscalDateEnding": "2022-12-31"
  },
  {
    "date": "2022-10-26",
    "symbol": "BA",
    "eps": -6.18,
    "epsEstimated": -0.06898,
    "time": "bmo",
    "revenue": 15956000000,
    "revenueEstimated": 17911226891,
    "updatedFromDate": "2025-04-25",
    "fiscalDateEnding": "2022-09-30"
  },
  {
    "date": "2022-07-27",
    "symbol": "BA",
    "eps": -0.37,
    "epsEstimated": -0.08,
    "time": "bmo",
    "revenue": 16681000000,
    "revenueEstimated": 17573932459,
    "updatedFromDate": "2025-04-25",
    "fiscalDateEnding": "2022-06-30"
  },
  {
    "date": "2022-04-27",
    "symbol": "BA",
    "eps": -2.75,
    "epsEstimated": -0.26,
    "time": "bmo",
    "revenue": 13991000000,
    "revenueEstimated": 16020670274,
    "updatedFromDate": "2025-04-25",
    "fiscalDateEnding": "2022-03-31"
  },
  {
    "date": "2022-01-26",
    "symbol": "BA",
    "eps": -7.69,
    "epsEstimated": -0.09,
    "time": "bmo",
    "revenue": 14793000000,
    "revenueEstimated": 16541972677,
    "updatedFromDate": "2025-04-25",
    "fiscalDateEnding": "2021-12-31"
  },
  {
    "date": "2021-10-27",
    "symbol": "BA",
    "eps": -0.6,
    "epsEstimated": -0.17,
    "time": "bmo",
    "revenue": 15278000000,
    "revenueEstimated": 18594100000,
    "updatedFromDate": "2025-04-25",
    "fiscalDateEnding": "2021-09-30"
  },
  {
    "date": "2021-07-28",
    "symbol": "BA",
    "eps": 0.4,
    "epsEstimated": -0.65,
    "time": "bmo",
    "revenue": 16998000000,
    "revenueEstimated": 19491600000,
    "updatedFromDate": "2025-04-25",
    "fiscalDateEnding": "2021-06-30"
  },
  {
    "date": "2021-04-28",
    "symbol": "BA",
    "eps": -1.53,
    "epsEstimated": -1.17,
    "time": "bmo",
    "revenue": 15217000000,
    "revenueEstimated": 15989100000,
    "updatedFromDate": "2025-04-25",
    "fiscalDateEnding": "2021-03-31"
  },
  {
    "date": "2021-01-27",
    "symbol": "BA",
    "eps": -15.25,
    "epsEstimated": -1.78,
    "time": "bmo",
    "revenue": 15304000000,
    "revenueEstimated": 12415369999,
    "updatedFromDate": "2025-04-25",
    "fiscalDateEnding": "2020-12-31"
  },
  {
    "date": "2020-10-28",
    "symbol": "BA",
    "eps": -1.39,
    "epsEstimated": -2.33,
    "time": "bmo",
    "revenue": 14139000000,
    "revenueEstimated": 25633294964,
    "updatedFromDate": "2025-04-25",
    "fiscalDateEnding": "2020-09-30"
  },
  {
    "date": "2020-07-29",
    "symbol": "BA",
    "eps": -4.79,
    "epsEstimated": -2.93,
    "time": "bmo",
    "revenue": 11807000000,
    "revenueEstimated": 11260374243,
    "updatedFromDate": "2025-04-25",
    "fiscalDateEnding": "2020-06-30"
  },
  {
    "date": "2020-04-29",
    "symbol": "BA",
    "eps": -1.7,
    "epsEstimated": -2.04,
    "time": "bmo",
    "revenue": 16908000000,
    "revenueEstimated": 16012870588,
    "updatedFromDate": "2025-04-25",
    "fiscalDateEnding": "2020-03-31"
  },
  {
    "date": "2020-01-29",
    "symbol": "BA",
    "eps": -2.33,
    "epsEstimated": 1.73,
    "time": "bmo",
    "revenue": 17911000000,
    "revenueEstimated": 12971330472,
    "updatedFromDate": "2025-04-25",
    "fiscalDateEnding": "2019-12-31"
  },
  {
    "date": "2019-10-23",
    "symbol": "BA",
    "eps": 1.45,
    "epsEstimated": 2.09,
    "time": "bmo",
    "revenue": 19980000000,
    "revenueEstimated": 28798758620,
    "updatedFromDate": "2025-04-25",
    "fiscalDateEnding": "2019-09-30"
  },
  {
    "date": "2019-07-24",
    "symbol": "BA",
    "eps": 2.92,
    "epsEstimated": 1.85,
    "time": "bmo",
    "revenue": 15751000000,
    "revenueEstimated": 24554139175,
    "updatedFromDate": "2025-04-25",
    "fiscalDateEnding": "2019-06-30"
  },
  {
    "date": "2019-04-24",
    "symbol": "BA",
    "eps": 3.16,
    "epsEstimated": 3.16,
    "time": "bmo",
    "revenue": 22917000000,
    "revenueEstimated": 22917000000,
    "updatedFromDate": "2025-04-25",
    "fiscalDateEnding": "2019-03-31"
  },
  {
    "date": "2019-01-30",
    "symbol": "BA",
    "eps": 5.48,
    "epsEstimated": 4.57,
    "time": "bmo",
    "revenue": 28341000000,
    "revenueEstimated": 23686456204,
    "updatedFromDate": "2025-04-25",
    "fiscalDateEnding": "2018-12-31"
  },
  {
    "date": "2018-10-24",
    "symbol": "BA",
    "eps": 3.58,
    "epsEstimated": 3.47,
    "time": "bmo",
    "revenue": 25146000000,
    "revenueEstimated": 24373357541,
    "updatedFromDate": "2025-04-25",
    "fiscalDateEnding": "2018-09-30"
  },
  {
    "date": "2018-07-25",
    "symbol": "BA",
    "eps": 3.33,
    "epsEstimated": 3.26,
    "time": "bmo",
    "revenue": 24258000000,
    "revenueEstimated": 23748072072,
    "updatedFromDate": "2025-04-25",
    "fiscalDateEnding": "2018-06-30"
  },
  {
    "date": "2018-04-25",
    "symbol": "BA",
    "eps": 3.64,
    "epsEstimated": 2.58,
    "time": "bmo",
    "revenue": 23382000000,
    "revenueEstimated": 16572956043,
    "updatedFromDate": "2025-04-25",
    "fiscalDateEnding": "2018-03-31"
  },
  {
    "date": "2018-01-31",
    "symbol": "BA",
    "eps": 4.8,
    "epsEstimated": 2.91,
    "time": "bmo",
    "revenue": 25368000000,
    "revenueEstimated": 23393888888,
    "updatedFromDate": "2025-04-25",
    "fiscalDateEnding": "2017-12-31"
  },
  {
    "date": "2017-10-25",
    "symbol": "BA",
    "eps": 2.72,
    "epsEstimated": 2.66,
    "time": "bmo",
    "revenue": 24309000000,
    "revenueEstimated": 23688669117,
    "updatedFromDate": "2025-04-25",
    "fiscalDateEnding": "2017-09-30"
  },
  {
    "date": "2017-07-26",
    "symbol": "BA",
    "eps": 2.55,
    "epsEstimated": 2.3,
    "time": "bmo",
    "revenue": 22739000000,
    "revenueEstimated": 20791098039,
    "updatedFromDate": "2025-04-25",
    "fiscalDateEnding": "2017-06-30"
  },
  {
    "date": "2017-04-26",
    "symbol": "BA",
    "eps": 2.01,
    "epsEstimated": 1.94,
    "time": "bmo",
    "revenue": 20976000000,
    "revenueEstimated": 21196189054,
    "updatedFromDate": "2025-04-25",
    "fiscalDateEnding": "2017-03-31"
  },
  {
    "date": "2017-01-25",
    "symbol": "BA",
    "eps": 2.47,
    "epsEstimated": 2.35,
    "time": "bmo",
    "revenue": 23286000000,
    "revenueEstimated": 21131923076,
    "updatedFromDate": "2025-04-25",
    "fiscalDateEnding": "2016-12-31"
  },
  {
    "date": "2016-10-26",
    "symbol": "BA",
    "eps": 3.51,
    "epsEstimated": 2.62,
    "time": "bmo",
    "revenue": 23898000000,
    "revenueEstimated": 17838393162,
    "updatedFromDate": "2025-04-25",
    "fiscalDateEnding": "2016-09-30"
  },
  {
    "date": "2016-07-27",
    "symbol": "BA",
    "eps": -0.44,
    "epsEstimated": -0.88,
    "time": "bmo",
    "revenue": 24755000000,
    "revenueEstimated": 51760454545,
    "updatedFromDate": "2025-04-25",
    "fiscalDateEnding": "2016-06-30"
  }
]