[
  {
    "date": "2026-05-04",
    "symbol": "BALL",
    "eps": null,
    "epsEstimated": null,
    "time": "bmo",
    "revenue": null,
    "revenueEstimated": null,
    "updatedFromDate": "2025-10-02",
    "fiscalDateEnding": "2026-03-30"
  },
  {
    "date": "2026-02-02",
    "symbol": "BALL",
    "eps": null,
    "epsEstimated": null,
    "time": "bmo",
    "revenue": null,
    "revenueEstimated": null,
    "updatedFromDate": "2025-10-02",
    "fiscalDateEnding": "2025-12-30"
  },
  {
    "date": "2025-10-30",
    "symbol": "BALL",
    "eps": null,
    "epsEstimated": 1.03,
    "time": "bmo",
    "revenue": null,
    "revenueEstimated": 3321341080,
    "updatedFromDate": "2025-10-02",
    "fiscalDateEnding": "2025-09-30"
  },
  {
    "date": "2025-08-05",
    "symbol": "BALL",
    "eps": 0.9,
    "epsEstimated": 0.87,
    "time": "bmo",
    "revenue": 3338000000,
    "revenueEstimated": 3206200000,
    "updatedFromDate": "2025-10-02",
    "fiscalDateEnding": "2025-06-30"
  },
  {
    "date": "2025-05-06",
    "symbol": "BALL",
    "eps": 0.76,
    "epsEstimated": 0.698,
    "time": "bmo",
    "revenue": 3097000000,
    "revenueEstimated": 2895594223,
    "updatedFromDate": "2025-08-05",
    "fiscalDateEnding": "2025-03-31"
  },
  {
    "date": "2025-02-04",
    "symbol": "BALL",
    "eps": 0.84,
    "epsEstimated": 0.81,
    "time": "bmo",
    "revenue": 2880000000,
    "revenueEstimated": 2969000000,
    "updatedFromDate": "2025-05-03",
    "fiscalDateEnding": "2024-12-31"
  },
  {
    "date": "2024-10-31",
    "symbol": "BALL",
    "eps": 0.91,
    "epsEstimated": 0.857,
    "time": "bmo",
    "revenue": 3082000000,
    "revenueEstimated": 3132102184,
    "updatedFromDate": "2025-04-25",
    "fiscalDateEnding": "2024-09-30"
  },
  {
    "date": "2024-08-01",
    "symbol": "BALL",
    "eps": 0.74,
    "epsEstimated": 0.698,
    "time": "bmo",
    "revenue": 2978000000,
    "revenueEstimated": 3097973873,
    "updatedFromDate": "2025-04-25",
    "fiscalDateEnding": "2024-06-30"
  },
  {
    "date": "2024-04-26",
    "symbol": "BALL",
    "eps": 0.68,
    "epsEstimated": 0.55,
    "time": "bmo",
    "revenue": 2861000000,
    "revenueEstimated": 3226845509,
    "updatedFromDate": "2025-04-25",
    "fiscalDateEnding": "2024-03-31"
  },
  {
    "date": "2024-02-01",
    "symbol": "BALL",
    "eps": 0.78,
    "epsEstimated": 0.77,
    "time": "bmo",
    "revenue": 3403000000,
    "revenueEstimated": 3575740000,
    "updatedFromDate": "2025-04-25",
    "fiscalDateEnding": "2023-12-31"
  },
  {
    "date": "2023-11-02",
    "symbol": "BALL",
    "eps": 0.83,
    "epsEstimated": 0.81,
    "time": "bmo",
    "revenue": 3571000000,
    "revenueEstimated": 3813860000,
    "updatedFromDate": "2025-04-25",
    "fiscalDateEnding": "2023-09-30"
  },
  {
    "date": "2023-08-03",
    "symbol": "BALL",
    "eps": 0.61,
    "epsEstimated": 0.62,
    "time": "bmo",
    "revenue": 3566000000,
    "revenueEstimated": 3829790000,
    "updatedFromDate": "2025-04-25",
    "fiscalDateEnding": "2023-06-30"
  },
  {
    "date": "2023-05-04",
    "symbol": "BALL",
    "eps": 0.69,
    "epsEstimated": 0.5,
    "time": "bmo",
    "revenue": 2981000000,
    "revenueEstimated": 3548360000,
    "updatedFromDate": "2025-04-25",
    "fiscalDateEnding": "2023-03-31"
  },
  {
    "date": "2023-02-02",
    "symbol": "BALL",
    "eps": 0.44,
    "epsEstimated": 0.54,
    "time": "bmo",
    "revenue": 3548000000,
    "revenueEstimated": 3672034318,
    "updatedFromDate": "2025-04-25",
    "fiscalDateEnding": "2022-12-31"
  },
  {
    "date": "2022-11-03",
    "symbol": "BALL",
    "eps": 0.75,
    "epsEstimated": 0.76,
    "time": "bmo",
    "revenue": 3951000000,
    "revenueEstimated": 3912298160,
    "updatedFromDate": "2025-04-25",
    "fiscalDateEnding": "2022-09-30"
  },
  {
    "date": "2022-08-04",
    "symbol": "BALL",
    "eps": 0.82,
    "epsEstimated": 0.9,
    "time": "bmo",
    "revenue": 4134000000,
    "revenueEstimated": 3842367941,
    "updatedFromDate": "2025-04-25",
    "fiscalDateEnding": "2022-06-30"
  },
  {
    "date": "2022-05-05",
    "symbol": "BALL",
    "eps": 0.77,
    "epsEstimated": 0.83,
    "time": "bmo",
    "revenue": 3716000000,
    "revenueEstimated": 3501415147,
    "updatedFromDate": "2025-04-25",
    "fiscalDateEnding": "2022-03-31"
  },
  {
    "date": "2022-01-27",
    "symbol": "BALL",
    "eps": 0.97,
    "epsEstimated": 0.9,
    "time": "bmo",
    "revenue": 3674000000,
    "revenueEstimated": 3529788441,
    "updatedFromDate": "2025-04-25",
    "fiscalDateEnding": "2021-12-31"
  },
  {
    "date": "2021-11-04",
    "symbol": "BALL",
    "eps": 0.94,
    "epsEstimated": 0.99,
    "time": "bmo",
    "revenue": 3553000000,
    "revenueEstimated": null,
    "updatedFromDate": "2025-04-25",
    "fiscalDateEnding": "2021-09-30"
  },
  {
    "date": "2021-08-05",
    "symbol": "BALL",
    "eps": 0.86,
    "epsEstimated": 0.83,
    "time": "bmo",
    "revenue": 3459000000,
    "revenueEstimated": null,
    "updatedFromDate": "2025-04-25",
    "fiscalDateEnding": "2021-06-30"
  },
  {
    "date": "2021-05-06",
    "symbol": "BALL",
    "eps": 0.72,
    "epsEstimated": 0.67,
    "time": "bmo",
    "revenue": 3125000000,
    "revenueEstimated": null,
    "updatedFromDate": "2025-04-25",
    "fiscalDateEnding": "2021-03-31"
  },
  {
    "date": "2021-02-04",
    "symbol": "BALL",
    "eps": 0.81,
    "epsEstimated": 0.79,
    "time": "bmo",
    "revenue": 3102000000,
    "revenueEstimated": null,
    "updatedFromDate": "2025-04-25",
    "fiscalDateEnding": "2020-12-31"
  },
  {
    "date": "2020-11-05",
    "symbol": "BALL",
    "eps": 0.89,
    "epsEstimated": 0.77,
    "time": "bmo",
    "revenue": 3093000000,
    "revenueEstimated": null,
    "updatedFromDate": "2025-04-25",
    "fiscalDateEnding": "2020-09-30"
  },
  {
    "date": "2020-08-06",
    "symbol": "BALL",
    "eps": 0.65,
    "epsEstimated": 0.56,
    "time": "bmo",
    "revenue": 2801000000,
    "revenueEstimated": null,
    "updatedFromDate": "2025-04-25",
    "fiscalDateEnding": "2020-06-30"
  },
  {
    "date": "2020-05-07",
    "symbol": "BALL",
    "eps": 0.61,
    "epsEstimated": 0.6,
    "time": "bmo",
    "revenue": 2785000000,
    "revenueEstimated": null,
    "updatedFromDate": "2025-04-25",
    "fiscalDateEnding": "2020-03-31"
  },
  {
    "date": "2020-02-06",
    "symbol": "BALL",
    "eps": 0.71,
    "epsEstimated": 0.67,
    "time": "bmo",
    "revenue": 2719000000,
    "revenueEstimated": null,
    "updatedFromDate": "2025-04-25",
    "fiscalDateEnding": "2019-12-31"
  },
  {
    "date": "2019-10-31",
    "symbol": "BALL",
    "eps": 0.7,
    "epsEstimated": 0.72,
    "time": "bmo",
    "revenue": 2953000000,
    "revenueEstimated": null,
    "updatedFromDate": "2025-04-25",
    "fiscalDateEnding": "2019-09-30"
  },
  {
    "date": "2019-08-01",
    "symbol": "BALL",
    "eps": 0.64,
    "epsEstimated": 0.64,
    "time": "bmo",
    "revenue": 3017000000,
    "revenueEstimated": null,
    "updatedFromDate": "2025-04-25",
    "fiscalDateEnding": "2019-06-30"
  },
  {
    "date": "2019-05-02",
    "symbol": "BALL",
    "eps": 0.49,
    "epsEstimated": 0.51,
    "time": "bmo",
    "revenue": 2785000000,
    "revenueEstimated": null,
    "updatedFromDate": "2025-04-25",
    "fiscalDateEnding": "2019-03-31"
  },
  {
    "date": "2019-01-31",
    "symbol": "BALL",
    "eps": 0.55,
    "epsEstimated": 0.56,
    "time": "bmo",
    "revenue": 2803000000,
    "revenueEstimated": null,
    "updatedFromDate": "2025-04-25",
    "fiscalDateEnding": "2018-12-31"
  },
  {
    "date": "2018-11-01",
    "symbol": "BALL",
    "eps": 0.56,
    "epsEstimated": 0.59,
    "time": "bmo",
    "revenue": 2946000000,
    "revenueEstimated": null,
    "updatedFromDate": "2025-04-25",
    "fiscalDateEnding": "2018-09-30"
  },
  {
    "date": "2018-08-02",
    "symbol": "BALL",
    "eps": 0.58,
    "epsEstimated": 0.59,
    "time": "bmo",
    "revenue": 3101000000,
    "revenueEstimated": null,
    "updatedFromDate": "2025-04-25",
    "fiscalDateEnding": "2018-06-30"
  },
  {
    "date": "2018-05-03",
    "symbol": "BALL",
    "eps": 0.5,
    "epsEstimated": 0.45,
    "time": "bmo",
    "revenue": 2785000000,
    "revenueEstimated": null,
    "updatedFromDate": "2025-04-25",
    "fiscalDateEnding": "2018-03-31"
  },
  {
    "date": "2018-02-07",
    "symbol": "BALL",
    "eps": 0.6,
    "epsEstimated": 0.52,
    "time": "bmo",
    "revenue": 2747000000,
    "revenueEstimated": null,
    "updatedFromDate": "2025-04-25",
    "fiscalDateEnding": "2017-12-31"
  },
  {
    "date": "2017-11-02",
    "symbol": "BALL",
    "eps": 0.52,
    "epsEstimated": 0.59,
    "time": "bmo",
    "revenue": 2908000000,
    "revenueEstimated": null,
    "updatedFromDate": "2025-04-25",
    "fiscalDateEnding": "2017-09-30"
  },
  {
    "date": "2017-08-03",
    "symbol": "BALL",
    "eps": 0.53,
    "epsEstimated": 0.55,
    "time": "bmo",
    "revenue": 2855000000,
    "revenueEstimated": null,
    "updatedFromDate": "2025-04-25",
    "fiscalDateEnding": "2017-06-30"
  },
  {
    "date": "2017-05-04",
    "symbol": "BALL",
    "eps": 0.38,
    "epsEstimated": 0.35,
    "time": "bmo",
    "revenue": 2473000000,
    "revenueEstimated": null,
    "updatedFromDate": "2025-04-25",
    "fiscalDateEnding": "2017-03-31"
  },
  {
    "date": "2017-02-02",
    "symbol": "BALL",
    "eps": 0.44,
    "epsEstimated": 0.42,
    "time": "bmo",
    "revenue": 2516000000,
    "revenueEstimated": null,
    "updatedFromDate": "2025-04-25",
    "fiscalDateEnding": "2016-12-31"
  },
  {
    "date": "2016-11-03",
    "symbol": "BALL",
    "eps": 0.48,
    "epsEstimated": 0.47,
    "time": "bmo",
    "revenue": 2815000000,
    "revenueEstimated": null,
    "updatedFromDate": "2025-04-25",
    "fiscalDateEnding": "2016-09-30"
  },
  {
    "date": "2016-08-04",
    "symbol": "BALL",
    "eps": 0.53,
    "epsEstimated": 0.5,
    "time": "bmo",
    "revenue": 2030000000,
    "revenueEstimated": null,
    "updatedFromDate": "2025-04-25",
    "fiscalDateEnding": "2016-06-30"
  }
]