[
  {
    "date": "2026-04-29",
    "symbol": "BAX",
    "eps": null,
    "epsEstimated": null,
    "time": "bmo",
    "revenue": null,
    "revenueEstimated": null,
    "updatedFromDate": "2025-10-02",
    "fiscalDateEnding": "2026-03-30"
  },
  {
    "date": "2026-02-18",
    "symbol": "BAX",
    "eps": null,
    "epsEstimated": null,
    "time": "bmo",
    "revenue": null,
    "revenueEstimated": null,
    "updatedFromDate": "2025-10-02",
    "fiscalDateEnding": "2025-12-30"
  },
  {
    "date": "2025-11-14",
    "symbol": "BAX",
    "eps": null,
    "epsEstimated": 0.6,
    "time": "bmo",
    "revenue": null,
    "revenueEstimated": null,
    "updatedFromDate": "2025-10-02",
    "fiscalDateEnding": "2025-09-30"
  },
  {
    "date": "2025-07-31",
    "symbol": "BAX",
    "eps": 0.59,
    "epsEstimated": 0.6,
    "time": "bmo",
    "revenue": 2810000000,
    "revenueEstimated": 2875856660,
    "updatedFromDate": "2025-10-02",
    "fiscalDateEnding": "2025-06-30"
  },
  {
    "date": "2025-05-01",
    "symbol": "BAX",
    "eps": 0.55,
    "epsEstimated": 0.4835,
    "time": "bmo",
    "revenue": 2625000000,
    "revenueEstimated": 2587519850,
    "updatedFromDate": "2025-08-01",
    "fiscalDateEnding": "2025-03-31"
  },
  {
    "date": "2025-02-20",
    "symbol": "BAX",
    "eps": 0.58,
    "epsEstimated": 0.528,
    "time": "bmo",
    "revenue": 10636000000,
    "revenueEstimated": 2673492084,
    "updatedFromDate": "2025-05-20",
    "fiscalDateEnding": "2024-12-31"
  },
  {
    "date": "2024-11-08",
    "symbol": "BAX",
    "eps": 0.8,
    "epsEstimated": 0.78,
    "time": "bmo",
    "revenue": 2699000000,
    "revenueEstimated": 3846850000,
    "updatedFromDate": "2024-11-11",
    "fiscalDateEnding": "2024-09-30"
  },
  {
    "date": "2024-08-06",
    "symbol": "BAX",
    "eps": 0.68,
    "epsEstimated": 0.662,
    "time": "bmo",
    "revenue": 3812000000,
    "revenueEstimated": 3754819508,
    "updatedFromDate": "2025-04-25",
    "fiscalDateEnding": "2024-06-30"
  },
  {
    "date": "2024-05-02",
    "symbol": "BAX",
    "eps": 0.65,
    "epsEstimated": 0.607,
    "time": "bmo",
    "revenue": 3592000000,
    "revenueEstimated": 3553666013,
    "updatedFromDate": "2025-04-25",
    "fiscalDateEnding": "2024-03-31"
  },
  {
    "date": "2024-02-08",
    "symbol": "BAX",
    "eps": 0.88,
    "epsEstimated": 0.86,
    "time": "bmo",
    "revenue": 3885000000,
    "revenueEstimated": 3797850000,
    "updatedFromDate": "2025-04-25",
    "fiscalDateEnding": "2023-12-31"
  },
  {
    "date": "2023-11-02",
    "symbol": "BAX",
    "eps": 0.68,
    "epsEstimated": 0.66,
    "time": "bmo",
    "revenue": 3708000000,
    "revenueEstimated": 3693930000,
    "updatedFromDate": "2025-04-25",
    "fiscalDateEnding": "2023-09-30"
  },
  {
    "date": "2023-07-27",
    "symbol": "BAX",
    "eps": 0.55,
    "epsEstimated": 0.59,
    "time": "bmo",
    "revenue": 3707000000,
    "revenueEstimated": 3800350000,
    "updatedFromDate": "2025-04-25",
    "fiscalDateEnding": "2023-06-30"
  },
  {
    "date": "2023-04-27",
    "symbol": "BAX",
    "eps": 0.59,
    "epsEstimated": 0.48,
    "time": "bmo",
    "revenue": 3649000000,
    "revenueEstimated": 3600950000,
    "updatedFromDate": "2025-04-25",
    "fiscalDateEnding": "2023-03-31"
  },
  {
    "date": "2023-02-09",
    "symbol": "BAX",
    "eps": 0.88,
    "epsEstimated": 0.94,
    "time": "bmo",
    "revenue": 3887000000,
    "revenueEstimated": 3767030863,
    "updatedFromDate": "2025-04-25",
    "fiscalDateEnding": "2022-12-31"
  },
  {
    "date": "2022-10-27",
    "symbol": "BAX",
    "eps": 0.82,
    "epsEstimated": 0.82,
    "time": "bmo",
    "revenue": 3773000000,
    "revenueEstimated": 3765792213,
    "updatedFromDate": "2025-04-25",
    "fiscalDateEnding": "2022-09-30"
  },
  {
    "date": "2022-07-28",
    "symbol": "BAX",
    "eps": 0.87,
    "epsEstimated": 0.88,
    "time": "bmo",
    "revenue": 3746000000,
    "revenueEstimated": 3878178957,
    "updatedFromDate": "2025-04-25",
    "fiscalDateEnding": "2022-06-30"
  },
  {
    "date": "2022-04-28",
    "symbol": "BAX",
    "eps": 0.93,
    "epsEstimated": 0.8,
    "time": "bmo",
    "revenue": 3707000000,
    "revenueEstimated": 3678066299,
    "updatedFromDate": "2025-04-25",
    "fiscalDateEnding": "2022-03-31"
  },
  {
    "date": "2022-02-17",
    "symbol": "BAX",
    "eps": 1.04,
    "epsEstimated": 1.03,
    "time": "bmo",
    "revenue": 3514000000,
    "revenueEstimated": 3299562599,
    "updatedFromDate": "2025-04-25",
    "fiscalDateEnding": "2021-12-31"
  },
  {
    "date": "2021-10-28",
    "symbol": "BAX",
    "eps": 1.02,
    "epsEstimated": 0.94,
    "time": "bmo",
    "revenue": 3226000000,
    "revenueEstimated": 3228590000,
    "updatedFromDate": "2025-04-25",
    "fiscalDateEnding": "2021-09-30"
  },
  {
    "date": "2021-07-29",
    "symbol": "BAX",
    "eps": 0.8,
    "epsEstimated": 0.74,
    "time": "bmo",
    "revenue": 3098000000,
    "revenueEstimated": 3109910000,
    "updatedFromDate": "2025-04-25",
    "fiscalDateEnding": "2021-06-30"
  },
  {
    "date": "2021-04-29",
    "symbol": "BAX",
    "eps": 0.76,
    "epsEstimated": 0.65,
    "time": "bmo",
    "revenue": 2946000000,
    "revenueEstimated": 2891100000,
    "updatedFromDate": "2025-04-25",
    "fiscalDateEnding": "2021-03-31"
  },
  {
    "date": "2021-02-04",
    "symbol": "BAX",
    "eps": 0.8,
    "epsEstimated": 0.76,
    "time": "bmo",
    "revenue": 3181000000,
    "revenueEstimated": 3013578947,
    "updatedFromDate": "2025-04-25",
    "fiscalDateEnding": "2020-12-31"
  },
  {
    "date": "2020-10-29",
    "symbol": "BAX",
    "eps": 0.83,
    "epsEstimated": 0.73,
    "time": "bmo",
    "revenue": 2972000000,
    "revenueEstimated": 2613927710,
    "updatedFromDate": "2025-04-25",
    "fiscalDateEnding": "2020-09-30"
  },
  {
    "date": "2020-07-30",
    "symbol": "BAX",
    "eps": 0.64,
    "epsEstimated": 0.71,
    "time": "bmo",
    "revenue": 2718000000,
    "revenueEstimated": 3015281250,
    "updatedFromDate": "2025-04-25",
    "fiscalDateEnding": "2020-06-30"
  },
  {
    "date": "2020-04-30",
    "symbol": "BAX",
    "eps": 0.82,
    "epsEstimated": 0.72,
    "time": "bmo",
    "revenue": 2802000000,
    "revenueEstimated": 2460292682,
    "updatedFromDate": "2025-04-25",
    "fiscalDateEnding": "2020-03-31"
  },
  {
    "date": "2020-03-17",
    "symbol": "BAX",
    "eps": 0.97,
    "epsEstimated": 0.88,
    "time": "bmo",
    "revenue": 3039000000,
    "revenueEstimated": 2542020618,
    "updatedFromDate": "2025-04-25",
    "fiscalDateEnding": "2019-12-31"
  },
  {
    "date": "2019-10-24",
    "symbol": "BAX",
    "eps": 0.74,
    "epsEstimated": 0.84,
    "time": "bmo",
    "revenue": 2851000000,
    "revenueEstimated": 3190404761,
    "updatedFromDate": "2025-04-25",
    "fiscalDateEnding": "2019-09-30"
  },
  {
    "date": "2019-07-25",
    "symbol": "BAX",
    "eps": 0.89,
    "epsEstimated": 0.81,
    "time": "bmo",
    "revenue": 2840000000,
    "revenueEstimated": 2579258426,
    "updatedFromDate": "2025-04-25",
    "fiscalDateEnding": "2019-06-30"
  },
  {
    "date": "2019-04-25",
    "symbol": "BAX",
    "eps": 0.76,
    "epsEstimated": 0.68,
    "time": "bmo",
    "revenue": 2632000000,
    "revenueEstimated": 2360315789,
    "updatedFromDate": "2025-04-25",
    "fiscalDateEnding": "2019-03-31"
  },
  {
    "date": "2019-01-31",
    "symbol": "BAX",
    "eps": 0.78,
    "epsEstimated": 0.73,
    "time": "bmo",
    "revenue": 2841000000,
    "revenueEstimated": 2651397435,
    "updatedFromDate": "2025-04-25",
    "fiscalDateEnding": "2018-12-31"
  },
  {
    "date": "2018-10-31",
    "symbol": "BAX",
    "eps": 0.8,
    "epsEstimated": 0.74,
    "time": "bmo",
    "revenue": 2767000000,
    "revenueEstimated": 2559475000,
    "updatedFromDate": "2025-04-25",
    "fiscalDateEnding": "2018-09-30"
  },
  {
    "date": "2018-07-26",
    "symbol": "BAX",
    "eps": 0.77,
    "epsEstimated": 0.71,
    "time": "bmo",
    "revenue": 2842000000,
    "revenueEstimated": 2620545454,
    "updatedFromDate": "2025-04-25",
    "fiscalDateEnding": "2018-06-30"
  },
  {
    "date": "2018-04-26",
    "symbol": "BAX",
    "eps": 0.7,
    "epsEstimated": 0.62,
    "time": "bmo",
    "revenue": 2677000000,
    "revenueEstimated": 2371057142,
    "updatedFromDate": "2025-04-25",
    "fiscalDateEnding": "2018-03-31"
  },
  {
    "date": "2018-02-01",
    "symbol": "BAX",
    "eps": 0.64,
    "epsEstimated": 0.59,
    "time": "bmo",
    "revenue": 2774000000,
    "revenueEstimated": 2557281249,
    "updatedFromDate": "2025-04-25",
    "fiscalDateEnding": "2017-12-31"
  },
  {
    "date": "2017-10-25",
    "symbol": "BAX",
    "eps": 0.64,
    "epsEstimated": 0.59,
    "time": "bmo",
    "revenue": 2707000000,
    "revenueEstimated": 2495515624,
    "updatedFromDate": "2025-04-25",
    "fiscalDateEnding": "2017-09-30"
  },
  {
    "date": "2017-07-26",
    "symbol": "BAX",
    "eps": 0.63,
    "epsEstimated": 0.57,
    "time": "bmo",
    "revenue": 2605000000,
    "revenueEstimated": 2356904761,
    "updatedFromDate": "2025-04-25",
    "fiscalDateEnding": "2017-06-30"
  },
  {
    "date": "2017-04-26",
    "symbol": "BAX",
    "eps": 0.58,
    "epsEstimated": 0.52,
    "time": "bmo",
    "revenue": 2475000000,
    "revenueEstimated": 2218965517,
    "updatedFromDate": "2025-04-25",
    "fiscalDateEnding": "2017-03-31"
  },
  {
    "date": "2017-02-01",
    "symbol": "BAX",
    "eps": 0.57,
    "epsEstimated": 0.52,
    "time": "bmo",
    "revenue": 2645000000,
    "revenueEstimated": 2412982456,
    "updatedFromDate": "2025-04-25",
    "fiscalDateEnding": "2016-12-31"
  },
  {
    "date": "2016-10-25",
    "symbol": "BAX",
    "eps": 0.56,
    "epsEstimated": 0.44,
    "time": "bmo",
    "revenue": 2558000000,
    "revenueEstimated": 2055535714,
    "updatedFromDate": "2025-04-25",
    "fiscalDateEnding": "2016-09-30"
  },
  {
    "date": "2016-07-26",
    "symbol": "BAX",
    "eps": 0.46,
    "epsEstimated": 0.39,
    "time": "bmo",
    "revenue": 2585000000,
    "revenueEstimated": 2247826086,
    "updatedFromDate": "2025-04-25",
    "fiscalDateEnding": "2016-06-30"
  }
]