[
  {
    "date": "2026-05-27",
    "symbol": "BBY",
    "eps": null,
    "epsEstimated": null,
    "time": "bmo",
    "revenue": null,
    "revenueEstimated": null,
    "updatedFromDate": "2025-10-02",
    "fiscalDateEnding": "2026-05-02"
  },
  {
    "date": "2026-03-02",
    "symbol": "BBY",
    "eps": null,
    "epsEstimated": null,
    "time": "bmo",
    "revenue": null,
    "revenueEstimated": null,
    "updatedFromDate": "2025-10-02",
    "fiscalDateEnding": "2026-02-02"
  },
  {
    "date": "2025-11-25",
    "symbol": "BBY",
    "eps": null,
    "epsEstimated": 1.31,
    "time": "bmo",
    "revenue": null,
    "revenueEstimated": 9573240920,
    "updatedFromDate": "2025-10-02",
    "fiscalDateEnding": "2025-11-02"
  },
  {
    "date": "2025-08-28",
    "symbol": "BBY",
    "eps": 1.28,
    "epsEstimated": 1.21,
    "time": "bmo",
    "revenue": 9438000000,
    "revenueEstimated": 9227554354,
    "updatedFromDate": "2025-10-02",
    "fiscalDateEnding": "2025-08-02"
  },
  {
    "date": "2025-05-29",
    "symbol": "BBY",
    "eps": 1.15,
    "epsEstimated": 1.1,
    "time": "bmo",
    "revenue": 8767000000,
    "revenueEstimated": 8806738858,
    "updatedFromDate": "2025-08-29",
    "fiscalDateEnding": "2025-05-03"
  },
  {
    "date": "2025-03-04",
    "symbol": "BBY",
    "eps": 2.58,
    "epsEstimated": 2.41,
    "time": "bmo",
    "revenue": 13948000000,
    "revenueEstimated": 13690636281,
    "updatedFromDate": "2025-06-04",
    "fiscalDateEnding": "2025-02-01"
  },
  {
    "date": "2024-11-26",
    "symbol": "BBY",
    "eps": 1.26,
    "epsEstimated": 1.3,
    "time": "bmo",
    "revenue": 9445000000,
    "revenueEstimated": 9621944239,
    "updatedFromDate": "2025-05-27",
    "fiscalDateEnding": "2024-11-02"
  },
  {
    "date": "2024-08-29",
    "symbol": "BBY",
    "eps": 1.34,
    "epsEstimated": 1.16,
    "time": "bmo",
    "revenue": 9288000000,
    "revenueEstimated": 9232720823,
    "updatedFromDate": "2025-05-27",
    "fiscalDateEnding": "2024-08-03"
  },
  {
    "date": "2024-05-30",
    "symbol": "BBY",
    "eps": 1.2,
    "epsEstimated": 1.08,
    "time": "bmo",
    "revenue": 8847000000,
    "revenueEstimated": 8957263326,
    "updatedFromDate": "2025-05-27",
    "fiscalDateEnding": "2024-05-04"
  },
  {
    "date": "2024-02-29",
    "symbol": "BBY",
    "eps": 2.72,
    "epsEstimated": 2.52,
    "time": "bmo",
    "revenue": 14646000000,
    "revenueEstimated": 14556332376,
    "updatedFromDate": "2025-05-27",
    "fiscalDateEnding": "2024-02-03"
  },
  {
    "date": "2023-11-21",
    "symbol": "BBY",
    "eps": 1.29,
    "epsEstimated": 1.18,
    "time": "bmo",
    "revenue": 9756000000,
    "revenueEstimated": 14532300000,
    "updatedFromDate": "2025-05-27",
    "fiscalDateEnding": "2023-10-28"
  },
  {
    "date": "2023-08-29",
    "symbol": "BBY",
    "eps": 1.22,
    "epsEstimated": 1.06,
    "time": "bmo",
    "revenue": 9583000000,
    "revenueEstimated": 9515980000,
    "updatedFromDate": "2025-05-27",
    "fiscalDateEnding": "2023-07-29"
  },
  {
    "date": "2023-05-25",
    "symbol": "BBY",
    "eps": 1.15,
    "epsEstimated": 1.11,
    "time": "bmo",
    "revenue": 9467000000,
    "revenueEstimated": 9574840000,
    "updatedFromDate": "2025-05-27",
    "fiscalDateEnding": "2023-04-29"
  },
  {
    "date": "2023-03-02",
    "symbol": "BBY",
    "eps": 2.61,
    "epsEstimated": 2.11,
    "time": "bmo",
    "revenue": 14735000000,
    "revenueEstimated": 14720466920,
    "updatedFromDate": "2025-05-27",
    "fiscalDateEnding": "2023-01-28"
  },
  {
    "date": "2022-11-22",
    "symbol": "BBY",
    "eps": 1.38,
    "epsEstimated": 1.03,
    "time": "bmo",
    "revenue": 10587000000,
    "revenueEstimated": 10309365000,
    "updatedFromDate": "2025-05-27",
    "fiscalDateEnding": "2022-10-29"
  },
  {
    "date": "2022-08-30",
    "symbol": "BBY",
    "eps": 1.54,
    "epsEstimated": 1.27,
    "time": "bmo",
    "revenue": 10329000000,
    "revenueEstimated": 10273324960,
    "updatedFromDate": "2025-05-27",
    "fiscalDateEnding": "2022-07-30"
  },
  {
    "date": "2022-05-24",
    "symbol": "BBY",
    "eps": 1.57,
    "epsEstimated": 1.61,
    "time": "bmo",
    "revenue": 10647000000,
    "revenueEstimated": 10411578276,
    "updatedFromDate": "2025-05-27",
    "fiscalDateEnding": "2022-04-30"
  },
  {
    "date": "2022-03-03",
    "symbol": "BBY",
    "eps": 2.73,
    "epsEstimated": 2.73,
    "time": "bmo",
    "revenue": 16365000000,
    "revenueEstimated": 16587407710,
    "updatedFromDate": "2025-05-27",
    "fiscalDateEnding": "2022-01-29"
  },
  {
    "date": "2021-11-23",
    "symbol": "BBY",
    "eps": 2.08,
    "epsEstimated": 1.91,
    "time": "bmo",
    "revenue": 11910000000,
    "revenueEstimated": 16779000000,
    "updatedFromDate": "2025-05-27",
    "fiscalDateEnding": "2021-10-30"
  },
  {
    "date": "2021-08-24",
    "symbol": "BBY",
    "eps": 2.98,
    "epsEstimated": 1.85,
    "time": "bmo",
    "revenue": 11849000000,
    "revenueEstimated": 11449900000,
    "updatedFromDate": "2025-05-27",
    "fiscalDateEnding": "2021-07-31"
  },
  {
    "date": "2021-05-27",
    "symbol": "BBY",
    "eps": 2.23,
    "epsEstimated": 1.39,
    "time": "bmo",
    "revenue": 11637000000,
    "revenueEstimated": 10109500000,
    "updatedFromDate": "2025-05-27",
    "fiscalDateEnding": "2021-05-01"
  },
  {
    "date": "2021-02-25",
    "symbol": "BBY",
    "eps": 3.48,
    "epsEstimated": 3.45,
    "time": "bmo",
    "revenue": 16937000000,
    "revenueEstimated": 16789721739,
    "updatedFromDate": "2025-05-27",
    "fiscalDateEnding": "2021-01-30"
  },
  {
    "date": "2020-11-24",
    "symbol": "BBY",
    "eps": 2.06,
    "epsEstimated": 1.76,
    "time": "bmo",
    "revenue": 11853000000,
    "revenueEstimated": 9342952941,
    "updatedFromDate": "2025-05-27",
    "fiscalDateEnding": "2020-10-31"
  },
  {
    "date": "2020-08-25",
    "symbol": "BBY",
    "eps": 1.71,
    "epsEstimated": 1.08,
    "time": "bmo",
    "revenue": 9910000000,
    "revenueEstimated": 6258947368,
    "updatedFromDate": "2025-05-27",
    "fiscalDateEnding": "2020-08-01"
  },
  {
    "date": "2020-05-21",
    "symbol": "BBY",
    "eps": 0.67,
    "epsEstimated": 0.5,
    "time": "bmo",
    "revenue": 8562000000,
    "revenueEstimated": 6389552238,
    "updatedFromDate": "2025-05-27",
    "fiscalDateEnding": "2020-05-02"
  },
  {
    "date": "2020-02-27",
    "symbol": "BBY",
    "eps": 2.9,
    "epsEstimated": 2.75,
    "time": "bmo",
    "revenue": 15196000000,
    "revenueEstimated": 14410000000,
    "updatedFromDate": "2025-05-27",
    "fiscalDateEnding": "2020-02-01"
  },
  {
    "date": "2019-11-26",
    "symbol": "BBY",
    "eps": 1.13,
    "epsEstimated": 1.03,
    "time": "bmo",
    "revenue": 9764000000,
    "revenueEstimated": 8899929203,
    "updatedFromDate": "2025-05-27",
    "fiscalDateEnding": "2019-11-02"
  },
  {
    "date": "2019-08-29",
    "symbol": "BBY",
    "eps": 1.08,
    "epsEstimated": 0.99,
    "time": "bmo",
    "revenue": 9536000000,
    "revenueEstimated": 8741333333,
    "updatedFromDate": "2025-05-27",
    "fiscalDateEnding": "2019-08-03"
  },
  {
    "date": "2019-05-23",
    "symbol": "BBY",
    "eps": 1.02,
    "epsEstimated": 0.86,
    "time": "bmo",
    "revenue": 9142000000,
    "revenueEstimated": 7797588235,
    "updatedFromDate": "2025-05-27",
    "fiscalDateEnding": "2019-05-04"
  },
  {
    "date": "2019-02-27",
    "symbol": "BBY",
    "eps": 2.72,
    "epsEstimated": 2.57,
    "time": "bmo",
    "revenue": 14801000000,
    "revenueEstimated": 13984768382,
    "updatedFromDate": "2025-05-27",
    "fiscalDateEnding": "2019-02-02"
  },
  {
    "date": "2018-11-20",
    "symbol": "BBY",
    "eps": 0.93,
    "epsEstimated": 0.85,
    "time": "bmo",
    "revenue": 9590000000,
    "revenueEstimated": 8765053763,
    "updatedFromDate": "2025-05-27",
    "fiscalDateEnding": "2018-11-03"
  },
  {
    "date": "2018-08-28",
    "symbol": "BBY",
    "eps": 0.91,
    "epsEstimated": 0.83,
    "time": "bmo",
    "revenue": 9379000000,
    "revenueEstimated": 8554472527,
    "updatedFromDate": "2025-05-27",
    "fiscalDateEnding": "2018-08-04"
  },
  {
    "date": "2018-05-24",
    "symbol": "BBY",
    "eps": 0.82,
    "epsEstimated": 0.74,
    "time": "bmo",
    "revenue": 9109000000,
    "revenueEstimated": 8220317073,
    "updatedFromDate": "2025-05-27",
    "fiscalDateEnding": "2018-05-05"
  },
  {
    "date": "2018-03-01",
    "symbol": "BBY",
    "eps": 2.42,
    "epsEstimated": 2.05,
    "time": "bmo",
    "revenue": 15363000000,
    "revenueEstimated": 12950628099,
    "updatedFromDate": "2025-05-27",
    "fiscalDateEnding": "2018-02-03"
  },
  {
    "date": "2017-11-16",
    "symbol": "BBY",
    "eps": 0.78,
    "epsEstimated": 0.78,
    "time": "bmo",
    "revenue": 9320000000,
    "revenueEstimated": 9320000000,
    "updatedFromDate": "2025-05-27",
    "fiscalDateEnding": "2017-10-28"
  },
  {
    "date": "2017-08-29",
    "symbol": "BBY",
    "eps": 0.69,
    "epsEstimated": 0.63,
    "time": "bmo",
    "revenue": 8940000000,
    "revenueEstimated": 8162608695,
    "updatedFromDate": "2025-05-27",
    "fiscalDateEnding": "2017-07-29"
  },
  {
    "date": "2017-05-25",
    "symbol": "BBY",
    "eps": 0.57,
    "epsEstimated": 0.4,
    "time": "bmo",
    "revenue": 8528000000,
    "revenueEstimated": 5685333333,
    "updatedFromDate": "2025-05-27",
    "fiscalDateEnding": "2017-04-29"
  },
  {
    "date": "2017-03-01",
    "symbol": "BBY",
    "eps": 1.95,
    "epsEstimated": 1.67,
    "time": "bmo",
    "revenue": 13482000000,
    "revenueEstimated": 11546123076,
    "updatedFromDate": "2025-05-27",
    "fiscalDateEnding": "2017-01-28"
  },
  {
    "date": "2016-11-17",
    "symbol": "BBY",
    "eps": 0.62,
    "epsEstimated": 0.47,
    "time": "bmo",
    "revenue": 8945000000,
    "revenueEstimated": 6780887096,
    "updatedFromDate": "2025-05-27",
    "fiscalDateEnding": "2016-10-29"
  },
  {
    "date": "2016-08-23",
    "symbol": "BBY",
    "eps": 0.57,
    "epsEstimated": 0.43,
    "time": "bmo",
    "revenue": 8533000000,
    "revenueEstimated": 6437175438,
    "updatedFromDate": "2025-05-27",
    "fiscalDateEnding": "2016-07-30"
  }
]