[
  {
    "date": "2026-04-29",
    "symbol": "BDX",
    "eps": null,
    "epsEstimated": null,
    "time": "bmo",
    "revenue": null,
    "revenueEstimated": null,
    "updatedFromDate": "2025-10-02",
    "fiscalDateEnding": "2026-03-30"
  },
  {
    "date": "2026-02-03",
    "symbol": "BDX",
    "eps": null,
    "epsEstimated": null,
    "time": "bmo",
    "revenue": null,
    "revenueEstimated": null,
    "updatedFromDate": "2025-10-02",
    "fiscalDateEnding": "2025-12-30"
  },
  {
    "date": "2025-11-06",
    "symbol": "BDX",
    "eps": null,
    "epsEstimated": 3.93,
    "time": "bmo",
    "revenue": null,
    "revenueEstimated": 5911951640,
    "updatedFromDate": "2025-10-02",
    "fiscalDateEnding": "2025-09-30"
  },
  {
    "date": "2025-08-07",
    "symbol": "BDX",
    "eps": 3.68,
    "epsEstimated": 3.4,
    "time": "bmo",
    "revenue": 5509000000,
    "revenueEstimated": 5486429067,
    "updatedFromDate": "2025-10-02",
    "fiscalDateEnding": "2025-06-30"
  },
  {
    "date": "2025-05-01",
    "symbol": "BDX",
    "eps": 3.35,
    "epsEstimated": 3.28,
    "time": "bmo",
    "revenue": 5272000000,
    "revenueEstimated": 5352638008,
    "updatedFromDate": "2025-08-01",
    "fiscalDateEnding": "2025-03-31"
  },
  {
    "date": "2025-02-05",
    "symbol": "BDX",
    "eps": 3.43,
    "epsEstimated": 3,
    "time": "bmo",
    "revenue": 5168000000,
    "revenueEstimated": 5100319859,
    "updatedFromDate": "2025-05-05",
    "fiscalDateEnding": "2024-12-31"
  },
  {
    "date": "2024-11-07",
    "symbol": "BDX",
    "eps": 3.81,
    "epsEstimated": 3.77,
    "time": "bmo",
    "revenue": 5437000000,
    "revenueEstimated": 5379747371,
    "updatedFromDate": "2025-04-24",
    "fiscalDateEnding": "2024-09-30"
  },
  {
    "date": "2024-08-01",
    "symbol": "BDX",
    "eps": 3.5,
    "epsEstimated": 3.31,
    "time": "bmo",
    "revenue": 4990000000,
    "revenueEstimated": 5076952847,
    "updatedFromDate": "2025-04-24",
    "fiscalDateEnding": "2024-06-30"
  },
  {
    "date": "2024-05-02",
    "symbol": "BDX",
    "eps": 3.17,
    "epsEstimated": 2.97,
    "time": "bmo",
    "revenue": 5045000000,
    "revenueEstimated": 5037550815,
    "updatedFromDate": "2025-04-24",
    "fiscalDateEnding": "2024-03-31"
  },
  {
    "date": "2024-02-01",
    "symbol": "BDX",
    "eps": 2.68,
    "epsEstimated": 2.4,
    "time": "bmo",
    "revenue": 4706000000,
    "revenueEstimated": 4732463400,
    "updatedFromDate": "2025-04-24",
    "fiscalDateEnding": "2023-12-31"
  },
  {
    "date": "2023-11-09",
    "symbol": "BDX",
    "eps": 3.42,
    "epsEstimated": 3.42,
    "time": "bmo",
    "revenue": 5087000000,
    "revenueEstimated": 5018550000,
    "updatedFromDate": "2025-04-24",
    "fiscalDateEnding": "2023-09-30"
  },
  {
    "date": "2023-08-03",
    "symbol": "BDX",
    "eps": 2.96,
    "epsEstimated": 2.89,
    "time": "bmo",
    "revenue": 4878000000,
    "revenueEstimated": 5032300000,
    "updatedFromDate": "2025-04-24",
    "fiscalDateEnding": "2023-06-30"
  },
  {
    "date": "2023-05-04",
    "symbol": "BDX",
    "eps": 2.86,
    "epsEstimated": 2.75,
    "time": "bmo",
    "revenue": 4821000000,
    "revenueEstimated": 4684310000,
    "updatedFromDate": "2025-04-24",
    "fiscalDateEnding": "2023-03-31"
  },
  {
    "date": "2023-02-02",
    "symbol": "BDX",
    "eps": 2.98,
    "epsEstimated": 2.67,
    "time": "bmo",
    "revenue": 4586000000,
    "revenueEstimated": 4528847255,
    "updatedFromDate": "2025-04-24",
    "fiscalDateEnding": "2022-12-31"
  },
  {
    "date": "2022-11-10",
    "symbol": "BDX",
    "eps": 2.75,
    "epsEstimated": 2.73,
    "time": "bmo",
    "revenue": 4761000000,
    "revenueEstimated": 4709882969,
    "updatedFromDate": "2025-04-24",
    "fiscalDateEnding": "2022-09-30"
  },
  {
    "date": "2022-08-04",
    "symbol": "BDX",
    "eps": 2.66,
    "epsEstimated": 2.49,
    "time": "bmo",
    "revenue": 4641000000,
    "revenueEstimated": 4469385364,
    "updatedFromDate": "2025-04-24",
    "fiscalDateEnding": "2022-06-30"
  },
  {
    "date": "2022-05-05",
    "symbol": "BDX",
    "eps": 3.18,
    "epsEstimated": 2.98,
    "time": "bmo",
    "revenue": 5011000000,
    "revenueEstimated": 4848972084,
    "updatedFromDate": "2025-04-24",
    "fiscalDateEnding": "2022-03-31"
  },
  {
    "date": "2022-02-03",
    "symbol": "BDX",
    "eps": 3.64,
    "epsEstimated": 2.86,
    "time": "bmo",
    "revenue": 4718000000,
    "revenueEstimated": 4763100833,
    "updatedFromDate": "2025-04-24",
    "fiscalDateEnding": "2021-12-31"
  },
  {
    "date": "2021-11-04",
    "symbol": "BDX",
    "eps": 2.59,
    "epsEstimated": 2.43,
    "time": "bmo",
    "revenue": 5135000000,
    "revenueEstimated": 4899710000,
    "updatedFromDate": "2025-04-24",
    "fiscalDateEnding": "2021-09-30"
  },
  {
    "date": "2021-08-05",
    "symbol": "BDX",
    "eps": 2.74,
    "epsEstimated": 2.46,
    "time": "bmo",
    "revenue": 4890000000,
    "revenueEstimated": 4506420000,
    "updatedFromDate": "2025-04-24",
    "fiscalDateEnding": "2021-06-30"
  },
  {
    "date": "2021-05-06",
    "symbol": "BDX",
    "eps": 3.19,
    "epsEstimated": 3.04,
    "time": "bmo",
    "revenue": 4907000000,
    "revenueEstimated": 4877700000,
    "updatedFromDate": "2025-04-24",
    "fiscalDateEnding": "2021-03-31"
  },
  {
    "date": "2021-02-04",
    "symbol": "BDX",
    "eps": 4.55,
    "epsEstimated": 3.14,
    "time": "bmo",
    "revenue": 5315000000,
    "revenueEstimated": 4690110000,
    "updatedFromDate": "2025-04-24",
    "fiscalDateEnding": "2020-12-31"
  },
  {
    "date": "2020-11-05",
    "symbol": "BDX",
    "eps": 2.79,
    "epsEstimated": 2.5,
    "time": "bmo",
    "revenue": 4784000000,
    "revenueEstimated": 4271428571,
    "updatedFromDate": "2025-04-24",
    "fiscalDateEnding": "2020-09-30"
  },
  {
    "date": "2020-08-06",
    "symbol": "BDX",
    "eps": 2.2,
    "epsEstimated": 2.05,
    "time": "bmo",
    "revenue": 3855000000,
    "revenueEstimated": 3574636363,
    "updatedFromDate": "2025-04-24",
    "fiscalDateEnding": "2020-06-30"
  },
  {
    "date": "2020-05-07",
    "symbol": "BDX",
    "eps": 2.55,
    "epsEstimated": 2.28,
    "time": "bmo",
    "revenue": 4253000000,
    "revenueEstimated": 3869396078,
    "updatedFromDate": "2025-04-24",
    "fiscalDateEnding": "2020-03-31"
  },
  {
    "date": "2020-02-06",
    "symbol": "BDX",
    "eps": 2.65,
    "epsEstimated": 2.63,
    "time": "bmo",
    "revenue": 4225000000,
    "revenueEstimated": 4193113207,
    "updatedFromDate": "2025-04-24",
    "fiscalDateEnding": "2019-12-31"
  },
  {
    "date": "2019-11-05",
    "symbol": "BDX",
    "eps": 3.31,
    "epsEstimated": 3.3,
    "time": "bmo",
    "revenue": 4584000000,
    "revenueEstimated": 4570151057,
    "updatedFromDate": "2025-04-24",
    "fiscalDateEnding": "2019-09-30"
  },
  {
    "date": "2019-08-06",
    "symbol": "BDX",
    "eps": 3.08,
    "epsEstimated": 3.05,
    "time": "bmo",
    "revenue": 4350000000,
    "revenueEstimated": 4307629870,
    "updatedFromDate": "2025-04-24",
    "fiscalDateEnding": "2019-06-30"
  },
  {
    "date": "2019-05-09",
    "symbol": "BDX",
    "eps": 2.59,
    "epsEstimated": 2.57,
    "time": "bmo",
    "revenue": 4195000000,
    "revenueEstimated": 4178803088,
    "updatedFromDate": "2025-04-24",
    "fiscalDateEnding": "2019-03-31"
  },
  {
    "date": "2019-02-05",
    "symbol": "BDX",
    "eps": 2.7,
    "epsEstimated": 2.61,
    "time": "bmo",
    "revenue": 4160000000,
    "revenueEstimated": 4021333333,
    "updatedFromDate": "2025-04-24",
    "fiscalDateEnding": "2018-12-31"
  },
  {
    "date": "2018-11-06",
    "symbol": "BDX",
    "eps": 2.93,
    "epsEstimated": 2.92,
    "time": "bmo",
    "revenue": 4402000000,
    "revenueEstimated": 4402000000,
    "updatedFromDate": "2025-04-24",
    "fiscalDateEnding": "2018-09-30"
  },
  {
    "date": "2018-08-02",
    "symbol": "BDX",
    "eps": 2.91,
    "epsEstimated": 2.85,
    "time": "bmo",
    "revenue": 4278000000,
    "revenueEstimated": 4204494845,
    "updatedFromDate": "2025-04-24",
    "fiscalDateEnding": "2018-06-30"
  },
  {
    "date": "2018-05-03",
    "symbol": "BDX",
    "eps": 2.65,
    "epsEstimated": 2.61,
    "time": "bmo",
    "revenue": 4222000000,
    "revenueEstimated": 4190135849,
    "updatedFromDate": "2025-04-24",
    "fiscalDateEnding": "2018-03-31"
  },
  {
    "date": "2018-02-06",
    "symbol": "BDX",
    "eps": 2.48,
    "epsEstimated": 2.4,
    "time": "bmo",
    "revenue": 3080000000,
    "revenueEstimated": 2993064516,
    "updatedFromDate": "2025-04-24",
    "fiscalDateEnding": "2017-12-31"
  },
  {
    "date": "2017-11-02",
    "symbol": "BDX",
    "eps": 2.4,
    "epsEstimated": 2.38,
    "time": "bmo",
    "revenue": 3166000000,
    "revenueEstimated": 3126425000,
    "updatedFromDate": "2025-04-24",
    "fiscalDateEnding": "2017-09-30"
  },
  {
    "date": "2017-08-03",
    "symbol": "BDX",
    "eps": 2.46,
    "epsEstimated": 2.44,
    "time": "bmo",
    "revenue": 3035000000,
    "revenueEstimated": 3010325203,
    "updatedFromDate": "2025-04-24",
    "fiscalDateEnding": "2017-06-30"
  },
  {
    "date": "2017-05-02",
    "symbol": "BDX",
    "eps": 2.3,
    "epsEstimated": 2.23,
    "time": "bmo",
    "revenue": 2969000000,
    "revenueEstimated": 2878639130,
    "updatedFromDate": "2025-04-24",
    "fiscalDateEnding": "2017-03-31"
  },
  {
    "date": "2017-02-02",
    "symbol": "BDX",
    "eps": 2.33,
    "epsEstimated": 2.12,
    "time": "bmo",
    "revenue": 2922000000,
    "revenueEstimated": 2658643776,
    "updatedFromDate": "2025-04-24",
    "fiscalDateEnding": "2016-12-31"
  },
  {
    "date": "2016-11-03",
    "symbol": "BDX",
    "eps": 2.12,
    "epsEstimated": 2.09,
    "time": "bmo",
    "revenue": 3231000000,
    "revenueEstimated": 3170037735,
    "updatedFromDate": "2025-04-24",
    "fiscalDateEnding": "2016-09-30"
  },
  {
    "date": "2016-08-04",
    "symbol": "BDX",
    "eps": 2.35,
    "epsEstimated": 2.2,
    "time": "bmo",
    "revenue": 3198000000,
    "revenueEstimated": 2993872340,
    "updatedFromDate": "2025-04-24",
    "fiscalDateEnding": "2016-06-30"
  }
]