[
  {
    "date": "2026-04-30",
    "symbol": "BEN",
    "eps": null,
    "epsEstimated": null,
    "time": "bmo",
    "revenue": null,
    "revenueEstimated": null,
    "updatedFromDate": "2025-10-02",
    "fiscalDateEnding": "2026-03-30"
  },
  {
    "date": "2026-01-29",
    "symbol": "BEN",
    "eps": null,
    "epsEstimated": null,
    "time": "bmo",
    "revenue": null,
    "revenueEstimated": null,
    "updatedFromDate": "2025-10-02",
    "fiscalDateEnding": "2025-12-30"
  },
  {
    "date": "2025-11-03",
    "symbol": "BEN",
    "eps": null,
    "epsEstimated": 0.55,
    "time": "bmo",
    "revenue": null,
    "revenueEstimated": null,
    "updatedFromDate": "2025-10-02",
    "fiscalDateEnding": "2025-09-30"
  },
  {
    "date": "2025-08-01",
    "symbol": "BEN",
    "eps": 0.49,
    "epsEstimated": 0.4826,
    "time": "bmo",
    "revenue": 2064000000,
    "revenueEstimated": 2383629240,
    "updatedFromDate": "2025-10-02",
    "fiscalDateEnding": "2025-06-30"
  },
  {
    "date": "2025-05-02",
    "symbol": "BEN",
    "eps": 0.47,
    "epsEstimated": 0.4737,
    "time": "bmo",
    "revenue": 2111400000,
    "revenueEstimated": 1669444333,
    "updatedFromDate": "2025-08-02",
    "fiscalDateEnding": "2025-03-31"
  },
  {
    "date": "2025-01-31",
    "symbol": "BEN",
    "eps": 0.59,
    "epsEstimated": 0.56,
    "time": "bmo",
    "revenue": 2251600000,
    "revenueEstimated": 2406209810,
    "updatedFromDate": "2025-05-01",
    "fiscalDateEnding": "2024-12-31"
  },
  {
    "date": "2024-11-04",
    "symbol": "BEN",
    "eps": 0.59,
    "epsEstimated": 0.602,
    "time": "bmo",
    "revenue": 2211200000,
    "revenueEstimated": 1694761846,
    "updatedFromDate": "2025-04-25",
    "fiscalDateEnding": "2024-09-30"
  },
  {
    "date": "2024-07-26",
    "symbol": "BEN",
    "eps": 0.6,
    "epsEstimated": 0.57,
    "time": "bmo",
    "revenue": 2098600000,
    "revenueEstimated": 1663550000,
    "updatedFromDate": "2025-04-25",
    "fiscalDateEnding": "2024-06-30"
  },
  {
    "date": "2024-04-29",
    "symbol": "BEN",
    "eps": 0.56,
    "epsEstimated": 0.573,
    "time": "bmo",
    "revenue": 2134300000,
    "revenueEstimated": 1664959691,
    "updatedFromDate": "2025-04-25",
    "fiscalDateEnding": "2024-03-31"
  },
  {
    "date": "2024-01-29",
    "symbol": "BEN",
    "eps": 0.65,
    "epsEstimated": 0.57,
    "time": "bmo",
    "revenue": 1991100000,
    "revenueEstimated": 1513970000,
    "updatedFromDate": "2025-04-25",
    "fiscalDateEnding": "2023-12-31"
  },
  {
    "date": "2023-10-31",
    "symbol": "BEN",
    "eps": 0.84,
    "epsEstimated": 0.6,
    "time": "bmo",
    "revenue": 1986100000,
    "revenueEstimated": 1561520000,
    "updatedFromDate": "2025-04-25",
    "fiscalDateEnding": "2023-09-30"
  },
  {
    "date": "2023-07-28",
    "symbol": "BEN",
    "eps": 0.63,
    "epsEstimated": 0.6,
    "time": "bmo",
    "revenue": 1969000000,
    "revenueEstimated": 1501150000,
    "updatedFromDate": "2025-04-25",
    "fiscalDateEnding": "2023-06-30"
  },
  {
    "date": "2023-05-01",
    "symbol": "BEN",
    "eps": 0.61,
    "epsEstimated": 0.57,
    "time": "bmo",
    "revenue": 1927200000,
    "revenueEstimated": 1899470000,
    "updatedFromDate": "2025-04-25",
    "fiscalDateEnding": "2023-03-31"
  },
  {
    "date": "2023-01-30",
    "symbol": "BEN",
    "eps": 0.51,
    "epsEstimated": 0.54,
    "time": "bmo",
    "revenue": 1967100000,
    "revenueEstimated": 1469436673,
    "updatedFromDate": "2025-04-25",
    "fiscalDateEnding": "2022-12-31"
  },
  {
    "date": "2022-11-01",
    "symbol": "BEN",
    "eps": 0.78,
    "epsEstimated": 0.69,
    "time": "bmo",
    "revenue": 1939000000,
    "revenueEstimated": 1490726046,
    "updatedFromDate": "2025-04-25",
    "fiscalDateEnding": "2022-09-30"
  },
  {
    "date": "2022-07-28",
    "symbol": "BEN",
    "eps": 0.82,
    "epsEstimated": 0.73,
    "time": "bmo",
    "revenue": 2031300000,
    "revenueEstimated": 1546860598,
    "updatedFromDate": "2025-04-25",
    "fiscalDateEnding": "2022-06-30"
  },
  {
    "date": "2022-05-03",
    "symbol": "BEN",
    "eps": 0.96,
    "epsEstimated": 0.79,
    "time": "bmo",
    "revenue": 2081000000,
    "revenueEstimated": 1563069369,
    "updatedFromDate": "2025-04-25",
    "fiscalDateEnding": "2022-03-31"
  },
  {
    "date": "2022-02-01",
    "symbol": "BEN",
    "eps": 1.08,
    "epsEstimated": 0.89,
    "time": "bmo",
    "revenue": 2224000000,
    "revenueEstimated": 1633164935,
    "updatedFromDate": "2025-04-25",
    "fiscalDateEnding": "2021-12-31"
  },
  {
    "date": "2021-11-01",
    "symbol": "BEN",
    "eps": 1.26,
    "epsEstimated": 0.86,
    "time": "bmo",
    "revenue": 2181000000,
    "revenueEstimated": 2162770000,
    "updatedFromDate": "2025-04-25",
    "fiscalDateEnding": "2021-09-30"
  },
  {
    "date": "2021-08-03",
    "symbol": "BEN",
    "eps": 0.96,
    "epsEstimated": 0.77,
    "time": "bmo",
    "revenue": 2172900000,
    "revenueEstimated": 2117500000,
    "updatedFromDate": "2025-04-25",
    "fiscalDateEnding": "2021-06-30"
  },
  {
    "date": "2021-05-04",
    "symbol": "BEN",
    "eps": 0.79,
    "epsEstimated": 0.74,
    "time": "bmo",
    "revenue": 2076500000,
    "revenueEstimated": 1996360000,
    "updatedFromDate": "2025-04-25",
    "fiscalDateEnding": "2021-03-31"
  },
  {
    "date": "2021-02-02",
    "symbol": "BEN",
    "eps": 0.73,
    "epsEstimated": 0.72,
    "time": "bmo",
    "revenue": 1995100000,
    "revenueEstimated": 1944120000,
    "updatedFromDate": "2025-04-25",
    "fiscalDateEnding": "2020-12-31"
  },
  {
    "date": "2020-10-27",
    "symbol": "BEN",
    "eps": 0.56,
    "epsEstimated": 0.69,
    "time": "bmo",
    "revenue": 1705000000,
    "revenueEstimated": 1934011594,
    "updatedFromDate": "2025-04-25",
    "fiscalDateEnding": "2020-09-30"
  },
  {
    "date": "2020-07-28",
    "symbol": "BEN",
    "eps": 0.58,
    "epsEstimated": 0.55,
    "time": "bmo",
    "revenue": 1188100000,
    "revenueEstimated": 933507142,
    "updatedFromDate": "2025-04-25",
    "fiscalDateEnding": "2020-06-30"
  },
  {
    "date": "2020-04-30",
    "symbol": "BEN",
    "eps": 0.66,
    "epsEstimated": 0.44,
    "time": "bmo",
    "revenue": 1338300000,
    "revenueEstimated": 851645454,
    "updatedFromDate": "2025-04-25",
    "fiscalDateEnding": "2020-03-31"
  },
  {
    "date": "2020-01-30",
    "symbol": "BEN",
    "eps": 0.7,
    "epsEstimated": 0.66,
    "time": "bmo",
    "revenue": 1412700000,
    "revenueEstimated": 1412700000,
    "updatedFromDate": "2025-04-25",
    "fiscalDateEnding": "2019-12-31"
  },
  {
    "date": "2019-10-25",
    "symbol": "BEN",
    "eps": 0.61,
    "epsEstimated": 0.64,
    "time": "bmo",
    "revenue": 1452500000,
    "revenueEstimated": 1523934426,
    "updatedFromDate": "2025-04-25",
    "fiscalDateEnding": "2019-09-30"
  },
  {
    "date": "2019-07-30",
    "symbol": "BEN",
    "eps": 0.65,
    "epsEstimated": 0.63,
    "time": "bmo",
    "revenue": 1476700000,
    "revenueEstimated": 1907404166,
    "updatedFromDate": "2025-04-25",
    "fiscalDateEnding": "2019-06-30"
  },
  {
    "date": "2019-04-26",
    "symbol": "BEN",
    "eps": 0.72,
    "epsEstimated": 0.62,
    "time": "bmo",
    "revenue": 1433800000,
    "revenueEstimated": 1234661111,
    "updatedFromDate": "2025-04-25",
    "fiscalDateEnding": "2019-03-31"
  },
  {
    "date": "2019-01-30",
    "symbol": "BEN",
    "eps": 0.54,
    "epsEstimated": 0.65,
    "time": "bmo",
    "revenue": 1411500000,
    "revenueEstimated": 1699027777,
    "updatedFromDate": "2025-04-25",
    "fiscalDateEnding": "2018-12-31"
  },
  {
    "date": "2018-10-25",
    "symbol": "BEN",
    "eps": 0.79,
    "epsEstimated": 0.74,
    "time": "bmo",
    "revenue": 1527200000,
    "revenueEstimated": 1000113274,
    "updatedFromDate": "2025-04-25",
    "fiscalDateEnding": "2018-09-30"
  },
  {
    "date": "2018-07-27",
    "symbol": "BEN",
    "eps": 0.75,
    "epsEstimated": 0.75,
    "time": "bmo",
    "revenue": 1558600000,
    "revenueEstimated": 1558600000,
    "updatedFromDate": "2025-04-25",
    "fiscalDateEnding": "2018-06-30"
  },
  {
    "date": "2018-04-26",
    "symbol": "BEN",
    "eps": 0.78,
    "epsEstimated": 0.75,
    "time": "bmo",
    "revenue": 1617800000,
    "revenueEstimated": 1555576923,
    "updatedFromDate": "2025-04-25",
    "fiscalDateEnding": "2018-03-31"
  },
  {
    "date": "2018-01-30",
    "symbol": "BEN",
    "eps": 0.88,
    "epsEstimated": 0.75,
    "time": "bmo",
    "revenue": 1615500000,
    "revenueEstimated": 1395204545,
    "updatedFromDate": "2025-04-25",
    "fiscalDateEnding": "2017-12-31"
  },
  {
    "date": "2017-10-26",
    "symbol": "BEN",
    "eps": 0.76,
    "epsEstimated": 0.72,
    "time": "bmo",
    "revenue": 1616900000,
    "revenueEstimated": 1531800000,
    "updatedFromDate": "2025-04-25",
    "fiscalDateEnding": "2017-09-30"
  },
  {
    "date": "2017-07-28",
    "symbol": "BEN",
    "eps": 0.73,
    "epsEstimated": 0.72,
    "time": "bmo",
    "revenue": 1613900000,
    "revenueEstimated": 1591791780,
    "updatedFromDate": "2025-04-25",
    "fiscalDateEnding": "2017-06-30"
  },
  {
    "date": "2017-04-28",
    "symbol": "BEN",
    "eps": 0.74,
    "epsEstimated": 0.67,
    "time": "bmo",
    "revenue": 1600600000,
    "revenueEstimated": 1449191891,
    "updatedFromDate": "2025-04-25",
    "fiscalDateEnding": "2017-03-31"
  },
  {
    "date": "2017-01-27",
    "symbol": "BEN",
    "eps": 0.77,
    "epsEstimated": 0.68,
    "time": "bmo",
    "revenue": 1560800000,
    "revenueEstimated": 1378368831,
    "updatedFromDate": "2025-04-25",
    "fiscalDateEnding": "2016-12-31"
  },
  {
    "date": "2016-10-26",
    "symbol": "BEN",
    "eps": 0.82,
    "epsEstimated": 0.69,
    "time": "bmo",
    "revenue": 1611800000,
    "revenueEstimated": 1356270731,
    "updatedFromDate": "2025-04-25",
    "fiscalDateEnding": "2016-09-30"
  },
  {
    "date": "2016-07-28",
    "symbol": "BEN",
    "eps": 0.77,
    "epsEstimated": 0.67,
    "time": "bmo",
    "revenue": 1634300000,
    "revenueEstimated": 1422053246,
    "updatedFromDate": "2025-04-25",
    "fiscalDateEnding": "2016-06-30"
  }
]