[
  {
    "date": "2026-03-03",
    "symbol": "BF-B",
    "eps": null,
    "epsEstimated": null,
    "time": "bmo",
    "revenue": null,
    "revenueEstimated": null,
    "updatedFromDate": "2025-10-02",
    "fiscalDateEnding": "2026-01-31"
  },
  {
    "date": "2025-12-04",
    "symbol": "BF-B",
    "eps": null,
    "epsEstimated": 0.4763,
    "time": "bmo",
    "revenue": null,
    "revenueEstimated": 1019306740,
    "updatedFromDate": "2025-10-02",
    "fiscalDateEnding": "2025-10-31"
  },
  {
    "date": "2025-08-28",
    "symbol": "BF-B",
    "eps": 0.3594,
    "epsEstimated": 0.4746,
    "time": "bmo",
    "revenue": 924000000,
    "revenueEstimated": 1017786120,
    "updatedFromDate": "2025-10-02",
    "fiscalDateEnding": "2025-07-31"
  },
  {
    "date": "2025-06-03",
    "symbol": "BF-B",
    "eps": 0.31,
    "epsEstimated": 0.34,
    "time": "bmo",
    "revenue": 894000000,
    "revenueEstimated": 967066550,
    "updatedFromDate": "2025-09-03",
    "fiscalDateEnding": "2025-04-30"
  },
  {
    "date": "2025-03-04",
    "symbol": "BF-B",
    "eps": 0.43,
    "epsEstimated": 0.46,
    "time": "bmo",
    "revenue": 1035000000,
    "revenueEstimated": 987656820,
    "updatedFromDate": "2025-06-04",
    "fiscalDateEnding": "2025-01-31"
  },
  {
    "date": "2024-12-05",
    "symbol": "BF-B",
    "eps": 0.55,
    "epsEstimated": 0.49,
    "time": "bmo",
    "revenue": 1095000000,
    "revenueEstimated": 1095309350,
    "updatedFromDate": "2025-04-25",
    "fiscalDateEnding": "2024-10-31"
  },
  {
    "date": "2024-08-29",
    "symbol": "BF-B",
    "eps": 0.41,
    "epsEstimated": 0.46,
    "time": "bmo",
    "revenue": 951000000,
    "revenueEstimated": 1075840000,
    "updatedFromDate": "2025-04-25",
    "fiscalDateEnding": "2024-07-31"
  },
  {
    "date": "2024-06-05",
    "symbol": "BF-B",
    "eps": 0.56,
    "epsEstimated": 0.42,
    "time": "bmo",
    "revenue": 964000000,
    "revenueEstimated": 1028420000,
    "updatedFromDate": "2025-04-25",
    "fiscalDateEnding": "2024-04-30"
  },
  {
    "date": "2024-03-06",
    "symbol": "BF-B",
    "eps": 0.6,
    "epsEstimated": 0.57,
    "time": "bmo",
    "revenue": 1069000000,
    "revenueEstimated": 1118690000,
    "updatedFromDate": "2025-04-25",
    "fiscalDateEnding": "2024-01-31"
  },
  {
    "date": "2023-12-06",
    "symbol": "BF-B",
    "eps": 0.5,
    "epsEstimated": 0.51,
    "time": "bmo",
    "revenue": 1107000000,
    "revenueEstimated": 1154310000,
    "updatedFromDate": "2025-04-25",
    "fiscalDateEnding": "2023-10-31"
  },
  {
    "date": "2023-08-30",
    "symbol": "BF-B",
    "eps": 0.48,
    "epsEstimated": 0.53,
    "time": "bmo",
    "revenue": 1038000000,
    "revenueEstimated": 1155520000,
    "updatedFromDate": "2025-04-25",
    "fiscalDateEnding": "2023-07-31"
  },
  {
    "date": "2023-06-07",
    "symbol": "BF-B",
    "eps": 0.43,
    "epsEstimated": 0.43,
    "time": "bmo",
    "revenue": 1046000000,
    "revenueEstimated": 990290000,
    "updatedFromDate": "2025-04-25",
    "fiscalDateEnding": "2023-04-30"
  },
  {
    "date": "2023-03-08",
    "symbol": "BF-B",
    "eps": 0.25,
    "epsEstimated": 0.47,
    "time": "bmo",
    "revenue": 1081000000,
    "revenueEstimated": 1013680000,
    "updatedFromDate": "2025-04-25",
    "fiscalDateEnding": "2023-01-31"
  },
  {
    "date": "2022-12-07",
    "symbol": "BF-B",
    "eps": 0.47,
    "epsEstimated": 0.55,
    "time": "bmo",
    "revenue": 1094000000,
    "revenueEstimated": 1081553647,
    "updatedFromDate": "2025-04-25",
    "fiscalDateEnding": "2022-10-31"
  },
  {
    "date": "2022-08-31",
    "symbol": "BF-B",
    "eps": 0.52,
    "epsEstimated": 0.47,
    "time": "bmo",
    "revenue": 1007000000,
    "revenueEstimated": 976214916,
    "updatedFromDate": "2025-04-25",
    "fiscalDateEnding": "2022-07-31"
  },
  {
    "date": "2022-06-08",
    "symbol": "BF-B",
    "eps": 0.31,
    "epsEstimated": 0.27,
    "time": "bmo",
    "revenue": 996000000,
    "revenueEstimated": 1908999999,
    "updatedFromDate": "2025-04-25",
    "fiscalDateEnding": "2022-04-30"
  },
  {
    "date": "2022-03-03",
    "symbol": "BF-B",
    "eps": 0.54,
    "epsEstimated": 0.48,
    "time": "bmo",
    "revenue": 1037000000,
    "revenueEstimated": 833890000,
    "updatedFromDate": "2025-04-25",
    "fiscalDateEnding": "2022-01-31"
  },
  {
    "date": "2021-12-08",
    "symbol": "BF-B",
    "eps": 0.49,
    "epsEstimated": 0.53,
    "time": "bmo",
    "revenue": 994000000,
    "revenueEstimated": 1048270000,
    "updatedFromDate": "2025-04-25",
    "fiscalDateEnding": "2021-10-31"
  },
  {
    "date": "2021-09-01",
    "symbol": "BF-B",
    "eps": 0.4,
    "epsEstimated": 0.39,
    "time": "bmo",
    "revenue": 906000000,
    "revenueEstimated": null,
    "updatedFromDate": "2025-04-25",
    "fiscalDateEnding": "2021-07-31"
  },
  {
    "date": "2021-06-09",
    "symbol": "BF-B",
    "eps": 0.25,
    "epsEstimated": 0.33,
    "time": "bmo",
    "revenue": 812000000,
    "revenueEstimated": 3404863633,
    "updatedFromDate": "2025-04-25",
    "fiscalDateEnding": "2021-04-30"
  },
  {
    "date": "2021-03-03",
    "symbol": "BF-B",
    "eps": 0.45,
    "epsEstimated": 0.43,
    "time": "bmo",
    "revenue": 911000000,
    "revenueEstimated": 868627906,
    "updatedFromDate": "2025-04-25",
    "fiscalDateEnding": "2021-01-31"
  },
  {
    "date": "2020-12-08",
    "symbol": "BF-B",
    "eps": 0.5,
    "epsEstimated": 0.51,
    "time": "bmo",
    "revenue": 985000000,
    "revenueEstimated": 1004313725,
    "updatedFromDate": "2025-04-25",
    "fiscalDateEnding": "2020-10-31"
  },
  {
    "date": "2020-09-02",
    "symbol": "BF-B",
    "eps": 0.4,
    "epsEstimated": 0.31,
    "time": "bmo",
    "revenue": 753000000,
    "revenueEstimated": 589678417,
    "updatedFromDate": "2025-04-25",
    "fiscalDateEnding": "2020-07-31"
  },
  {
    "date": "2020-06-09",
    "symbol": "BF-B",
    "eps": 0.27,
    "epsEstimated": 0.28,
    "time": "bmo",
    "revenue": 709000000,
    "revenueEstimated": 780888888,
    "updatedFromDate": "2025-04-25",
    "fiscalDateEnding": "2020-04-30"
  },
  {
    "date": "2020-03-04",
    "symbol": "BF-B",
    "eps": 0.48,
    "epsEstimated": 0.5,
    "time": "bmo",
    "revenue": 899000000,
    "revenueEstimated": 934960000,
    "updatedFromDate": "2025-04-25",
    "fiscalDateEnding": "2020-01-31"
  },
  {
    "date": "2019-12-05",
    "symbol": "BF-B",
    "eps": 0.59,
    "epsEstimated": 0.52,
    "time": "bmo",
    "revenue": 989000000,
    "revenueEstimated": 877037735,
    "updatedFromDate": "2025-04-25",
    "fiscalDateEnding": "2019-10-31"
  },
  {
    "date": "2019-08-28",
    "symbol": "BF-B",
    "eps": 0.39,
    "epsEstimated": 0.37,
    "time": "bmo",
    "revenue": 766000000,
    "revenueEstimated": 724594594,
    "updatedFromDate": "2025-04-25",
    "fiscalDateEnding": "2019-07-31"
  },
  {
    "date": "2019-06-05",
    "symbol": "BF-B",
    "eps": 0.33,
    "epsEstimated": 0.3,
    "time": "bmo",
    "revenue": 744000000,
    "revenueEstimated": 696000000,
    "updatedFromDate": "2025-04-25",
    "fiscalDateEnding": "2019-04-30"
  },
  {
    "date": "2019-03-06",
    "symbol": "BF-B",
    "eps": 0.47,
    "epsEstimated": 0.45,
    "time": "bmo",
    "revenue": 904000000,
    "revenueEstimated": 863822222,
    "updatedFromDate": "2025-04-25",
    "fiscalDateEnding": "2019-01-31"
  },
  {
    "date": "2018-12-05",
    "symbol": "BF-B",
    "eps": 0.52,
    "epsEstimated": 0.52,
    "time": "bmo",
    "revenue": 910000000,
    "revenueEstimated": 910000000,
    "updatedFromDate": "2025-04-25",
    "fiscalDateEnding": "2018-10-31"
  },
  {
    "date": "2018-08-29",
    "symbol": "BF-B",
    "eps": 0.41,
    "epsEstimated": 0.39,
    "time": "bmo",
    "revenue": 766000000,
    "revenueEstimated": 726717948,
    "updatedFromDate": "2025-04-25",
    "fiscalDateEnding": "2018-07-31"
  },
  {
    "date": "2018-06-06",
    "symbol": "BF-B",
    "eps": 0.23,
    "epsEstimated": 0.22,
    "time": "bmo",
    "revenue": 733000000,
    "revenueEstimated": 699681818,
    "updatedFromDate": "2025-04-25",
    "fiscalDateEnding": "2018-04-30"
  },
  {
    "date": "2018-03-07",
    "symbol": "BF-B",
    "eps": 0.44,
    "epsEstimated": 0.41,
    "time": "bmo",
    "revenue": 878000000,
    "revenueEstimated": 920829268,
    "updatedFromDate": "2025-04-25",
    "fiscalDateEnding": "2018-01-31"
  },
  {
    "date": "2017-12-06",
    "symbol": "BF-B",
    "eps": 0.5,
    "epsEstimated": 0.43,
    "time": "bmo",
    "revenue": 914000000,
    "revenueEstimated": 765209302,
    "updatedFromDate": "2025-04-25",
    "fiscalDateEnding": "2017-10-31"
  },
  {
    "date": "2017-08-30",
    "symbol": "BF-B",
    "eps": 0.37,
    "epsEstimated": 0.31,
    "time": "bmo",
    "revenue": 723000000,
    "revenueEstimated": 583064516,
    "updatedFromDate": "2025-04-25",
    "fiscalDateEnding": "2017-07-31"
  },
  {
    "date": "2017-06-07",
    "symbol": "BF-B",
    "eps": 0.3,
    "epsEstimated": 0.32,
    "time": "bmo",
    "revenue": 694000000,
    "revenueEstimated": 738437500,
    "updatedFromDate": "2025-04-25",
    "fiscalDateEnding": "2017-04-30"
  },
  {
    "date": "2017-03-07",
    "symbol": "BF-B",
    "eps": 0.38,
    "epsEstimated": 0.38,
    "time": "bmo",
    "revenue": 808000000,
    "revenueEstimated": 808000000,
    "updatedFromDate": "2025-04-25",
    "fiscalDateEnding": "2017-01-31"
  },
  {
    "date": "2016-12-07",
    "symbol": "BF-B",
    "eps": 0.4,
    "epsEstimated": 0.4,
    "time": "bmo",
    "revenue": 830000000,
    "revenueEstimated": 830000000,
    "updatedFromDate": "2025-04-25",
    "fiscalDateEnding": "2016-10-31"
  },
  {
    "date": "2016-08-31",
    "symbol": "BF-B",
    "eps": 0.29,
    "epsEstimated": 0.29,
    "time": "bmo",
    "revenue": 661000000,
    "revenueEstimated": 661000000,
    "updatedFromDate": "2025-04-25",
    "fiscalDateEnding": "2016-07-31"
  },
  {
    "date": "2016-06-08",
    "symbol": "BF-B",
    "eps": 0.34,
    "epsEstimated": 0.29,
    "time": "bmo",
    "revenue": 729000000,
    "revenueEstimated": 603310344,
    "updatedFromDate": "2025-04-25",
    "fiscalDateEnding": "2016-04-30"
  }
]