[
  {
    "date": "2026-05-05",
    "symbol": "BG",
    "eps": null,
    "epsEstimated": null,
    "time": "bmo",
    "revenue": null,
    "revenueEstimated": null,
    "updatedFromDate": "2025-10-02",
    "fiscalDateEnding": "2026-03-30"
  },
  {
    "date": "2026-02-03",
    "symbol": "BG",
    "eps": null,
    "epsEstimated": null,
    "time": "bmo",
    "revenue": null,
    "revenueEstimated": null,
    "updatedFromDate": "2025-10-02",
    "fiscalDateEnding": "2025-12-30"
  },
  {
    "date": "2025-10-29",
    "symbol": "BG",
    "eps": null,
    "epsEstimated": 0.82,
    "time": "bmo",
    "revenue": null,
    "revenueEstimated": 22462906470,
    "updatedFromDate": "2025-10-02",
    "fiscalDateEnding": "2025-09-30"
  },
  {
    "date": "2025-07-30",
    "symbol": "BG",
    "eps": 1.31,
    "epsEstimated": 1.09,
    "time": "bmo",
    "revenue": 12769000000,
    "revenueEstimated": 12239003826,
    "updatedFromDate": "2025-10-02",
    "fiscalDateEnding": "2025-06-30"
  },
  {
    "date": "2025-05-07",
    "symbol": "BG",
    "eps": 1.81,
    "epsEstimated": 1.28,
    "time": "bmo",
    "revenue": 11643000000,
    "revenueEstimated": 13017014809,
    "updatedFromDate": "2025-08-07",
    "fiscalDateEnding": "2025-03-31"
  },
  {
    "date": "2025-02-05",
    "symbol": "BG",
    "eps": 2.13,
    "epsEstimated": 2.3,
    "time": "bmo",
    "revenue": 13542000000,
    "revenueEstimated": 13183000000,
    "updatedFromDate": "2025-05-05",
    "fiscalDateEnding": "2024-12-31"
  },
  {
    "date": "2024-10-30",
    "symbol": "BG",
    "eps": 2.29,
    "epsEstimated": 2.14,
    "time": "bmo",
    "revenue": 12908000000,
    "revenueEstimated": 13197652446,
    "updatedFromDate": "2025-04-25",
    "fiscalDateEnding": "2024-09-30"
  },
  {
    "date": "2024-07-31",
    "symbol": "BG",
    "eps": 1.73,
    "epsEstimated": 1.83,
    "time": "bmo",
    "revenue": 13241000000,
    "revenueEstimated": 14304173886,
    "updatedFromDate": "2025-04-25",
    "fiscalDateEnding": "2024-06-30"
  },
  {
    "date": "2024-04-24",
    "symbol": "BG",
    "eps": 3.04,
    "epsEstimated": 2.53,
    "time": "bmo",
    "revenue": 13417000000,
    "revenueEstimated": 13955846825,
    "updatedFromDate": "2025-04-25",
    "fiscalDateEnding": "2024-03-31"
  },
  {
    "date": "2024-02-07",
    "symbol": "BG",
    "eps": 3.7,
    "epsEstimated": 2.81,
    "time": "bmo",
    "revenue": 14936000000,
    "revenueEstimated": 14093800000,
    "updatedFromDate": "2025-04-25",
    "fiscalDateEnding": "2023-12-31"
  },
  {
    "date": "2023-10-26",
    "symbol": "BG",
    "eps": 2.99,
    "epsEstimated": 2.5,
    "time": "bmo",
    "revenue": 14227000000,
    "revenueEstimated": 15322700000,
    "updatedFromDate": "2025-04-25",
    "fiscalDateEnding": "2023-09-30"
  },
  {
    "date": "2023-08-02",
    "symbol": "BG",
    "eps": 3.72,
    "epsEstimated": 2.69,
    "time": "bmo",
    "revenue": 15049000000,
    "revenueEstimated": 16394400000,
    "updatedFromDate": "2025-04-25",
    "fiscalDateEnding": "2023-06-30"
  },
  {
    "date": "2023-05-03",
    "symbol": "BG",
    "eps": 3.26,
    "epsEstimated": 3.24,
    "time": "bmo",
    "revenue": 15328000000,
    "revenueEstimated": 14780100000,
    "updatedFromDate": "2025-04-25",
    "fiscalDateEnding": "2023-03-31"
  },
  {
    "date": "2023-02-08",
    "symbol": "BG",
    "eps": 3.24,
    "epsEstimated": 3.19,
    "time": "bmo",
    "revenue": 16660000000,
    "revenueEstimated": 18134222093,
    "updatedFromDate": "2025-04-25",
    "fiscalDateEnding": "2022-12-31"
  },
  {
    "date": "2022-10-26",
    "symbol": "BG",
    "eps": 3.45,
    "epsEstimated": 2.44,
    "time": "bmo",
    "revenue": 16759000000,
    "revenueEstimated": 15947721944,
    "updatedFromDate": "2025-04-25",
    "fiscalDateEnding": "2022-09-30"
  },
  {
    "date": "2022-07-27",
    "symbol": "BG",
    "eps": 2.97,
    "epsEstimated": 3.4,
    "time": "bmo",
    "revenue": 17933000000,
    "revenueEstimated": 18541945858,
    "updatedFromDate": "2025-04-25",
    "fiscalDateEnding": "2022-06-30"
  },
  {
    "date": "2022-04-27",
    "symbol": "BG",
    "eps": 4.26,
    "epsEstimated": 2.94,
    "time": "bmo",
    "revenue": 15880000000,
    "revenueEstimated": 14632168583,
    "updatedFromDate": "2025-04-25",
    "fiscalDateEnding": "2022-03-31"
  },
  {
    "date": "2022-02-09",
    "symbol": "BG",
    "eps": 3.49,
    "epsEstimated": 3.05,
    "time": "bmo",
    "revenue": 16683000000,
    "revenueEstimated": 15315882857,
    "updatedFromDate": "2025-04-25",
    "fiscalDateEnding": "2021-12-31"
  },
  {
    "date": "2021-10-27",
    "symbol": "BG",
    "eps": 3.72,
    "epsEstimated": 1.42,
    "time": "bmo",
    "revenue": 14117000000,
    "revenueEstimated": 13289100000,
    "updatedFromDate": "2025-04-25",
    "fiscalDateEnding": "2021-09-30"
  },
  {
    "date": "2021-07-28",
    "symbol": "BG",
    "eps": 2.61,
    "epsEstimated": 1.6,
    "time": "bmo",
    "revenue": 15391000000,
    "revenueEstimated": 12965100000,
    "updatedFromDate": "2025-04-25",
    "fiscalDateEnding": "2021-06-30"
  },
  {
    "date": "2021-05-04",
    "symbol": "BG",
    "eps": 3.13,
    "epsEstimated": 1.55,
    "time": "bmo",
    "revenue": 12961000000,
    "revenueEstimated": 10608209361,
    "updatedFromDate": "2025-04-25",
    "fiscalDateEnding": "2021-03-31"
  },
  {
    "date": "2021-02-10",
    "symbol": "BG",
    "eps": 3.05,
    "epsEstimated": 1.82,
    "time": "bmo",
    "revenue": 12610000000,
    "revenueEstimated": 10117446428,
    "updatedFromDate": "2025-04-25",
    "fiscalDateEnding": "2020-12-31"
  },
  {
    "date": "2020-10-28",
    "symbol": "BG",
    "eps": 2.47,
    "epsEstimated": 0.2,
    "time": "bmo",
    "revenue": 10159000000,
    "revenueEstimated": 822591093,
    "updatedFromDate": "2025-04-25",
    "fiscalDateEnding": "2020-09-30"
  },
  {
    "date": "2020-07-29",
    "symbol": "BG",
    "eps": 3.88,
    "epsEstimated": 1.32,
    "time": "bmo",
    "revenue": 9462000000,
    "revenueEstimated": 3219030927,
    "updatedFromDate": "2025-04-25",
    "fiscalDateEnding": "2020-06-30"
  },
  {
    "date": "2020-05-06",
    "symbol": "BG",
    "eps": -1.34,
    "epsEstimated": 0.64,
    "time": "bmo",
    "revenue": 9173000000,
    "revenueEstimated": 4586500000,
    "updatedFromDate": "2025-04-25",
    "fiscalDateEnding": "2020-03-31"
  },
  {
    "date": "2020-02-12",
    "symbol": "BG",
    "eps": 1.27,
    "epsEstimated": 0.22,
    "time": "bmo",
    "revenue": 10783000000,
    "revenueEstimated": 2716976377,
    "updatedFromDate": "2025-04-25",
    "fiscalDateEnding": "2019-12-31"
  },
  {
    "date": "2019-10-30",
    "symbol": "BG",
    "eps": 1.41,
    "epsEstimated": 0.54,
    "time": "bmo",
    "revenue": 10323000000,
    "revenueEstimated": 3514212765,
    "updatedFromDate": "2025-04-25",
    "fiscalDateEnding": "2019-09-30"
  },
  {
    "date": "2019-07-31",
    "symbol": "BG",
    "eps": 1.52,
    "epsEstimated": 0.32,
    "time": "bmo",
    "revenue": 10096000000,
    "revenueEstimated": 2258315789,
    "updatedFromDate": "2025-04-25",
    "fiscalDateEnding": "2019-06-30"
  },
  {
    "date": "2019-05-08",
    "symbol": "BG",
    "eps": 0.36,
    "epsEstimated": 0.02612,
    "time": "bmo",
    "revenue": 9938000000,
    "revenueEstimated": 828166666,
    "updatedFromDate": "2025-04-25",
    "fiscalDateEnding": "2019-03-31"
  },
  {
    "date": "2019-02-21",
    "symbol": "BG",
    "eps": 0.08,
    "epsEstimated": 0.19,
    "time": "bmo",
    "revenue": 11543000000,
    "revenueEstimated": 28857500000,
    "updatedFromDate": "2025-04-25",
    "fiscalDateEnding": "2018-12-31"
  },
  {
    "date": "2018-10-31",
    "symbol": "BG",
    "eps": 2.52,
    "epsEstimated": 2.39,
    "time": "bmo",
    "revenue": 11412000000,
    "revenueEstimated": 10823285714,
    "updatedFromDate": "2025-04-25",
    "fiscalDateEnding": "2018-09-30"
  },
  {
    "date": "2018-08-01",
    "symbol": "BG",
    "eps": 0.1,
    "epsEstimated": 1.05,
    "time": "bmo",
    "revenue": 12147000000,
    "revenueEstimated": 126328800000,
    "updatedFromDate": "2025-04-25",
    "fiscalDateEnding": "2018-06-30"
  },
  {
    "date": "2018-05-02",
    "symbol": "BG",
    "eps": -0.06,
    "epsEstimated": -0.16,
    "time": "bmo",
    "revenue": 10641000000,
    "revenueEstimated": 31923000000,
    "updatedFromDate": "2025-04-25",
    "fiscalDateEnding": "2018-03-31"
  },
  {
    "date": "2018-02-14",
    "symbol": "BG",
    "eps": 0.67,
    "epsEstimated": 1.48,
    "time": "bmo",
    "revenue": 11605000000,
    "revenueEstimated": 23729626865,
    "updatedFromDate": "2025-04-25",
    "fiscalDateEnding": "2017-12-31"
  },
  {
    "date": "2017-11-01",
    "symbol": "BG",
    "eps": 0.75,
    "epsEstimated": 0.73,
    "time": "bmo",
    "revenue": 11423000000,
    "revenueEstimated": 11118386666,
    "updatedFromDate": "2025-04-25",
    "fiscalDateEnding": "2017-09-30"
  },
  {
    "date": "2017-08-02",
    "symbol": "BG",
    "eps": 0.17,
    "epsEstimated": 0.1,
    "time": "bmo",
    "revenue": 11645000000,
    "revenueEstimated": 11645000000,
    "updatedFromDate": "2025-04-25",
    "fiscalDateEnding": "2017-06-30"
  },
  {
    "date": "2017-05-03",
    "symbol": "BG",
    "eps": 0.35,
    "epsEstimated": 0.65,
    "time": "bmo",
    "revenue": 11121000000,
    "revenueEstimated": 22242000000,
    "updatedFromDate": "2025-04-25",
    "fiscalDateEnding": "2017-03-31"
  },
  {
    "date": "2017-02-15",
    "symbol": "BG",
    "eps": 1.7,
    "epsEstimated": 1.57,
    "time": "bmo",
    "revenue": 11799000000,
    "revenueEstimated": 10896723529,
    "updatedFromDate": "2025-04-25",
    "fiscalDateEnding": "2016-12-31"
  },
  {
    "date": "2016-11-02",
    "symbol": "BG",
    "eps": 0.73,
    "epsEstimated": 0.81,
    "time": "bmo",
    "revenue": 11423000000,
    "revenueEstimated": 12674835616,
    "updatedFromDate": "2025-04-25",
    "fiscalDateEnding": "2016-09-30"
  },
  {
    "date": "2016-07-28",
    "symbol": "BG",
    "eps": 0.79,
    "epsEstimated": 0.38,
    "time": "bmo",
    "revenue": 10541000000,
    "revenueEstimated": 10427008093,
    "updatedFromDate": "2025-04-25",
    "fiscalDateEnding": "2016-06-30"
  }
]