[
  {
    "date": "2026-04-29",
    "symbol": "BIIB",
    "eps": null,
    "epsEstimated": null,
    "time": "bmo",
    "revenue": null,
    "revenueEstimated": null,
    "updatedFromDate": "2025-10-02",
    "fiscalDateEnding": "2026-03-30"
  },
  {
    "date": "2026-02-10",
    "symbol": "BIIB",
    "eps": null,
    "epsEstimated": null,
    "time": "bmo",
    "revenue": null,
    "revenueEstimated": null,
    "updatedFromDate": "2025-10-02",
    "fiscalDateEnding": "2025-12-30"
  },
  {
    "date": "2025-10-29",
    "symbol": "BIIB",
    "eps": null,
    "epsEstimated": 3.89,
    "time": "bmo",
    "revenue": null,
    "revenueEstimated": 2335594910,
    "updatedFromDate": "2025-10-02",
    "fiscalDateEnding": "2025-09-30"
  },
  {
    "date": "2025-07-31",
    "symbol": "BIIB",
    "eps": 5.47,
    "epsEstimated": 3.9,
    "time": "bmo",
    "revenue": 2645500000,
    "revenueEstimated": 2328231602,
    "updatedFromDate": "2025-10-02",
    "fiscalDateEnding": "2025-06-30"
  },
  {
    "date": "2025-05-01",
    "symbol": "BIIB",
    "eps": 3.02,
    "epsEstimated": 2.9,
    "time": "bmo",
    "revenue": 2431000000,
    "revenueEstimated": 2234222884,
    "updatedFromDate": "2025-08-01",
    "fiscalDateEnding": "2025-03-31"
  },
  {
    "date": "2025-02-12",
    "symbol": "BIIB",
    "eps": 3.44,
    "epsEstimated": 3.43,
    "time": "bmo",
    "revenue": 2454700000,
    "revenueEstimated": 2408313451,
    "updatedFromDate": "2025-05-12",
    "fiscalDateEnding": "2024-12-31"
  },
  {
    "date": "2024-10-30",
    "symbol": "BIIB",
    "eps": 4.08,
    "epsEstimated": 3.77,
    "time": "bmo",
    "revenue": 2465800000,
    "revenueEstimated": 2434500754,
    "updatedFromDate": "2025-04-25",
    "fiscalDateEnding": "2024-09-30"
  },
  {
    "date": "2024-08-01",
    "symbol": "BIIB",
    "eps": 5.28,
    "epsEstimated": 4.07,
    "time": "bmo",
    "revenue": 2353000000,
    "revenueEstimated": 2392415810,
    "updatedFromDate": "2025-04-25",
    "fiscalDateEnding": "2024-06-30"
  },
  {
    "date": "2024-04-24",
    "symbol": "BIIB",
    "eps": 3.67,
    "epsEstimated": 3.47,
    "time": "bmo",
    "revenue": 2200300000,
    "revenueEstimated": 2309062540,
    "updatedFromDate": "2025-04-25",
    "fiscalDateEnding": "2024-03-31"
  },
  {
    "date": "2024-02-13",
    "symbol": "BIIB",
    "eps": 2.95,
    "epsEstimated": 3.16,
    "time": "bmo",
    "revenue": 2386300000,
    "revenueEstimated": 2465030000,
    "updatedFromDate": "2025-04-25",
    "fiscalDateEnding": "2023-12-31"
  },
  {
    "date": "2023-11-08",
    "symbol": "BIIB",
    "eps": 4.36,
    "epsEstimated": 3.99,
    "time": "bmo",
    "revenue": 2530300000,
    "revenueEstimated": 2389710000,
    "updatedFromDate": "2025-04-25",
    "fiscalDateEnding": "2023-09-30"
  },
  {
    "date": "2023-07-25",
    "symbol": "BIIB",
    "eps": 4.02,
    "epsEstimated": 3.77,
    "time": "bmo",
    "revenue": 2456000000,
    "revenueEstimated": 2369330000,
    "updatedFromDate": "2025-04-25",
    "fiscalDateEnding": "2023-06-30"
  },
  {
    "date": "2023-04-25",
    "symbol": "BIIB",
    "eps": 3.4,
    "epsEstimated": 3.28,
    "time": "bmo",
    "revenue": 2463000000,
    "revenueEstimated": 2341920000,
    "updatedFromDate": "2025-04-25",
    "fiscalDateEnding": "2023-03-31"
  },
  {
    "date": "2023-02-15",
    "symbol": "BIIB",
    "eps": 4.05,
    "epsEstimated": 3.48,
    "time": "bmo",
    "revenue": 2544000000,
    "revenueEstimated": 2445157198,
    "updatedFromDate": "2025-04-25",
    "fiscalDateEnding": "2022-12-31"
  },
  {
    "date": "2022-10-25",
    "symbol": "BIIB",
    "eps": 4.77,
    "epsEstimated": 4.13,
    "time": "bmo",
    "revenue": 2508500000,
    "revenueEstimated": 2468989552,
    "updatedFromDate": "2025-04-25",
    "fiscalDateEnding": "2022-09-30"
  },
  {
    "date": "2022-07-20",
    "symbol": "BIIB",
    "eps": 5.25,
    "epsEstimated": 4.06,
    "time": "bmo",
    "revenue": 2589100000,
    "revenueEstimated": 2473741769,
    "updatedFromDate": "2025-04-25",
    "fiscalDateEnding": "2022-06-30"
  },
  {
    "date": "2022-05-03",
    "symbol": "BIIB",
    "eps": 3.62,
    "epsEstimated": 4.41,
    "time": "bmo",
    "revenue": 2531800000,
    "revenueEstimated": 2499872700,
    "updatedFromDate": "2025-04-25",
    "fiscalDateEnding": "2022-03-31"
  },
  {
    "date": "2022-02-03",
    "symbol": "BIIB",
    "eps": 3.39,
    "epsEstimated": 3.32,
    "time": "bmo",
    "revenue": 2733800000,
    "revenueEstimated": 2619978819,
    "updatedFromDate": "2025-04-25",
    "fiscalDateEnding": "2021-12-31"
  },
  {
    "date": "2021-10-20",
    "symbol": "BIIB",
    "eps": 4.77,
    "epsEstimated": 4.15,
    "time": "bmo",
    "revenue": 2778900000,
    "revenueEstimated": 2670320000,
    "updatedFromDate": "2025-04-25",
    "fiscalDateEnding": "2021-09-30"
  },
  {
    "date": "2021-07-22",
    "symbol": "BIIB",
    "eps": 5.68,
    "epsEstimated": 4.57,
    "time": "bmo",
    "revenue": 2775000000,
    "revenueEstimated": 2675100000,
    "updatedFromDate": "2025-04-25",
    "fiscalDateEnding": "2021-06-30"
  },
  {
    "date": "2021-04-22",
    "symbol": "BIIB",
    "eps": 5.34,
    "epsEstimated": 5.06,
    "time": "bmo",
    "revenue": 2694000000,
    "revenueEstimated": 2665080000,
    "updatedFromDate": "2025-04-25",
    "fiscalDateEnding": "2021-03-31"
  },
  {
    "date": "2021-02-03",
    "symbol": "BIIB",
    "eps": 4.58,
    "epsEstimated": 4.93,
    "time": "bmo",
    "revenue": 2852600000,
    "revenueEstimated": 3022467351,
    "updatedFromDate": "2025-04-25",
    "fiscalDateEnding": "2020-12-31"
  },
  {
    "date": "2020-10-21",
    "symbol": "BIIB",
    "eps": 8.84,
    "epsEstimated": 8.06,
    "time": "bmo",
    "revenue": 3376100000,
    "revenueEstimated": 1068392307,
    "updatedFromDate": "2025-04-25",
    "fiscalDateEnding": "2020-09-30"
  },
  {
    "date": "2020-07-22",
    "symbol": "BIIB",
    "eps": 10.26,
    "epsEstimated": 8.03,
    "time": "bmo",
    "revenue": 3681600000,
    "revenueEstimated": 2881408187,
    "updatedFromDate": "2025-04-25",
    "fiscalDateEnding": "2020-06-30"
  },
  {
    "date": "2020-04-22",
    "symbol": "BIIB",
    "eps": 9.14,
    "epsEstimated": 7.73,
    "time": "bmo",
    "revenue": 3534300000,
    "revenueEstimated": 2989074288,
    "updatedFromDate": "2025-04-25",
    "fiscalDateEnding": "2020-03-31"
  },
  {
    "date": "2020-01-30",
    "symbol": "BIIB",
    "eps": 8.34,
    "epsEstimated": 8.02,
    "time": "bmo",
    "revenue": 3671300000,
    "revenueEstimated": 3530434772,
    "updatedFromDate": "2025-04-25",
    "fiscalDateEnding": "2019-12-31"
  },
  {
    "date": "2019-10-22",
    "symbol": "BIIB",
    "eps": 9.17,
    "epsEstimated": 8.27,
    "time": "bmo",
    "revenue": 3600100000,
    "revenueEstimated": 3246764122,
    "updatedFromDate": "2025-04-25",
    "fiscalDateEnding": "2019-09-30"
  },
  {
    "date": "2019-07-23",
    "symbol": "BIIB",
    "eps": 9.15,
    "epsEstimated": 7.53,
    "time": "bmo",
    "revenue": 3616700000,
    "revenueEstimated": 2976366229,
    "updatedFromDate": "2025-04-25",
    "fiscalDateEnding": "2019-06-30"
  },
  {
    "date": "2019-04-24",
    "symbol": "BIIB",
    "eps": 6.98,
    "epsEstimated": 6.87,
    "time": "bmo",
    "revenue": 3489800000,
    "revenueEstimated": 3434803151,
    "updatedFromDate": "2025-04-25",
    "fiscalDateEnding": "2019-03-31"
  },
  {
    "date": "2019-01-29",
    "symbol": "BIIB",
    "eps": 6.99,
    "epsEstimated": 6.72,
    "time": "bmo",
    "revenue": 3526300000,
    "revenueEstimated": 3395135765,
    "updatedFromDate": "2025-04-25",
    "fiscalDateEnding": "2018-12-31"
  },
  {
    "date": "2018-10-23",
    "symbol": "BIIB",
    "eps": 7.4,
    "epsEstimated": 6.78,
    "time": "bmo",
    "revenue": 3439000000,
    "revenueEstimated": 3150867567,
    "updatedFromDate": "2025-04-25",
    "fiscalDateEnding": "2018-09-30"
  },
  {
    "date": "2018-07-24",
    "symbol": "BIIB",
    "eps": 5.8,
    "epsEstimated": 5.22,
    "time": "bmo",
    "revenue": 3356500000,
    "revenueEstimated": 3015062931,
    "updatedFromDate": "2025-04-25",
    "fiscalDateEnding": "2018-06-30"
  },
  {
    "date": "2018-04-24",
    "symbol": "BIIB",
    "eps": 6.05,
    "epsEstimated": 5.94,
    "time": "bmo",
    "revenue": 3131100000,
    "revenueEstimated": 3074170909,
    "updatedFromDate": "2025-04-25",
    "fiscalDateEnding": "2018-03-31"
  },
  {
    "date": "2018-01-25",
    "symbol": "BIIB",
    "eps": 5.26,
    "epsEstimated": 5.44,
    "time": "bmo",
    "revenue": 3307000000,
    "revenueEstimated": 3426454372,
    "updatedFromDate": "2025-04-25",
    "fiscalDateEnding": "2017-12-31"
  },
  {
    "date": "2017-10-24",
    "symbol": "BIIB",
    "eps": 6.31,
    "epsEstimated": 5.73,
    "time": "bmo",
    "revenue": 3077800000,
    "revenueEstimated": 2794896038,
    "updatedFromDate": "2025-04-25",
    "fiscalDateEnding": "2017-09-30"
  },
  {
    "date": "2017-07-25",
    "symbol": "BIIB",
    "eps": 5.04,
    "epsEstimated": 4.41,
    "time": "bmo",
    "revenue": 3078400000,
    "revenueEstimated": 2693600000,
    "updatedFromDate": "2025-04-25",
    "fiscalDateEnding": "2017-06-30"
  },
  {
    "date": "2017-04-25",
    "symbol": "BIIB",
    "eps": 5.2,
    "epsEstimated": 4.97,
    "time": "bmo",
    "revenue": 2810700000,
    "revenueEstimated": 2686380576,
    "updatedFromDate": "2025-04-25",
    "fiscalDateEnding": "2017-03-31"
  },
  {
    "date": "2017-01-26",
    "symbol": "BIIB",
    "eps": 5.04,
    "epsEstimated": 4.97,
    "time": "bmo",
    "revenue": 2872000000,
    "revenueEstimated": 2826412698,
    "updatedFromDate": "2025-04-25",
    "fiscalDateEnding": "2016-12-31"
  },
  {
    "date": "2016-10-26",
    "symbol": "BIIB",
    "eps": 5.19,
    "epsEstimated": 4.97,
    "time": "bmo",
    "revenue": 2955800000,
    "revenueEstimated": 2830505973,
    "updatedFromDate": "2025-04-25",
    "fiscalDateEnding": "2016-09-30"
  },
  {
    "date": "2016-07-21",
    "symbol": "BIIB",
    "eps": 5.21,
    "epsEstimated": 4.67,
    "time": "bmo",
    "revenue": 2894200000,
    "revenueEstimated": 2594225335,
    "updatedFromDate": "2025-04-25",
    "fiscalDateEnding": "2016-06-30"
  }
]