[
  {
    "date": "2026-04-09",
    "symbol": "BK",
    "eps": null,
    "epsEstimated": null,
    "time": "bmo",
    "revenue": null,
    "revenueEstimated": null,
    "updatedFromDate": "2025-10-02",
    "fiscalDateEnding": "2026-03-30"
  },
  {
    "date": "2026-01-13",
    "symbol": "BK",
    "eps": null,
    "epsEstimated": null,
    "time": "bmo",
    "revenue": null,
    "revenueEstimated": null,
    "updatedFromDate": "2025-10-02",
    "fiscalDateEnding": "2025-12-30"
  },
  {
    "date": "2025-10-16",
    "symbol": "BK",
    "eps": null,
    "epsEstimated": 1.75,
    "time": "bmo",
    "revenue": null,
    "revenueEstimated": 4943812920,
    "updatedFromDate": "2025-10-02",
    "fiscalDateEnding": "2025-09-30"
  },
  {
    "date": "2025-07-15",
    "symbol": "BK",
    "eps": 1.94,
    "epsEstimated": 1.75,
    "time": "bmo",
    "revenue": 10324000000,
    "revenueEstimated": 4778204559,
    "updatedFromDate": "2025-10-02",
    "fiscalDateEnding": "2025-06-30"
  },
  {
    "date": "2025-04-11",
    "symbol": "BK",
    "eps": 1.58,
    "epsEstimated": 1.5,
    "time": "bmo",
    "revenue": 4687000000,
    "revenueEstimated": 4763910029,
    "updatedFromDate": "2025-07-11",
    "fiscalDateEnding": "2025-03-31"
  },
  {
    "date": "2025-01-15",
    "symbol": "BK",
    "eps": 1.72,
    "epsEstimated": 1.53,
    "time": "bmo",
    "revenue": 4760000000,
    "revenueEstimated": 4660020276,
    "updatedFromDate": "2025-04-25",
    "fiscalDateEnding": "2024-12-31"
  },
  {
    "date": "2024-10-11",
    "symbol": "BK",
    "eps": 1.52,
    "epsEstimated": 1.42,
    "time": "bmo",
    "revenue": 4558000000,
    "revenueEstimated": 4536317668,
    "updatedFromDate": "2025-04-25",
    "fiscalDateEnding": "2024-09-30"
  },
  {
    "date": "2024-07-12",
    "symbol": "BK",
    "eps": 1.51,
    "epsEstimated": 1.43,
    "time": "bmo",
    "revenue": 4597000000,
    "revenueEstimated": 4526558580,
    "updatedFromDate": "2025-04-25",
    "fiscalDateEnding": "2024-06-30"
  },
  {
    "date": "2024-04-16",
    "symbol": "BK",
    "eps": 1.29,
    "epsEstimated": 1.19,
    "time": "bmo",
    "revenue": 4431000000,
    "revenueEstimated": 4388294164,
    "updatedFromDate": "2025-04-25",
    "fiscalDateEnding": "2024-03-31"
  },
  {
    "date": "2024-01-12",
    "symbol": "BK",
    "eps": 1.28,
    "epsEstimated": 1.12,
    "time": "bmo",
    "revenue": 4367000000,
    "revenueEstimated": 4319960000,
    "updatedFromDate": "2025-04-25",
    "fiscalDateEnding": "2023-12-31"
  },
  {
    "date": "2023-10-17",
    "symbol": "BK",
    "eps": 1.22,
    "epsEstimated": 1.15,
    "time": "bmo",
    "revenue": 4285000000,
    "revenueEstimated": 4350560000,
    "updatedFromDate": "2025-04-25",
    "fiscalDateEnding": "2023-09-30"
  },
  {
    "date": "2023-07-18",
    "symbol": "BK",
    "eps": 1.3,
    "epsEstimated": 1.22,
    "time": "bmo",
    "revenue": 4361000000,
    "revenueEstimated": 4374820000,
    "updatedFromDate": "2025-04-25",
    "fiscalDateEnding": "2023-06-30"
  },
  {
    "date": "2023-04-18",
    "symbol": "BK",
    "eps": 1.12,
    "epsEstimated": 1.12,
    "time": "bmo",
    "revenue": 4331000000,
    "revenueEstimated": 4400830000,
    "updatedFromDate": "2025-04-25",
    "fiscalDateEnding": "2023-03-31"
  },
  {
    "date": "2023-01-13",
    "symbol": "BK",
    "eps": 1.3,
    "epsEstimated": 1.22,
    "time": "bmo",
    "revenue": 3832000000,
    "revenueEstimated": 4202805838,
    "updatedFromDate": "2025-04-25",
    "fiscalDateEnding": "2022-12-31"
  },
  {
    "date": "2022-10-17",
    "symbol": "BK",
    "eps": 1.21,
    "epsEstimated": 1.1,
    "time": "bmo",
    "revenue": 4154000000,
    "revenueEstimated": 4194455347,
    "updatedFromDate": "2025-04-25",
    "fiscalDateEnding": "2022-09-30"
  },
  {
    "date": "2022-07-15",
    "symbol": "BK",
    "eps": 1.15,
    "epsEstimated": 1.12,
    "time": "bmo",
    "revenue": 4164000000,
    "revenueEstimated": 4171802141,
    "updatedFromDate": "2025-04-25",
    "fiscalDateEnding": "2022-06-30"
  },
  {
    "date": "2022-04-18",
    "symbol": "BK",
    "eps": 0.94,
    "epsEstimated": 0.85,
    "time": "bmo",
    "revenue": 3847000000,
    "revenueEstimated": 3940148875,
    "updatedFromDate": "2025-04-25",
    "fiscalDateEnding": "2022-03-31"
  },
  {
    "date": "2022-01-18",
    "symbol": "BK",
    "eps": 1.04,
    "epsEstimated": 1.01,
    "time": "bmo",
    "revenue": 3940000000,
    "revenueEstimated": 4038980000,
    "updatedFromDate": "2025-04-25",
    "fiscalDateEnding": "2021-12-31"
  },
  {
    "date": "2021-10-19",
    "symbol": "BK",
    "eps": 1.04,
    "epsEstimated": 1.01,
    "time": "bmo",
    "revenue": 3959000000,
    "revenueEstimated": 3896660000,
    "updatedFromDate": "2025-04-25",
    "fiscalDateEnding": "2021-09-30"
  },
  {
    "date": "2021-07-15",
    "symbol": "BK",
    "eps": 1.13,
    "epsEstimated": 1,
    "time": "bmo",
    "revenue": 3887000000,
    "revenueEstimated": 3858280000,
    "updatedFromDate": "2025-04-25",
    "fiscalDateEnding": "2021-06-30"
  },
  {
    "date": "2021-04-16",
    "symbol": "BK",
    "eps": 0.97,
    "epsEstimated": 0.87,
    "time": "bmo",
    "revenue": 3847000000,
    "revenueEstimated": 3404816091,
    "updatedFromDate": "2025-04-25",
    "fiscalDateEnding": "2021-03-31"
  },
  {
    "date": "2021-01-20",
    "symbol": "BK",
    "eps": 0.96,
    "epsEstimated": 0.91,
    "time": "bmo",
    "revenue": 3768000000,
    "revenueEstimated": 3576087912,
    "updatedFromDate": "2025-04-25",
    "fiscalDateEnding": "2020-12-31"
  },
  {
    "date": "2020-10-16",
    "symbol": "BK",
    "eps": 0.98,
    "epsEstimated": 0.94,
    "time": "bmo",
    "revenue": 3762000000,
    "revenueEstimated": 3437234042,
    "updatedFromDate": "2025-04-25",
    "fiscalDateEnding": "2020-09-30"
  },
  {
    "date": "2020-07-15",
    "symbol": "BK",
    "eps": 1.01,
    "epsEstimated": 0.91,
    "time": "bmo",
    "revenue": 3925000000,
    "revenueEstimated": 3612970297,
    "updatedFromDate": "2025-04-25",
    "fiscalDateEnding": "2020-06-30"
  },
  {
    "date": "2020-04-16",
    "symbol": "BK",
    "eps": 1.05,
    "epsEstimated": 0.9,
    "time": "bmo",
    "revenue": 4017000000,
    "revenueEstimated": 3521142857,
    "updatedFromDate": "2025-04-25",
    "fiscalDateEnding": "2020-03-31"
  },
  {
    "date": "2020-01-16",
    "symbol": "BK",
    "eps": 1.01,
    "epsEstimated": 0.99,
    "time": "bmo",
    "revenue": 4686000000,
    "revenueEstimated": 4778000000,
    "updatedFromDate": "2025-04-25",
    "fiscalDateEnding": "2019-12-31"
  },
  {
    "date": "2019-10-16",
    "symbol": "BK",
    "eps": 1.07,
    "epsEstimated": 0.99,
    "time": "bmo",
    "revenue": 3764000000,
    "revenueEstimated": 3572327102,
    "updatedFromDate": "2025-04-25",
    "fiscalDateEnding": "2019-09-30"
  },
  {
    "date": "2019-07-17",
    "symbol": "BK",
    "eps": 1.01,
    "epsEstimated": 0.95,
    "time": "bmo",
    "revenue": 3830000000,
    "revenueEstimated": 3690891089,
    "updatedFromDate": "2025-04-25",
    "fiscalDateEnding": "2019-06-30"
  },
  {
    "date": "2019-04-17",
    "symbol": "BK",
    "eps": 0.94,
    "epsEstimated": 0.96,
    "time": "bmo",
    "revenue": 3808000000,
    "revenueEstimated": 3981957446,
    "updatedFromDate": "2025-04-25",
    "fiscalDateEnding": "2019-03-31"
  },
  {
    "date": "2019-01-16",
    "symbol": "BK",
    "eps": 0.99,
    "epsEstimated": 0.92,
    "time": "bmo",
    "revenue": 3622000000,
    "revenueEstimated": 3723676767,
    "updatedFromDate": "2025-04-25",
    "fiscalDateEnding": "2018-12-31"
  },
  {
    "date": "2018-10-18",
    "symbol": "BK",
    "eps": 1.06,
    "epsEstimated": 1.04,
    "time": "bmo",
    "revenue": 3970000000,
    "revenueEstimated": 3992226415,
    "updatedFromDate": "2025-04-25",
    "fiscalDateEnding": "2018-09-30"
  },
  {
    "date": "2018-07-19",
    "symbol": "BK",
    "eps": 1.03,
    "epsEstimated": 1.02,
    "time": "bmo",
    "revenue": 4032000000,
    "revenueEstimated": 4097825242,
    "updatedFromDate": "2025-04-25",
    "fiscalDateEnding": "2018-06-30"
  },
  {
    "date": "2018-04-19",
    "symbol": "BK",
    "eps": 1.1,
    "epsEstimated": 0.96,
    "time": "bmo",
    "revenue": 4072000000,
    "revenueEstimated": 3646254545,
    "updatedFromDate": "2025-04-25",
    "fiscalDateEnding": "2018-03-31"
  },
  {
    "date": "2018-01-18",
    "symbol": "BK",
    "eps": 0.91,
    "epsEstimated": 0.91,
    "time": "bmo",
    "revenue": 3622000000,
    "revenueEstimated": 3728000000,
    "updatedFromDate": "2025-04-25",
    "fiscalDateEnding": "2017-12-31"
  },
  {
    "date": "2017-10-19",
    "symbol": "BK",
    "eps": 0.94,
    "epsEstimated": 0.92,
    "time": "bmo",
    "revenue": 3907000000,
    "revenueEstimated": 3930553191,
    "updatedFromDate": "2025-04-25",
    "fiscalDateEnding": "2017-09-30"
  },
  {
    "date": "2017-07-20",
    "symbol": "BK",
    "eps": 0.88,
    "epsEstimated": 0.84,
    "time": "bmo",
    "revenue": 3852000000,
    "revenueEstimated": 3776181818,
    "updatedFromDate": "2025-04-25",
    "fiscalDateEnding": "2017-06-30"
  },
  {
    "date": "2017-04-20",
    "symbol": "BK",
    "eps": 0.81,
    "epsEstimated": 0.8,
    "time": "bmo",
    "revenue": 3743000000,
    "revenueEstimated": 3704096385,
    "updatedFromDate": "2025-04-25",
    "fiscalDateEnding": "2017-03-31"
  },
  {
    "date": "2017-01-19",
    "symbol": "BK",
    "eps": 0.77,
    "epsEstimated": 0.77,
    "time": "bmo",
    "revenue": 3692000000,
    "revenueEstimated": 3790000000,
    "updatedFromDate": "2025-04-25",
    "fiscalDateEnding": "2016-12-31"
  },
  {
    "date": "2016-10-20",
    "symbol": "BK",
    "eps": 0.9,
    "epsEstimated": 0.81,
    "time": "bmo",
    "revenue": 3836000000,
    "revenueEstimated": 3546900000,
    "updatedFromDate": "2025-04-25",
    "fiscalDateEnding": "2016-09-30"
  },
  {
    "date": "2016-07-21",
    "symbol": "BK",
    "eps": 0.76,
    "epsEstimated": 0.75,
    "time": "bmo",
    "revenue": 3674000000,
    "revenueEstimated": 3726315789,
    "updatedFromDate": "2025-04-25",
    "fiscalDateEnding": "2016-06-30"
  }
]