[
  {
    "date": "2026-04-27",
    "symbol": "BKNG",
    "eps": null,
    "epsEstimated": null,
    "time": "amc",
    "revenue": null,
    "revenueEstimated": null,
    "updatedFromDate": "2025-10-02",
    "fiscalDateEnding": "2026-03-30"
  },
  {
    "date": "2026-02-18",
    "symbol": "BKNG",
    "eps": null,
    "epsEstimated": null,
    "time": "amc",
    "revenue": null,
    "revenueEstimated": null,
    "updatedFromDate": "2025-10-02",
    "fiscalDateEnding": "2025-12-30"
  },
  {
    "date": "2025-10-28",
    "symbol": "BKNG",
    "eps": null,
    "epsEstimated": 95.56,
    "time": "amc",
    "revenue": null,
    "revenueEstimated": 8706853120,
    "updatedFromDate": "2025-10-02",
    "fiscalDateEnding": "2025-09-30"
  },
  {
    "date": "2025-07-29",
    "symbol": "BKNG",
    "eps": 55.4,
    "epsEstimated": 50.32,
    "time": "amc",
    "revenue": 6798000000,
    "revenueEstimated": 6552939611,
    "updatedFromDate": "2025-10-02",
    "fiscalDateEnding": "2025-06-30"
  },
  {
    "date": "2025-04-29",
    "symbol": "BKNG",
    "eps": 24.81,
    "epsEstimated": 17.34,
    "time": "amc",
    "revenue": 4762000000,
    "revenueEstimated": 4596095384,
    "updatedFromDate": "2025-07-29",
    "fiscalDateEnding": "2025-03-31"
  },
  {
    "date": "2025-02-20",
    "symbol": "BKNG",
    "eps": 41.55,
    "epsEstimated": 35.82,
    "time": "amc",
    "revenue": 5471000000,
    "revenueEstimated": 5180249999,
    "updatedFromDate": "2025-05-20",
    "fiscalDateEnding": "2024-12-31"
  },
  {
    "date": "2024-10-30",
    "symbol": "BKNG",
    "eps": 83.89,
    "epsEstimated": 77.52,
    "time": "amc",
    "revenue": 7994000000,
    "revenueEstimated": 7636651399,
    "updatedFromDate": "2025-04-25",
    "fiscalDateEnding": "2024-09-30"
  },
  {
    "date": "2024-08-01",
    "symbol": "BKNG",
    "eps": 41.9,
    "epsEstimated": 38.37,
    "time": "amc",
    "revenue": 5859000000,
    "revenueEstimated": 5771483866,
    "updatedFromDate": "2025-04-25",
    "fiscalDateEnding": "2024-06-30"
  },
  {
    "date": "2024-05-02",
    "symbol": "BKNG",
    "eps": 20.39,
    "epsEstimated": 14.09,
    "time": "amc",
    "revenue": 4415000000,
    "revenueEstimated": 4253910412,
    "updatedFromDate": "2025-04-25",
    "fiscalDateEnding": "2024-03-31"
  },
  {
    "date": "2024-02-22",
    "symbol": "BKNG",
    "eps": 32,
    "epsEstimated": 29.48,
    "time": "amc",
    "revenue": 4784000000,
    "revenueEstimated": 4705988098,
    "updatedFromDate": "2025-04-25",
    "fiscalDateEnding": "2023-12-31"
  },
  {
    "date": "2023-11-02",
    "symbol": "BKNG",
    "eps": 72.32,
    "epsEstimated": 67.61,
    "time": "amc",
    "revenue": 7341000000,
    "revenueEstimated": 6851200000,
    "updatedFromDate": "2025-04-25",
    "fiscalDateEnding": "2023-09-30"
  },
  {
    "date": "2023-08-03",
    "symbol": "BKNG",
    "eps": 37.62,
    "epsEstimated": 28.9,
    "time": "amc",
    "revenue": 5462000000,
    "revenueEstimated": 5170440000,
    "updatedFromDate": "2025-04-25",
    "fiscalDateEnding": "2023-06-30"
  },
  {
    "date": "2023-05-04",
    "symbol": "BKNG",
    "eps": 11.6,
    "epsEstimated": 10.48,
    "time": "amc",
    "revenue": 3778000000,
    "revenueEstimated": 3774150000,
    "updatedFromDate": "2025-04-25",
    "fiscalDateEnding": "2023-03-31"
  },
  {
    "date": "2023-02-23",
    "symbol": "BKNG",
    "eps": 24.74,
    "epsEstimated": 22.23,
    "time": "amc",
    "revenue": 4049000000,
    "revenueEstimated": 3895636127,
    "updatedFromDate": "2025-04-25",
    "fiscalDateEnding": "2022-12-31"
  },
  {
    "date": "2022-11-02",
    "symbol": "BKNG",
    "eps": 53.03,
    "epsEstimated": 49.92,
    "time": "amc",
    "revenue": 6052000000,
    "revenueEstimated": 5915519554,
    "updatedFromDate": "2025-04-25",
    "fiscalDateEnding": "2022-09-30"
  },
  {
    "date": "2022-08-03",
    "symbol": "BKNG",
    "eps": 19.08,
    "epsEstimated": 17.48,
    "time": "amc",
    "revenue": 4294000000,
    "revenueEstimated": 4332475547,
    "updatedFromDate": "2025-04-25",
    "fiscalDateEnding": "2022-06-30"
  },
  {
    "date": "2022-05-04",
    "symbol": "BKNG",
    "eps": 3.9,
    "epsEstimated": -0.14,
    "time": "amc",
    "revenue": 2695000000,
    "revenueEstimated": 2531411080,
    "updatedFromDate": "2025-04-25",
    "fiscalDateEnding": "2022-03-31"
  },
  {
    "date": "2022-02-23",
    "symbol": "BKNG",
    "eps": 15.83,
    "epsEstimated": 13.68,
    "time": "amc",
    "revenue": 2981000000,
    "revenueEstimated": 2854134111,
    "updatedFromDate": "2025-04-25",
    "fiscalDateEnding": "2021-12-31"
  },
  {
    "date": "2021-11-03",
    "symbol": "BKNG",
    "eps": 37.7,
    "epsEstimated": 31.56,
    "time": "amc",
    "revenue": 4676000000,
    "revenueEstimated": 4280440000,
    "updatedFromDate": "2025-04-25",
    "fiscalDateEnding": "2021-09-30"
  },
  {
    "date": "2021-08-04",
    "symbol": "BKNG",
    "eps": -2.55,
    "epsEstimated": -2.69,
    "time": "amc",
    "revenue": 2160000000,
    "revenueEstimated": 1901210000,
    "updatedFromDate": "2025-04-25",
    "fiscalDateEnding": "2021-06-30"
  },
  {
    "date": "2021-05-05",
    "symbol": "BKNG",
    "eps": -5.26,
    "epsEstimated": -7.26,
    "time": "amc",
    "revenue": 1141000000,
    "revenueEstimated": 1177810000,
    "updatedFromDate": "2025-04-25",
    "fiscalDateEnding": "2021-03-31"
  },
  {
    "date": "2021-02-24",
    "symbol": "BKNG",
    "eps": -0.57,
    "epsEstimated": -5.08,
    "time": "amc",
    "revenue": 1238000000,
    "revenueEstimated": 1183190000,
    "updatedFromDate": "2025-04-25",
    "fiscalDateEnding": "2020-12-31"
  },
  {
    "date": "2020-11-05",
    "symbol": "BKNG",
    "eps": 12.27,
    "epsEstimated": 15.98,
    "time": "amc",
    "revenue": 2640000000,
    "revenueEstimated": 3040195599,
    "updatedFromDate": "2025-04-25",
    "fiscalDateEnding": "2020-09-30"
  },
  {
    "date": "2020-08-06",
    "symbol": "BKNG",
    "eps": -10.81,
    "epsEstimated": -11.81,
    "time": "amc",
    "revenue": 630000000,
    "revenueEstimated": 599694727,
    "updatedFromDate": "2025-04-25",
    "fiscalDateEnding": "2020-06-30"
  },
  {
    "date": "2020-05-07",
    "symbol": "BKNG",
    "eps": 3.77,
    "epsEstimated": 5.09,
    "time": "amc",
    "revenue": 2288000000,
    "revenueEstimated": 3422896551,
    "updatedFromDate": "2025-04-25",
    "fiscalDateEnding": "2020-03-31"
  },
  {
    "date": "2020-02-26",
    "symbol": "BKNG",
    "eps": 23.3,
    "epsEstimated": 22.04,
    "time": "amc",
    "revenue": 3339000000,
    "revenueEstimated": 3158436051,
    "updatedFromDate": "2025-04-25",
    "fiscalDateEnding": "2019-12-31"
  },
  {
    "date": "2019-11-07",
    "symbol": "BKNG",
    "eps": 45.36,
    "epsEstimated": 44.57,
    "time": "amc",
    "revenue": 5040000000,
    "revenueEstimated": 4953333333,
    "updatedFromDate": "2025-04-25",
    "fiscalDateEnding": "2019-09-30"
  },
  {
    "date": "2019-08-07",
    "symbol": "BKNG",
    "eps": 23.59,
    "epsEstimated": 22.71,
    "time": "amc",
    "revenue": 3850000000,
    "revenueEstimated": 3706379821,
    "updatedFromDate": "2025-04-25",
    "fiscalDateEnding": "2019-06-30"
  },
  {
    "date": "2019-05-09",
    "symbol": "BKNG",
    "eps": 11.17,
    "epsEstimated": 11.26,
    "time": "amc",
    "revenue": 2837000000,
    "revenueEstimated": 2862398388,
    "updatedFromDate": "2025-04-25",
    "fiscalDateEnding": "2019-03-31"
  },
  {
    "date": "2019-02-27",
    "symbol": "BKNG",
    "eps": 22.49,
    "epsEstimated": 19.39,
    "time": "amc",
    "revenue": 3213000000,
    "revenueEstimated": 2774076625,
    "updatedFromDate": "2025-04-25",
    "fiscalDateEnding": "2018-12-31"
  },
  {
    "date": "2018-11-05",
    "symbol": "BKNG",
    "eps": 37.78,
    "epsEstimated": 38.21,
    "time": "amc",
    "revenue": 4849090000,
    "revenueEstimated": 4904280807,
    "updatedFromDate": "2025-04-25",
    "fiscalDateEnding": "2018-09-30"
  },
  {
    "date": "2018-08-09",
    "symbol": "BKNG",
    "eps": 20.67,
    "epsEstimated": 17.34,
    "time": "amc",
    "revenue": 3537094000,
    "revenueEstimated": 2967262409,
    "updatedFromDate": "2025-04-25",
    "fiscalDateEnding": "2018-06-30"
  },
  {
    "date": "2018-05-09",
    "symbol": "BKNG",
    "eps": 12,
    "epsEstimated": 10.7,
    "time": "amc",
    "revenue": 2928201000,
    "revenueEstimated": 2610978333,
    "updatedFromDate": "2025-04-25",
    "fiscalDateEnding": "2018-03-31"
  },
  {
    "date": "2018-02-27",
    "symbol": "BKNG",
    "eps": 16.86,
    "epsEstimated": 14.12,
    "time": "amc",
    "revenue": 2803093000,
    "revenueEstimated": 2347470937,
    "updatedFromDate": "2025-04-25",
    "fiscalDateEnding": "2017-12-31"
  },
  {
    "date": "2017-11-06",
    "symbol": "BKNG",
    "eps": 35.22,
    "epsEstimated": 34.25,
    "time": "bmo",
    "revenue": 4434029000,
    "revenueEstimated": 4311882453,
    "updatedFromDate": "2025-04-25",
    "fiscalDateEnding": "2017-09-30"
  },
  {
    "date": "2017-08-08",
    "symbol": "BKNG",
    "eps": 15.14,
    "epsEstimated": 14.2,
    "time": "bmo",
    "revenue": 3024556000,
    "revenueEstimated": 2836811096,
    "updatedFromDate": "2025-04-25",
    "fiscalDateEnding": "2017-06-30"
  },
  {
    "date": "2017-05-09",
    "symbol": "BKNG",
    "eps": 9.88,
    "epsEstimated": 8.89,
    "time": "bmo",
    "revenue": 2419404000,
    "revenueEstimated": 2176970242,
    "updatedFromDate": "2025-04-25",
    "fiscalDateEnding": "2017-03-31"
  },
  {
    "date": "2017-02-27",
    "symbol": "BKNG",
    "eps": 14.21,
    "epsEstimated": 13.01,
    "time": "bmo",
    "revenue": 2348433000,
    "revenueEstimated": 2150083321,
    "updatedFromDate": "2025-04-25",
    "fiscalDateEnding": "2016-12-31"
  },
  {
    "date": "2016-11-07",
    "symbol": "BKNG",
    "eps": 31.18,
    "epsEstimated": 29.91,
    "time": "bmo",
    "revenue": 3690552000,
    "revenueEstimated": 3717946985,
    "updatedFromDate": "2025-04-25",
    "fiscalDateEnding": "2016-09-30"
  },
  {
    "date": "2016-08-04",
    "symbol": "BKNG",
    "eps": 13.93,
    "epsEstimated": 12.69,
    "time": "bmo",
    "revenue": 2555902000,
    "revenueEstimated": 2576201032,
    "updatedFromDate": "2025-04-25",
    "fiscalDateEnding": "2016-06-30"
  }
]