[
  {
    "date": "2026-04-20",
    "symbol": "BKR",
    "eps": null,
    "epsEstimated": null,
    "time": "amc",
    "revenue": null,
    "revenueEstimated": null,
    "updatedFromDate": "2025-10-02",
    "fiscalDateEnding": "2026-03-30"
  },
  {
    "date": "2026-01-28",
    "symbol": "BKR",
    "eps": null,
    "epsEstimated": null,
    "time": "amc",
    "revenue": null,
    "revenueEstimated": null,
    "updatedFromDate": "2025-10-02",
    "fiscalDateEnding": "2025-12-30"
  },
  {
    "date": "2025-10-23",
    "symbol": "BKR",
    "eps": null,
    "epsEstimated": 0.62,
    "time": "amc",
    "revenue": null,
    "revenueEstimated": 6817490690,
    "updatedFromDate": "2025-10-02",
    "fiscalDateEnding": "2025-09-30"
  },
  {
    "date": "2025-07-22",
    "symbol": "BKR",
    "eps": 0.63,
    "epsEstimated": 0.555,
    "time": "amc",
    "revenue": 6910000000,
    "revenueEstimated": 6629667942,
    "updatedFromDate": "2025-10-02",
    "fiscalDateEnding": "2025-06-30"
  },
  {
    "date": "2025-04-22",
    "symbol": "BKR",
    "eps": 0.51,
    "epsEstimated": 0.472,
    "time": "amc",
    "revenue": 6427000000,
    "revenueEstimated": 6497260395,
    "updatedFromDate": "2025-07-22",
    "fiscalDateEnding": "2025-03-31"
  },
  {
    "date": "2025-01-30",
    "symbol": "BKR",
    "eps": 0.7,
    "epsEstimated": 0.624,
    "time": "amc",
    "revenue": 7364000000,
    "revenueEstimated": 7069502922,
    "updatedFromDate": "2025-04-30",
    "fiscalDateEnding": "2024-12-31"
  },
  {
    "date": "2024-10-22",
    "symbol": "BKR",
    "eps": 0.67,
    "epsEstimated": 0.61,
    "time": "amc",
    "revenue": 6908000000,
    "revenueEstimated": 7210701016,
    "updatedFromDate": "2025-04-25",
    "fiscalDateEnding": "2024-09-30"
  },
  {
    "date": "2024-07-25",
    "symbol": "BKR",
    "eps": 0.57,
    "epsEstimated": 0.49,
    "time": "amc",
    "revenue": 7139000000,
    "revenueEstimated": 6808761667,
    "updatedFromDate": "2025-04-25",
    "fiscalDateEnding": "2024-06-30"
  },
  {
    "date": "2024-04-23",
    "symbol": "BKR",
    "eps": 0.43,
    "epsEstimated": 0.4,
    "time": "amc",
    "revenue": 6418000000,
    "revenueEstimated": 6372641147,
    "updatedFromDate": "2025-04-25",
    "fiscalDateEnding": "2024-03-31"
  },
  {
    "date": "2024-01-23",
    "symbol": "BKR",
    "eps": 0.51,
    "epsEstimated": 0.48,
    "time": "amc",
    "revenue": 6835000000,
    "revenueEstimated": 6915210000,
    "updatedFromDate": "2025-04-25",
    "fiscalDateEnding": "2023-12-31"
  },
  {
    "date": "2023-10-25",
    "symbol": "BKR",
    "eps": 0.42,
    "epsEstimated": 0.4,
    "time": "amc",
    "revenue": 6641000000,
    "revenueEstimated": 6533200000,
    "updatedFromDate": "2025-04-25",
    "fiscalDateEnding": "2023-09-30"
  },
  {
    "date": "2023-07-19",
    "symbol": "BKR",
    "eps": 0.39,
    "epsEstimated": 0.33,
    "time": "bmo",
    "revenue": 6315000000,
    "revenueEstimated": 6264670000,
    "updatedFromDate": "2025-04-25",
    "fiscalDateEnding": "2023-06-30"
  },
  {
    "date": "2023-04-19",
    "symbol": "BKR",
    "eps": 0.28,
    "epsEstimated": 0.26,
    "time": "bmo",
    "revenue": 5716000000,
    "revenueEstimated": 5511560000,
    "updatedFromDate": "2025-04-25",
    "fiscalDateEnding": "2023-03-31"
  },
  {
    "date": "2023-01-23",
    "symbol": "BKR",
    "eps": 0.38,
    "epsEstimated": 0.41,
    "time": "bmo",
    "revenue": 5905000000,
    "revenueEstimated": 6059211471,
    "updatedFromDate": "2025-04-25",
    "fiscalDateEnding": "2022-12-31"
  },
  {
    "date": "2022-10-19",
    "symbol": "BKR",
    "eps": 0.26,
    "epsEstimated": 0.25,
    "time": "bmo",
    "revenue": 5369000000,
    "revenueEstimated": 5413690824,
    "updatedFromDate": "2025-04-25",
    "fiscalDateEnding": "2022-09-30"
  },
  {
    "date": "2022-07-20",
    "symbol": "BKR",
    "eps": 0.11,
    "epsEstimated": 0.22,
    "time": "bmo",
    "revenue": 5047000000,
    "revenueEstimated": 5335320703,
    "updatedFromDate": "2025-04-25",
    "fiscalDateEnding": "2022-06-30"
  },
  {
    "date": "2022-04-20",
    "symbol": "BKR",
    "eps": 0.15,
    "epsEstimated": 0.19,
    "time": "bmo",
    "revenue": 4835000000,
    "revenueEstimated": 5007760971,
    "updatedFromDate": "2025-04-25",
    "fiscalDateEnding": "2022-03-31"
  },
  {
    "date": "2022-01-20",
    "symbol": "BKR",
    "eps": 0.25,
    "epsEstimated": 0.28,
    "time": "bmo",
    "revenue": 5519000000,
    "revenueEstimated": 5053610000,
    "updatedFromDate": "2025-04-25",
    "fiscalDateEnding": "2021-12-31"
  },
  {
    "date": "2021-10-20",
    "symbol": "BKR",
    "eps": 0.16,
    "epsEstimated": 0.22,
    "time": "bmo",
    "revenue": 5093000000,
    "revenueEstimated": 5331550000,
    "updatedFromDate": "2025-04-25",
    "fiscalDateEnding": "2021-09-30"
  },
  {
    "date": "2021-07-21",
    "symbol": "BKR",
    "eps": 0.1,
    "epsEstimated": 0.17,
    "time": "bmo",
    "revenue": 5142000000,
    "revenueEstimated": 5334600000,
    "updatedFromDate": "2025-04-25",
    "fiscalDateEnding": "2021-06-30"
  },
  {
    "date": "2021-04-21",
    "symbol": "BKR",
    "eps": 0.12,
    "epsEstimated": 0.11,
    "time": "bmo",
    "revenue": 4782000000,
    "revenueEstimated": 4793510000,
    "updatedFromDate": "2025-04-25",
    "fiscalDateEnding": "2021-03-31"
  },
  {
    "date": "2021-01-21",
    "symbol": "BKR",
    "eps": -0.07,
    "epsEstimated": 0.16,
    "time": "bmo",
    "revenue": 5495000000,
    "revenueEstimated": 11927382352,
    "updatedFromDate": "2025-04-25",
    "fiscalDateEnding": "2020-12-31"
  },
  {
    "date": "2020-10-21",
    "symbol": "BKR",
    "eps": 0.04,
    "epsEstimated": 0.03604,
    "time": "bmo",
    "revenue": 5049000000,
    "revenueEstimated": 3291000000,
    "updatedFromDate": "2025-04-25",
    "fiscalDateEnding": "2020-09-30"
  },
  {
    "date": "2020-07-22",
    "symbol": "BKR",
    "eps": -0.05,
    "epsEstimated": -0.00544,
    "time": "bmo",
    "revenue": 4736000000,
    "revenueEstimated": null,
    "updatedFromDate": "2025-04-25",
    "fiscalDateEnding": "2020-06-30"
  },
  {
    "date": "2020-04-22",
    "symbol": "BKR",
    "eps": 0.11,
    "epsEstimated": 0.09,
    "time": "bmo",
    "revenue": 5425000000,
    "revenueEstimated": 5425000000,
    "updatedFromDate": "2025-04-25",
    "fiscalDateEnding": "2020-03-31"
  },
  {
    "date": "2020-01-22",
    "symbol": "BKR",
    "eps": 0.27,
    "epsEstimated": 0.31,
    "time": "bmo",
    "revenue": 6347000000,
    "revenueEstimated": 7288444444,
    "updatedFromDate": "2025-04-25",
    "fiscalDateEnding": "2019-12-31"
  },
  {
    "date": "2019-10-30",
    "symbol": "BKR",
    "eps": 0.21,
    "epsEstimated": 0.24,
    "time": "bmo",
    "revenue": 5882000000,
    "revenueEstimated": 6722285714,
    "updatedFromDate": "2025-04-25",
    "fiscalDateEnding": "2019-09-30"
  },
  {
    "date": "2019-07-31",
    "symbol": "BKR",
    "eps": 0.2,
    "epsEstimated": 0.19,
    "time": "bmo",
    "revenue": 5994000000,
    "revenueEstimated": 5694300000,
    "updatedFromDate": "2025-04-25",
    "fiscalDateEnding": "2019-06-30"
  },
  {
    "date": "2019-04-30",
    "symbol": "BKR",
    "eps": 0.15,
    "epsEstimated": 0.13,
    "time": "bmo",
    "revenue": 5615000000,
    "revenueEstimated": 4866333333,
    "updatedFromDate": "2025-04-25",
    "fiscalDateEnding": "2019-03-31"
  },
  {
    "date": "2019-01-31",
    "symbol": "BKR",
    "eps": 0.26,
    "epsEstimated": 0.26,
    "time": "bmo",
    "revenue": 6264000000,
    "revenueEstimated": 6265000000,
    "updatedFromDate": "2025-04-25",
    "fiscalDateEnding": "2018-12-31"
  },
  {
    "date": "2018-10-30",
    "symbol": "BKR",
    "eps": 0.19,
    "epsEstimated": 0.2,
    "time": "bmo",
    "revenue": 5665000000,
    "revenueEstimated": 5963157894,
    "updatedFromDate": "2025-04-25",
    "fiscalDateEnding": "2018-09-30"
  },
  {
    "date": "2018-07-20",
    "symbol": "BKR",
    "eps": 0.13,
    "epsEstimated": 0.14,
    "time": "bmo",
    "revenue": 5548000000,
    "revenueEstimated": 7767200000,
    "updatedFromDate": "2025-04-25",
    "fiscalDateEnding": "2018-06-30"
  },
  {
    "date": "2018-04-20",
    "symbol": "BKR",
    "eps": 0.09,
    "epsEstimated": 0.06,
    "time": "bmo",
    "revenue": 5399000000,
    "revenueEstimated": 3599333333,
    "updatedFromDate": "2025-04-25",
    "fiscalDateEnding": "2018-03-31"
  },
  {
    "date": "2018-01-24",
    "symbol": "BKR",
    "eps": 0.15,
    "epsEstimated": 0.14,
    "time": "bmo",
    "revenue": 5763000000,
    "revenueEstimated": 5378800000,
    "updatedFromDate": "2025-04-25",
    "fiscalDateEnding": "2017-12-31"
  },
  {
    "date": "2017-10-20",
    "symbol": "BKR",
    "eps": 0.05,
    "epsEstimated": 0.11,
    "time": "bmo",
    "revenue": 5375000000,
    "revenueEstimated": 11825000000,
    "updatedFromDate": "2025-04-25",
    "fiscalDateEnding": "2017-09-30"
  },
  {
    "date": "2017-07-28",
    "symbol": "BKR",
    "eps": -0.11,
    "epsEstimated": -0.12,
    "time": "bmo",
    "revenue": 2404000000,
    "revenueEstimated": null,
    "updatedFromDate": "2025-04-25",
    "fiscalDateEnding": "2017-06-30"
  },
  {
    "date": "2017-04-25",
    "symbol": "BKR",
    "eps": -0.24,
    "epsEstimated": -0.21,
    "time": "bmo",
    "revenue": 5373000000,
    "revenueEstimated": 4861285714,
    "updatedFromDate": "2025-04-25",
    "fiscalDateEnding": "2017-03-31"
  },
  {
    "date": "2017-01-26",
    "symbol": "BKR",
    "eps": -0.3,
    "epsEstimated": -0.11,
    "time": "bmo",
    "revenue": 3516000000,
    "revenueEstimated": null,
    "updatedFromDate": "2025-04-25",
    "fiscalDateEnding": "2016-12-31"
  },
  {
    "date": "2016-10-25",
    "symbol": "BKR",
    "eps": -0.15,
    "epsEstimated": -0.44,
    "time": "bmo",
    "revenue": 3024000000,
    "revenueEstimated": null,
    "updatedFromDate": "2025-04-25",
    "fiscalDateEnding": "2016-09-30"
  },
  {
    "date": "2016-07-28",
    "symbol": "BKR",
    "eps": -0.9,
    "epsEstimated": -0.62,
    "time": "bmo",
    "revenue": 13269000000,
    "revenueEstimated": null,
    "updatedFromDate": "2025-04-25",
    "fiscalDateEnding": "2016-06-30"
  }
]