[
  {
    "date": "2026-04-29",
    "symbol": "BLDR",
    "eps": null,
    "epsEstimated": null,
    "time": "bmo",
    "revenue": null,
    "revenueEstimated": null,
    "updatedFromDate": "2025-10-02",
    "fiscalDateEnding": "2026-03-30"
  },
  {
    "date": "2026-02-18",
    "symbol": "BLDR",
    "eps": null,
    "epsEstimated": null,
    "time": "bmo",
    "revenue": null,
    "revenueEstimated": null,
    "updatedFromDate": "2025-10-02",
    "fiscalDateEnding": "2025-12-30"
  },
  {
    "date": "2025-11-04",
    "symbol": "BLDR",
    "eps": null,
    "epsEstimated": 1.7,
    "time": "bmo",
    "revenue": null,
    "revenueEstimated": 3856084780,
    "updatedFromDate": "2025-10-02",
    "fiscalDateEnding": "2025-09-30"
  },
  {
    "date": "2025-07-31",
    "symbol": "BLDR",
    "eps": 2.38,
    "epsEstimated": 2.35,
    "time": "bmo",
    "revenue": 4234064000,
    "revenueEstimated": 3858467270,
    "updatedFromDate": "2025-10-02",
    "fiscalDateEnding": "2025-06-30"
  },
  {
    "date": "2025-05-01",
    "symbol": "BLDR",
    "eps": 1.51,
    "epsEstimated": 1.5,
    "time": "bmo",
    "revenue": 3657496000,
    "revenueEstimated": 4305441810,
    "updatedFromDate": "2025-08-01",
    "fiscalDateEnding": "2025-03-31"
  },
  {
    "date": "2025-02-20",
    "symbol": "BLDR",
    "eps": 2.31,
    "epsEstimated": 2.18,
    "time": "bmo",
    "revenue": 3820300000,
    "revenueEstimated": 3890848902,
    "updatedFromDate": "2025-05-19",
    "fiscalDateEnding": "2024-12-31"
  },
  {
    "date": "2024-11-05",
    "symbol": "BLDR",
    "eps": 3.07,
    "epsEstimated": 2.98,
    "time": "bmo",
    "revenue": 4232494000,
    "revenueEstimated": 4440341721,
    "updatedFromDate": "2025-04-25",
    "fiscalDateEnding": "2024-09-30"
  },
  {
    "date": "2024-08-06",
    "symbol": "BLDR",
    "eps": 3.5,
    "epsEstimated": 3.02,
    "time": "bmo",
    "revenue": 4456340000,
    "revenueEstimated": 4483775587,
    "updatedFromDate": "2025-04-25",
    "fiscalDateEnding": "2024-06-30"
  },
  {
    "date": "2024-05-07",
    "symbol": "BLDR",
    "eps": 2.65,
    "epsEstimated": 2.3,
    "time": "bmo",
    "revenue": 3891352000,
    "revenueEstimated": 3825628680,
    "updatedFromDate": "2025-04-25",
    "fiscalDateEnding": "2024-03-31"
  },
  {
    "date": "2024-02-22",
    "symbol": "BLDR",
    "eps": 3.55,
    "epsEstimated": 2.54,
    "time": "bmo",
    "revenue": 4150862000,
    "revenueEstimated": 3995810000,
    "updatedFromDate": "2025-04-25",
    "fiscalDateEnding": "2023-12-31"
  },
  {
    "date": "2023-11-01",
    "symbol": "BLDR",
    "eps": 4.24,
    "epsEstimated": 3.73,
    "time": "bmo",
    "revenue": 4534264000,
    "revenueEstimated": 3982540000,
    "updatedFromDate": "2025-04-25",
    "fiscalDateEnding": "2023-09-30"
  },
  {
    "date": "2023-08-02",
    "symbol": "BLDR",
    "eps": 3.89,
    "epsEstimated": 2.51,
    "time": "bmo",
    "revenue": 4528890000,
    "revenueEstimated": 4777060000,
    "updatedFromDate": "2025-04-25",
    "fiscalDateEnding": "2023-06-30"
  },
  {
    "date": "2023-05-03",
    "symbol": "BLDR",
    "eps": 2.96,
    "epsEstimated": 1.51,
    "time": "bmo",
    "revenue": 3883314000,
    "revenueEstimated": 3575730000,
    "updatedFromDate": "2025-04-25",
    "fiscalDateEnding": "2023-03-31"
  },
  {
    "date": "2023-02-28",
    "symbol": "BLDR",
    "eps": 3.21,
    "epsEstimated": 2.36,
    "time": "bmo",
    "revenue": 4357565000,
    "revenueEstimated": 4253302574,
    "updatedFromDate": "2025-04-25",
    "fiscalDateEnding": "2022-12-31"
  },
  {
    "date": "2022-11-08",
    "symbol": "BLDR",
    "eps": 5.2,
    "epsEstimated": 3.32,
    "time": "bmo",
    "revenue": 5761463000,
    "revenueEstimated": 5303469945,
    "updatedFromDate": "2025-04-25",
    "fiscalDateEnding": "2022-09-30"
  },
  {
    "date": "2022-08-01",
    "symbol": "BLDR",
    "eps": 6.26,
    "epsEstimated": 3.06,
    "time": "bmo",
    "revenue": 6926259000,
    "revenueEstimated": 5529960927,
    "updatedFromDate": "2025-04-25",
    "fiscalDateEnding": "2022-06-30"
  },
  {
    "date": "2022-05-10",
    "symbol": "BLDR",
    "eps": 3.9,
    "epsEstimated": 1.98,
    "time": "bmo",
    "revenue": 5681131000,
    "revenueEstimated": 4688398147,
    "updatedFromDate": "2025-04-25",
    "fiscalDateEnding": "2022-03-31"
  },
  {
    "date": "2022-03-01",
    "symbol": "BLDR",
    "eps": 2.78,
    "epsEstimated": 1.91,
    "time": "bmo",
    "revenue": 4634809000,
    "revenueEstimated": 4293041355,
    "updatedFromDate": "2025-04-25",
    "fiscalDateEnding": "2021-12-31"
  },
  {
    "date": "2021-11-04",
    "symbol": "BLDR",
    "eps": 3.39,
    "epsEstimated": 1.6,
    "time": "bmo",
    "revenue": 5508590000,
    "revenueEstimated": 5309300864,
    "updatedFromDate": "2025-04-25",
    "fiscalDateEnding": "2021-09-30"
  },
  {
    "date": "2021-08-05",
    "symbol": "BLDR",
    "eps": 2.76,
    "epsEstimated": 1.75,
    "time": "bmo",
    "revenue": 5576682000,
    "revenueEstimated": 4460047822,
    "updatedFromDate": "2025-04-25",
    "fiscalDateEnding": "2021-06-30"
  },
  {
    "date": "2021-05-06",
    "symbol": "BLDR",
    "eps": 1.1,
    "epsEstimated": 0.81,
    "time": "bmo",
    "revenue": 4173775000,
    "revenueEstimated": 3672730000,
    "updatedFromDate": "2025-04-25",
    "fiscalDateEnding": "2021-03-31"
  },
  {
    "date": "2021-02-26",
    "symbol": "BLDR",
    "eps": 1.26,
    "epsEstimated": 0.92,
    "time": "bmo",
    "revenue": 2530760000,
    "revenueEstimated": 2277684000,
    "updatedFromDate": "2025-04-25",
    "fiscalDateEnding": "2020-12-31"
  },
  {
    "date": "2020-10-29",
    "symbol": "BLDR",
    "eps": 0.82,
    "epsEstimated": 0.64,
    "time": "amc",
    "revenue": 2295450000,
    "revenueEstimated": 1791570731,
    "updatedFromDate": "2025-04-25",
    "fiscalDateEnding": "2020-09-30"
  },
  {
    "date": "2020-07-30",
    "symbol": "BLDR",
    "eps": 0.67,
    "epsEstimated": 0.32,
    "time": "amc",
    "revenue": 1945643000,
    "revenueEstimated": 1523643670,
    "updatedFromDate": "2025-04-25",
    "fiscalDateEnding": "2020-06-30"
  },
  {
    "date": "2020-04-30",
    "symbol": "BLDR",
    "eps": 0.34,
    "epsEstimated": 0.28,
    "time": "amc",
    "revenue": 1787021000,
    "revenueEstimated": 1471664352,
    "updatedFromDate": "2025-04-25",
    "fiscalDateEnding": "2020-03-31"
  },
  {
    "date": "2020-02-20",
    "symbol": "BLDR",
    "eps": 0.4,
    "epsEstimated": 0.36,
    "time": "amc",
    "revenue": 1763573000,
    "revenueEstimated": 1587215699,
    "updatedFromDate": "2025-04-25",
    "fiscalDateEnding": "2019-12-31"
  },
  {
    "date": "2019-10-31",
    "symbol": "BLDR",
    "eps": 0.72,
    "epsEstimated": 0.59,
    "time": "amc",
    "revenue": 1981035000,
    "revenueEstimated": 1623348125,
    "updatedFromDate": "2025-04-25",
    "fiscalDateEnding": "2019-09-30"
  },
  {
    "date": "2019-08-01",
    "symbol": "BLDR",
    "eps": 0.63,
    "epsEstimated": 0.48,
    "time": "amc",
    "revenue": 1904523000,
    "revenueEstimated": 1451065142,
    "updatedFromDate": "2025-04-25",
    "fiscalDateEnding": "2019-06-30"
  },
  {
    "date": "2019-05-02",
    "symbol": "BLDR",
    "eps": 0.34,
    "epsEstimated": 0.23,
    "time": "amc",
    "revenue": 1631300000,
    "revenueEstimated": 1103526470,
    "updatedFromDate": "2025-04-25",
    "fiscalDateEnding": "2019-03-31"
  },
  {
    "date": "2019-02-28",
    "symbol": "BLDR",
    "eps": 0.46,
    "epsEstimated": 0.42,
    "time": "amc",
    "revenue": 1815980000,
    "revenueEstimated": 1658068695,
    "updatedFromDate": "2025-04-25",
    "fiscalDateEnding": "2018-12-31"
  },
  {
    "date": "2018-11-01",
    "symbol": "BLDR",
    "eps": 0.67,
    "epsEstimated": 0.6,
    "time": "amc",
    "revenue": 2118467000,
    "revenueEstimated": 1897134626,
    "updatedFromDate": "2025-04-25",
    "fiscalDateEnding": "2018-09-30"
  },
  {
    "date": "2018-08-07",
    "symbol": "BLDR",
    "eps": 0.54,
    "epsEstimated": 0.54,
    "time": "amc",
    "revenue": 2089888000,
    "revenueEstimated": 2089900000,
    "updatedFromDate": "2025-04-25",
    "fiscalDateEnding": "2018-06-30"
  },
  {
    "date": "2018-05-09",
    "symbol": "BLDR",
    "eps": 0.24,
    "epsEstimated": 0.17,
    "time": "amc",
    "revenue": 1700436000,
    "revenueEstimated": 1204450000,
    "updatedFromDate": "2025-04-25",
    "fiscalDateEnding": "2018-03-31"
  },
  {
    "date": "2018-02-28",
    "symbol": "BLDR",
    "eps": 0.4,
    "epsEstimated": 0.17,
    "time": "amc",
    "revenue": 1778939000,
    "revenueEstimated": 1553955536,
    "updatedFromDate": "2025-04-25",
    "fiscalDateEnding": "2017-12-31"
  },
  {
    "date": "2017-11-08",
    "symbol": "BLDR",
    "eps": 0.39,
    "epsEstimated": 0.38,
    "time": "amc",
    "revenue": 1878909000,
    "revenueEstimated": 1830723076,
    "updatedFromDate": "2025-04-25",
    "fiscalDateEnding": "2017-09-30"
  },
  {
    "date": "2017-08-03",
    "symbol": "BLDR",
    "eps": 0.37,
    "epsEstimated": 0.34,
    "time": "amc",
    "revenue": 1843297000,
    "revenueEstimated": 1693843243,
    "updatedFromDate": "2025-04-25",
    "fiscalDateEnding": "2017-06-30"
  },
  {
    "date": "2017-05-08",
    "symbol": "BLDR",
    "eps": 0.11,
    "epsEstimated": 0.05,
    "time": "amc",
    "revenue": 1533064000,
    "revenueEstimated": 1138300016,
    "updatedFromDate": "2025-04-25",
    "fiscalDateEnding": "2017-03-31"
  },
  {
    "date": "2017-02-28",
    "symbol": "BLDR",
    "eps": 0.16,
    "epsEstimated": 0.08,
    "time": "amc",
    "revenue": 1546912000,
    "revenueEstimated": 1276202398,
    "updatedFromDate": "2025-04-25",
    "fiscalDateEnding": "2016-12-31"
  },
  {
    "date": "2016-11-03",
    "symbol": "BLDR",
    "eps": 0.61,
    "epsEstimated": 0.36,
    "time": "amc",
    "revenue": 1745958000,
    "revenueEstimated": 1087672131,
    "updatedFromDate": "2025-04-25",
    "fiscalDateEnding": "2016-09-30"
  },
  {
    "date": "2016-08-04",
    "symbol": "BLDR",
    "eps": 0.31,
    "epsEstimated": 0.36,
    "time": "amc",
    "revenue": 1677300000,
    "revenueEstimated": 1947832258,
    "updatedFromDate": "2025-04-25",
    "fiscalDateEnding": "2016-06-30"
  }
]