[
  {
    "date": "2026-04-09",
    "symbol": "BLK",
    "eps": null,
    "epsEstimated": null,
    "time": "bmo",
    "revenue": null,
    "revenueEstimated": null,
    "updatedFromDate": "2025-10-01",
    "fiscalDateEnding": "2026-03-30"
  },
  {
    "date": "2026-01-12",
    "symbol": "BLK",
    "eps": null,
    "epsEstimated": null,
    "time": "bmo",
    "revenue": null,
    "revenueEstimated": null,
    "updatedFromDate": "2025-10-01",
    "fiscalDateEnding": "2025-12-30"
  },
  {
    "date": "2025-10-14",
    "symbol": "BLK",
    "eps": null,
    "epsEstimated": 11.92,
    "time": "bmo",
    "revenue": null,
    "revenueEstimated": 6266815070,
    "updatedFromDate": "2025-10-01",
    "fiscalDateEnding": "2025-09-30"
  },
  {
    "date": "2025-07-15",
    "symbol": "BLK",
    "eps": 12.05,
    "epsEstimated": 10.78,
    "time": "bmo",
    "revenue": 5423000000,
    "revenueEstimated": 5450067594,
    "updatedFromDate": "2025-10-01",
    "fiscalDateEnding": "2025-06-30"
  },
  {
    "date": "2025-04-11",
    "symbol": "BLK",
    "eps": 11.3,
    "epsEstimated": 10.08,
    "time": "bmo",
    "revenue": 5276000000,
    "revenueEstimated": 5290455852,
    "updatedFromDate": "2025-07-11",
    "fiscalDateEnding": "2025-03-31"
  },
  {
    "date": "2025-01-15",
    "symbol": "BLK",
    "eps": 11.93,
    "epsEstimated": 11.27,
    "time": "bmo",
    "revenue": 5677000000,
    "revenueEstimated": 5567497785,
    "updatedFromDate": "2025-04-25",
    "fiscalDateEnding": "2024-12-31"
  },
  {
    "date": "2024-10-11",
    "symbol": "BLK",
    "eps": 11.46,
    "epsEstimated": 10.33,
    "time": "bmo",
    "revenue": 5374000000,
    "revenueEstimated": 5034963238,
    "updatedFromDate": "2025-04-25",
    "fiscalDateEnding": "2024-09-30"
  },
  {
    "date": "2024-07-15",
    "symbol": "BLK",
    "eps": 10.36,
    "epsEstimated": 9.93,
    "time": "bmo",
    "revenue": 4976000000,
    "revenueEstimated": 4848955171,
    "updatedFromDate": "2025-04-25",
    "fiscalDateEnding": "2024-06-30"
  },
  {
    "date": "2024-04-12",
    "symbol": "BLK",
    "eps": 9.81,
    "epsEstimated": 9.35,
    "time": "bmo",
    "revenue": 4899000000,
    "revenueEstimated": 4657499395,
    "updatedFromDate": "2025-04-25",
    "fiscalDateEnding": "2024-03-31"
  },
  {
    "date": "2024-01-12",
    "symbol": "BLK",
    "eps": 9.66,
    "epsEstimated": 8.84,
    "time": "bmo",
    "revenue": 4896000000,
    "revenueEstimated": 4613210000,
    "updatedFromDate": "2025-04-25",
    "fiscalDateEnding": "2023-12-31"
  },
  {
    "date": "2023-10-13",
    "symbol": "BLK",
    "eps": 10.91,
    "epsEstimated": 8.26,
    "time": "bmo",
    "revenue": 4311000000,
    "revenueEstimated": 4541390000,
    "updatedFromDate": "2025-04-25",
    "fiscalDateEnding": "2023-09-30"
  },
  {
    "date": "2023-07-14",
    "symbol": "BLK",
    "eps": 9.28,
    "epsEstimated": 8.46,
    "time": "bmo",
    "revenue": 4463000000,
    "revenueEstimated": 4466950000,
    "updatedFromDate": "2025-04-25",
    "fiscalDateEnding": "2023-06-30"
  },
  {
    "date": "2023-04-14",
    "symbol": "BLK",
    "eps": 7.93,
    "epsEstimated": 7.76,
    "time": "bmo",
    "revenue": 4243000000,
    "revenueEstimated": 4412950000,
    "updatedFromDate": "2025-04-25",
    "fiscalDateEnding": "2023-03-31"
  },
  {
    "date": "2023-01-13",
    "symbol": "BLK",
    "eps": 8.93,
    "epsEstimated": 8.11,
    "time": "bmo",
    "revenue": 4337000000,
    "revenueEstimated": 4252712200,
    "updatedFromDate": "2025-04-25",
    "fiscalDateEnding": "2022-12-31"
  },
  {
    "date": "2022-10-13",
    "symbol": "BLK",
    "eps": 9.55,
    "epsEstimated": 7.07,
    "time": "bmo",
    "revenue": 4311000000,
    "revenueEstimated": 4196251892,
    "updatedFromDate": "2025-04-25",
    "fiscalDateEnding": "2022-09-30"
  },
  {
    "date": "2022-07-15",
    "symbol": "BLK",
    "eps": 7.36,
    "epsEstimated": 7.9,
    "time": "bmo",
    "revenue": 4526000000,
    "revenueEstimated": 4553063231,
    "updatedFromDate": "2025-04-25",
    "fiscalDateEnding": "2022-06-30"
  },
  {
    "date": "2022-04-13",
    "symbol": "BLK",
    "eps": 9.52,
    "epsEstimated": 8.75,
    "time": "bmo",
    "revenue": 4699000000,
    "revenueEstimated": 4672466920,
    "updatedFromDate": "2025-04-25",
    "fiscalDateEnding": "2022-03-31"
  },
  {
    "date": "2022-01-14",
    "symbol": "BLK",
    "eps": 10.42,
    "epsEstimated": 10.16,
    "time": "bmo",
    "revenue": 5106000000,
    "revenueEstimated": 4957860000,
    "updatedFromDate": "2025-04-25",
    "fiscalDateEnding": "2021-12-31"
  },
  {
    "date": "2021-10-13",
    "symbol": "BLK",
    "eps": 10.95,
    "epsEstimated": 9.35,
    "time": "bmo",
    "revenue": 5050000000,
    "revenueEstimated": 4879040000,
    "updatedFromDate": "2025-04-25",
    "fiscalDateEnding": "2021-09-30"
  },
  {
    "date": "2021-07-14",
    "symbol": "BLK",
    "eps": 10.03,
    "epsEstimated": 9.46,
    "time": "bmo",
    "revenue": 4820000000,
    "revenueEstimated": 4594000000,
    "updatedFromDate": "2025-04-25",
    "fiscalDateEnding": "2021-06-30"
  },
  {
    "date": "2021-04-15",
    "symbol": "BLK",
    "eps": 7.77,
    "epsEstimated": 7.64,
    "time": "bmo",
    "revenue": 4398000000,
    "revenueEstimated": 4275560000,
    "updatedFromDate": "2025-04-25",
    "fiscalDateEnding": "2021-03-31"
  },
  {
    "date": "2021-01-14",
    "symbol": "BLK",
    "eps": 10.18,
    "epsEstimated": 9.14,
    "time": "bmo",
    "revenue": 4478000000,
    "revenueEstimated": 3968468271,
    "updatedFromDate": "2025-04-25",
    "fiscalDateEnding": "2020-12-31"
  },
  {
    "date": "2020-10-13",
    "symbol": "BLK",
    "eps": 9.22,
    "epsEstimated": 7.8,
    "time": "bmo",
    "revenue": 4369000000,
    "revenueEstimated": 3696117136,
    "updatedFromDate": "2025-04-25",
    "fiscalDateEnding": "2020-09-30"
  },
  {
    "date": "2020-07-17",
    "symbol": "BLK",
    "eps": 7.85,
    "epsEstimated": 6.99,
    "time": "bmo",
    "revenue": 3648000000,
    "revenueEstimated": 3248346496,
    "updatedFromDate": "2025-04-25",
    "fiscalDateEnding": "2020-06-30"
  },
  {
    "date": "2020-04-16",
    "symbol": "BLK",
    "eps": 6.6,
    "epsEstimated": 6.36,
    "time": "bmo",
    "revenue": 3710000000,
    "revenueEstimated": 3575090909,
    "updatedFromDate": "2025-04-25",
    "fiscalDateEnding": "2020-03-31"
  },
  {
    "date": "2020-01-15",
    "symbol": "BLK",
    "eps": 8.34,
    "epsEstimated": 7.69,
    "time": "bmo",
    "revenue": 3977000000,
    "revenueEstimated": 3667041966,
    "updatedFromDate": "2025-04-25",
    "fiscalDateEnding": "2019-12-31"
  },
  {
    "date": "2019-10-15",
    "symbol": "BLK",
    "eps": 7.15,
    "epsEstimated": 6.96,
    "time": "bmo",
    "revenue": 3692000000,
    "revenueEstimated": 3593890909,
    "updatedFromDate": "2025-04-25",
    "fiscalDateEnding": "2019-09-30"
  },
  {
    "date": "2019-07-19",
    "symbol": "BLK",
    "eps": 6.41,
    "epsEstimated": 6.5,
    "time": "bmo",
    "revenue": 3524000000,
    "revenueEstimated": 3573478939,
    "updatedFromDate": "2025-04-25",
    "fiscalDateEnding": "2019-06-30"
  },
  {
    "date": "2019-04-16",
    "symbol": "BLK",
    "eps": 6.61,
    "epsEstimated": 6.13,
    "time": "bmo",
    "revenue": 3346000000,
    "revenueEstimated": 3103022692,
    "updatedFromDate": "2025-04-25",
    "fiscalDateEnding": "2019-03-31"
  },
  {
    "date": "2019-01-16",
    "symbol": "BLK",
    "eps": 6.08,
    "epsEstimated": 6.27,
    "time": "bmo",
    "revenue": 3434000000,
    "revenueEstimated": 3541312500,
    "updatedFromDate": "2025-04-25",
    "fiscalDateEnding": "2018-12-31"
  },
  {
    "date": "2018-10-16",
    "symbol": "BLK",
    "eps": 7.52,
    "epsEstimated": 6.84,
    "time": "bmo",
    "revenue": 3576000000,
    "revenueEstimated": 3252638297,
    "updatedFromDate": "2025-04-25",
    "fiscalDateEnding": "2018-09-30"
  },
  {
    "date": "2018-07-16",
    "symbol": "BLK",
    "eps": 6.66,
    "epsEstimated": 6.55,
    "time": "bmo",
    "revenue": 3605000000,
    "revenueEstimated": 3545457957,
    "updatedFromDate": "2025-04-25",
    "fiscalDateEnding": "2018-06-30"
  },
  {
    "date": "2018-04-12",
    "symbol": "BLK",
    "eps": 6.7,
    "epsEstimated": 6.39,
    "time": "bmo",
    "revenue": 3583000000,
    "revenueEstimated": 3417219402,
    "updatedFromDate": "2025-04-25",
    "fiscalDateEnding": "2018-03-31"
  },
  {
    "date": "2018-01-12",
    "symbol": "BLK",
    "eps": 6.24,
    "epsEstimated": 6.07,
    "time": "bmo",
    "revenue": 3764000000,
    "revenueEstimated": 3631294871,
    "updatedFromDate": "2025-04-25",
    "fiscalDateEnding": "2017-12-31"
  },
  {
    "date": "2017-10-11",
    "symbol": "BLK",
    "eps": 5.92,
    "epsEstimated": 5.56,
    "time": "bmo",
    "revenue": 3233000000,
    "revenueEstimated": 3549195945,
    "updatedFromDate": "2025-04-25",
    "fiscalDateEnding": "2017-09-30"
  },
  {
    "date": "2017-07-17",
    "symbol": "BLK",
    "eps": 5.24,
    "epsEstimated": 5.4,
    "time": "bmo",
    "revenue": 2965000000,
    "revenueEstimated": 3055534351,
    "updatedFromDate": "2025-04-25",
    "fiscalDateEnding": "2017-06-30"
  },
  {
    "date": "2017-04-19",
    "symbol": "BLK",
    "eps": 4.76,
    "epsEstimated": 4.89,
    "time": "bmo",
    "revenue": 2824000000,
    "revenueEstimated": 2879977142,
    "updatedFromDate": "2025-04-25",
    "fiscalDateEnding": "2017-03-31"
  },
  {
    "date": "2017-01-13",
    "symbol": "BLK",
    "eps": 5.14,
    "epsEstimated": 5.02,
    "time": "bmo",
    "revenue": 2890000000,
    "revenueEstimated": 2822529182,
    "updatedFromDate": "2025-04-25",
    "fiscalDateEnding": "2016-12-31"
  },
  {
    "date": "2016-10-18",
    "symbol": "BLK",
    "eps": 5.14,
    "epsEstimated": 5,
    "time": "bmo",
    "revenue": 2837000000,
    "revenueEstimated": 2759727626,
    "updatedFromDate": "2025-04-25",
    "fiscalDateEnding": "2016-09-30"
  },
  {
    "date": "2016-07-14",
    "symbol": "BLK",
    "eps": 4.78,
    "epsEstimated": 4.78,
    "time": "bmo",
    "revenue": 2804000000,
    "revenueEstimated": 2804000000,
    "updatedFromDate": "2025-04-25",
    "fiscalDateEnding": "2016-06-30"
  }
]