[
  {
    "date": "2026-04-29",
    "symbol": "BR",
    "eps": null,
    "epsEstimated": null,
    "time": "bmo",
    "revenue": null,
    "revenueEstimated": null,
    "updatedFromDate": "2025-10-02",
    "fiscalDateEnding": "2026-03-30"
  },
  {
    "date": "2026-01-29",
    "symbol": "BR",
    "eps": null,
    "epsEstimated": null,
    "time": "bmo",
    "revenue": null,
    "revenueEstimated": null,
    "updatedFromDate": "2025-10-02",
    "fiscalDateEnding": "2025-12-30"
  },
  {
    "date": "2025-11-04",
    "symbol": "BR",
    "eps": null,
    "epsEstimated": 1.19,
    "time": "bmo",
    "revenue": null,
    "revenueEstimated": 1535637570,
    "updatedFromDate": "2025-10-02",
    "fiscalDateEnding": "2025-09-30"
  },
  {
    "date": "2025-08-05",
    "symbol": "BR",
    "eps": 3.55,
    "epsEstimated": 3.5,
    "time": "bmo",
    "revenue": 2065400000,
    "revenueEstimated": 2057438999,
    "updatedFromDate": "2025-10-02",
    "fiscalDateEnding": "2025-06-30"
  },
  {
    "date": "2025-05-01",
    "symbol": "BR",
    "eps": 2.44,
    "epsEstimated": 2.41,
    "time": "bmo",
    "revenue": 1811700000,
    "revenueEstimated": 1864222667,
    "updatedFromDate": "2025-07-31",
    "fiscalDateEnding": "2025-03-31"
  },
  {
    "date": "2025-01-31",
    "symbol": "BR",
    "eps": 1.56,
    "epsEstimated": 1.32,
    "time": "bmo",
    "revenue": 1589200000,
    "revenueEstimated": 1556356417,
    "updatedFromDate": "2025-04-30",
    "fiscalDateEnding": "2024-12-31"
  },
  {
    "date": "2024-11-05",
    "symbol": "BR",
    "eps": 1,
    "epsEstimated": 0.971,
    "time": "bmo",
    "revenue": 1422900000,
    "revenueEstimated": 1483632881,
    "updatedFromDate": "2025-04-25",
    "fiscalDateEnding": "2024-09-30"
  },
  {
    "date": "2024-08-06",
    "symbol": "BR",
    "eps": 3.5,
    "epsEstimated": 3.49,
    "time": "bmo",
    "revenue": 1944300000,
    "revenueEstimated": 1961040000,
    "updatedFromDate": "2025-04-25",
    "fiscalDateEnding": "2024-06-30"
  },
  {
    "date": "2024-05-08",
    "symbol": "BR",
    "eps": 2.23,
    "epsEstimated": 2.24,
    "time": "bmo",
    "revenue": 1726500000,
    "revenueEstimated": 1766616667,
    "updatedFromDate": "2025-04-25",
    "fiscalDateEnding": "2024-03-31"
  },
  {
    "date": "2024-02-01",
    "symbol": "BR",
    "eps": 0.92,
    "epsEstimated": 0.88,
    "time": "bmo",
    "revenue": 1405000000,
    "revenueEstimated": 1402320000,
    "updatedFromDate": "2025-04-25",
    "fiscalDateEnding": "2023-12-31"
  },
  {
    "date": "2023-11-02",
    "symbol": "BR",
    "eps": 1.09,
    "epsEstimated": 0.94,
    "time": "bmo",
    "revenue": 1431100000,
    "revenueEstimated": 1387930000,
    "updatedFromDate": "2025-04-25",
    "fiscalDateEnding": "2023-09-30"
  },
  {
    "date": "2023-08-08",
    "symbol": "BR",
    "eps": 3.21,
    "epsEstimated": 3.11,
    "time": "bmo",
    "revenue": 1839000000,
    "revenueEstimated": 1880000000,
    "updatedFromDate": "2025-04-25",
    "fiscalDateEnding": "2023-06-30"
  },
  {
    "date": "2023-05-02",
    "symbol": "BR",
    "eps": 2.05,
    "epsEstimated": 2.02,
    "time": "bmo",
    "revenue": 1645700000,
    "revenueEstimated": 1862400000,
    "updatedFromDate": "2025-04-25",
    "fiscalDateEnding": "2023-03-31"
  },
  {
    "date": "2023-02-02",
    "symbol": "BR",
    "eps": 0.91,
    "epsEstimated": 0.91,
    "time": "bmo",
    "revenue": 1292900000,
    "revenueEstimated": 1345560000,
    "updatedFromDate": "2025-04-25",
    "fiscalDateEnding": "2022-12-31"
  },
  {
    "date": "2022-11-02",
    "symbol": "BR",
    "eps": 0.84,
    "epsEstimated": 0.87,
    "time": "bmo",
    "revenue": 1283300000,
    "revenueEstimated": 1261540000,
    "updatedFromDate": "2025-04-25",
    "fiscalDateEnding": "2022-09-30"
  },
  {
    "date": "2022-08-12",
    "symbol": "BR",
    "eps": 2.65,
    "epsEstimated": 2.62,
    "time": "bmo",
    "revenue": 1722900000,
    "revenueEstimated": 1662180000,
    "updatedFromDate": "2025-04-25",
    "fiscalDateEnding": "2022-06-30"
  },
  {
    "date": "2022-05-03",
    "symbol": "BR",
    "eps": 1.93,
    "epsEstimated": 1.78,
    "time": "bmo",
    "revenue": 1533700000,
    "revenueEstimated": 1537250000,
    "updatedFromDate": "2025-04-25",
    "fiscalDateEnding": "2022-03-31"
  },
  {
    "date": "2022-02-01",
    "symbol": "BR",
    "eps": 0.83,
    "epsEstimated": 0.81,
    "time": "bmo",
    "revenue": 1259600000,
    "revenueEstimated": 1198065000,
    "updatedFromDate": "2025-04-25",
    "fiscalDateEnding": "2021-12-31"
  },
  {
    "date": "2021-11-03",
    "symbol": "BR",
    "eps": 1.07,
    "epsEstimated": 1.02,
    "time": "bmo",
    "revenue": 1192900000,
    "revenueEstimated": 1134424509,
    "updatedFromDate": "2025-04-25",
    "fiscalDateEnding": "2021-09-30"
  },
  {
    "date": "2021-08-12",
    "symbol": "BR",
    "eps": 2.19,
    "epsEstimated": 2.19,
    "time": "bmo",
    "revenue": 1531600000,
    "revenueEstimated": 1531600000,
    "updatedFromDate": "2025-04-25",
    "fiscalDateEnding": "2021-06-30"
  },
  {
    "date": "2021-05-04",
    "symbol": "BR",
    "eps": 1.76,
    "epsEstimated": 1.68,
    "time": "bmo",
    "revenue": 1389800000,
    "revenueEstimated": 1280230000,
    "updatedFromDate": "2025-04-25",
    "fiscalDateEnding": "2021-03-31"
  },
  {
    "date": "2021-02-02",
    "symbol": "BR",
    "eps": 0.73,
    "epsEstimated": 0.73,
    "time": "bmo",
    "revenue": 1054900000,
    "revenueEstimated": 1019220000,
    "updatedFromDate": "2025-04-25",
    "fiscalDateEnding": "2020-12-31"
  },
  {
    "date": "2020-10-30",
    "symbol": "BR",
    "eps": 0.98,
    "epsEstimated": 0.63,
    "time": "bmo",
    "revenue": 1017400000,
    "revenueEstimated": 653785714,
    "updatedFromDate": "2025-04-25",
    "fiscalDateEnding": "2020-09-30"
  },
  {
    "date": "2020-08-11",
    "symbol": "BR",
    "eps": 2.15,
    "epsEstimated": 2.09,
    "time": "bmo",
    "revenue": 1361900000,
    "revenueEstimated": 1323893488,
    "updatedFromDate": "2025-04-25",
    "fiscalDateEnding": "2020-06-30"
  },
  {
    "date": "2020-05-08",
    "symbol": "BR",
    "eps": 1.67,
    "epsEstimated": 1.72,
    "time": "bmo",
    "revenue": 1249900000,
    "revenueEstimated": 1287322155,
    "updatedFromDate": "2025-04-25",
    "fiscalDateEnding": "2020-03-31"
  },
  {
    "date": "2020-01-31",
    "symbol": "BR",
    "eps": 0.53,
    "epsEstimated": 0.76,
    "time": "bmo",
    "revenue": 968700000,
    "revenueEstimated": 1297692452,
    "updatedFromDate": "2025-04-25",
    "fiscalDateEnding": "2019-12-31"
  },
  {
    "date": "2019-11-06",
    "symbol": "BR",
    "eps": 0.68,
    "epsEstimated": 0.72,
    "time": "bmo",
    "revenue": 948600000,
    "revenueEstimated": 990449999,
    "updatedFromDate": "2025-04-25",
    "fiscalDateEnding": "2019-09-30"
  },
  {
    "date": "2019-08-01",
    "symbol": "BR",
    "eps": 1.72,
    "epsEstimated": 1.71,
    "time": "bmo",
    "revenue": 1211200000,
    "revenueEstimated": 1204158139,
    "updatedFromDate": "2025-04-25",
    "fiscalDateEnding": "2019-06-30"
  },
  {
    "date": "2019-05-07",
    "symbol": "BR",
    "eps": 1.59,
    "epsEstimated": 1.5,
    "time": "bmo",
    "revenue": 1224800000,
    "revenueEstimated": 1155471698,
    "updatedFromDate": "2025-04-25",
    "fiscalDateEnding": "2019-03-31"
  },
  {
    "date": "2019-02-07",
    "symbol": "BR",
    "eps": 0.56,
    "epsEstimated": 0.71,
    "time": "bmo",
    "revenue": 953400000,
    "revenueEstimated": 1208775000,
    "updatedFromDate": "2025-04-25",
    "fiscalDateEnding": "2018-12-31"
  },
  {
    "date": "2018-11-06",
    "symbol": "BR",
    "eps": 0.79,
    "epsEstimated": 0.68,
    "time": "bmo",
    "revenue": 972800000,
    "revenueEstimated": 837346835,
    "updatedFromDate": "2025-04-25",
    "fiscalDateEnding": "2018-09-30"
  },
  {
    "date": "2018-08-07",
    "symbol": "BR",
    "eps": 1.86,
    "epsEstimated": 1.87,
    "time": "bmo",
    "revenue": 1320400000,
    "revenueEstimated": 1327498924,
    "updatedFromDate": "2025-04-25",
    "fiscalDateEnding": "2018-06-30"
  },
  {
    "date": "2018-05-08",
    "symbol": "BR",
    "eps": 1,
    "epsEstimated": 0.79,
    "time": "bmo",
    "revenue": 1071900000,
    "revenueEstimated": 846801000,
    "updatedFromDate": "2025-04-25",
    "fiscalDateEnding": "2018-03-31"
  },
  {
    "date": "2018-02-08",
    "symbol": "BR",
    "eps": 0.79,
    "epsEstimated": 0.58,
    "time": "bmo",
    "revenue": 1012800000,
    "revenueEstimated": 692293670,
    "updatedFromDate": "2025-04-25",
    "fiscalDateEnding": "2017-12-31"
  },
  {
    "date": "2017-11-08",
    "symbol": "BR",
    "eps": 0.54,
    "epsEstimated": 0.42,
    "time": "bmo",
    "revenue": 924800000,
    "revenueEstimated": 719288888,
    "updatedFromDate": "2025-04-25",
    "fiscalDateEnding": "2017-09-30"
  },
  {
    "date": "2017-08-10",
    "symbol": "BR",
    "eps": 1.71,
    "epsEstimated": 1.69,
    "time": "bmo",
    "revenue": 1345700000,
    "revenueEstimated": 1330059649,
    "updatedFromDate": "2025-04-25",
    "fiscalDateEnding": "2017-06-30"
  },
  {
    "date": "2017-05-10",
    "symbol": "BR",
    "eps": 0.69,
    "epsEstimated": 0.6,
    "time": "bmo",
    "revenue": 1008900000,
    "revenueEstimated": 877304347,
    "updatedFromDate": "2025-04-25",
    "fiscalDateEnding": "2017-03-31"
  },
  {
    "date": "2017-02-08",
    "symbol": "BR",
    "eps": 0.39,
    "epsEstimated": 0.38,
    "time": "bmo",
    "revenue": 892600000,
    "revenueEstimated": 869712820,
    "updatedFromDate": "2025-04-25",
    "fiscalDateEnding": "2016-12-31"
  },
  {
    "date": "2016-11-09",
    "symbol": "BR",
    "eps": 0.36,
    "epsEstimated": 0.38,
    "time": "bmo",
    "revenue": 895300000,
    "revenueEstimated": 945038888,
    "updatedFromDate": "2025-04-25",
    "fiscalDateEnding": "2016-09-30"
  },
  {
    "date": "2016-08-09",
    "symbol": "BR",
    "eps": 1.45,
    "epsEstimated": 1.45,
    "time": "bmo",
    "revenue": 974500000,
    "revenueEstimated": 974500000,
    "updatedFromDate": "2025-04-25",
    "fiscalDateEnding": "2016-06-30"
  }
]