[
  {
    "date": "2026-05-01",
    "symbol": "BRK-B",
    "eps": null,
    "epsEstimated": null,
    "time": "bmo",
    "revenue": null,
    "revenueEstimated": null,
    "updatedFromDate": "2025-10-01",
    "fiscalDateEnding": "2026-03-30"
  },
  {
    "date": "2026-02-20",
    "symbol": "BRK-B",
    "eps": null,
    "epsEstimated": null,
    "time": "bmo",
    "revenue": null,
    "revenueEstimated": null,
    "updatedFromDate": "2025-10-01",
    "fiscalDateEnding": "2025-12-30"
  },
  {
    "date": "2025-11-01",
    "symbol": "BRK-B",
    "eps": null,
    "epsEstimated": 5.57,
    "time": "bmo",
    "revenue": null,
    "revenueEstimated": 90251556260,
    "updatedFromDate": "2025-10-01",
    "fiscalDateEnding": "2025-09-30"
  },
  {
    "date": "2025-08-02",
    "symbol": "BRK-B",
    "eps": 5.73,
    "epsEstimated": 5.04,
    "time": "bmo",
    "revenue": 92515000000,
    "revenueEstimated": 82222967150,
    "updatedFromDate": "2025-10-01",
    "fiscalDateEnding": "2025-06-30"
  },
  {
    "date": "2025-05-02",
    "symbol": "BRK-B",
    "eps": 4.47,
    "epsEstimated": 4.63,
    "time": "bmo",
    "revenue": 89725000000,
    "revenueEstimated": 81590106850,
    "updatedFromDate": "2025-09-08",
    "fiscalDateEnding": "2025-03-31"
  },
  {
    "date": "2025-02-24",
    "symbol": "BRK-B",
    "eps": 6.73,
    "epsEstimated": 4.22,
    "time": "bmo",
    "revenue": 94916000000,
    "revenueEstimated": 89862154050,
    "updatedFromDate": "2025-09-08",
    "fiscalDateEnding": "2024-12-31"
  },
  {
    "date": "2024-11-04",
    "symbol": "BRK-B",
    "eps": 4.68,
    "epsEstimated": 4.51,
    "time": "bmo",
    "revenue": 92995000000,
    "revenueEstimated": 90478203680,
    "updatedFromDate": "2025-09-08",
    "fiscalDateEnding": "2024-09-30"
  },
  {
    "date": "2024-08-05",
    "symbol": "BRK-B",
    "eps": 5.38,
    "epsEstimated": 4.81,
    "time": "bmo",
    "revenue": 93653000000,
    "revenueEstimated": 81878300000,
    "updatedFromDate": "2025-09-08",
    "fiscalDateEnding": "2024-06-30"
  },
  {
    "date": "2024-05-04",
    "symbol": "BRK-B",
    "eps": 5.2,
    "epsEstimated": 4.58,
    "time": "bmo",
    "revenue": 89869000000,
    "revenueEstimated": 80405900000,
    "updatedFromDate": "2025-09-08",
    "fiscalDateEnding": "2024-03-31"
  },
  {
    "date": "2024-02-24",
    "symbol": "BRK-B",
    "eps": 3.92,
    "epsEstimated": 3.97,
    "time": "bmo",
    "revenue": 93376000000,
    "revenueEstimated": 88422315178,
    "updatedFromDate": "2025-09-08",
    "fiscalDateEnding": "2023-12-31"
  },
  {
    "date": "2023-11-04",
    "symbol": "BRK-B",
    "eps": 4.96,
    "epsEstimated": 4.59,
    "time": "bmo",
    "revenue": 93210000000,
    "revenueEstimated": 80681600000,
    "updatedFromDate": "2025-09-08",
    "fiscalDateEnding": "2023-09-30"
  },
  {
    "date": "2023-08-05",
    "symbol": "BRK-B",
    "eps": 4.62,
    "epsEstimated": 3.87,
    "time": "bmo",
    "revenue": 92503000000,
    "revenueEstimated": 80575900000,
    "updatedFromDate": "2025-09-08",
    "fiscalDateEnding": "2023-06-30"
  },
  {
    "date": "2023-05-06",
    "symbol": "BRK-B",
    "eps": 3.69,
    "epsEstimated": 3.5,
    "time": "bmo",
    "revenue": 85393000000,
    "revenueEstimated": 83384561724,
    "updatedFromDate": "2025-09-08",
    "fiscalDateEnding": "2023-03-31"
  },
  {
    "date": "2023-02-25",
    "symbol": "BRK-B",
    "eps": 3.06,
    "epsEstimated": 3.63,
    "time": "bmo",
    "revenue": 78072000000,
    "revenueEstimated": 79837455682,
    "updatedFromDate": "2025-09-08",
    "fiscalDateEnding": "2022-12-31"
  },
  {
    "date": "2022-11-05",
    "symbol": "BRK-B",
    "eps": 3.53,
    "epsEstimated": 2.67,
    "time": "bmo",
    "revenue": 76904000000,
    "revenueEstimated": 77682880486,
    "updatedFromDate": "2025-09-08",
    "fiscalDateEnding": "2022-09-30"
  },
  {
    "date": "2022-08-08",
    "symbol": "BRK-B",
    "eps": 4.21,
    "epsEstimated": 3.33,
    "time": "bmo",
    "revenue": 76201000000,
    "revenueEstimated": 73537003817,
    "updatedFromDate": "2025-09-08",
    "fiscalDateEnding": "2022-06-30"
  },
  {
    "date": "2022-04-30",
    "symbol": "BRK-B",
    "eps": 3.18,
    "epsEstimated": 2.8,
    "time": "bmo",
    "revenue": 70843000000,
    "revenueEstimated": 59490514285,
    "updatedFromDate": "2025-09-08",
    "fiscalDateEnding": "2022-03-31"
  },
  {
    "date": "2022-02-28",
    "symbol": "BRK-B",
    "eps": 3.27,
    "epsEstimated": 2.88,
    "time": "bmo",
    "revenue": 71798000000,
    "revenueEstimated": 69096800000,
    "updatedFromDate": "2025-09-08",
    "fiscalDateEnding": "2021-12-31"
  },
  {
    "date": "2021-11-07",
    "symbol": "BRK-B",
    "eps": 2.87,
    "epsEstimated": 2.99,
    "time": "bmo",
    "revenue": 70583000000,
    "revenueEstimated": 69760300000,
    "updatedFromDate": "2025-09-08",
    "fiscalDateEnding": "2021-09-30"
  },
  {
    "date": "2021-08-07",
    "symbol": "BRK-B",
    "eps": 2.93,
    "epsEstimated": 2.6,
    "time": "bmo",
    "revenue": 69114000000,
    "revenueEstimated": 77130500000,
    "updatedFromDate": "2025-09-08",
    "fiscalDateEnding": "2021-06-30"
  },
  {
    "date": "2021-05-01",
    "symbol": "BRK-B",
    "eps": 3.05,
    "epsEstimated": 2.53,
    "time": "bmo",
    "revenue": 64599000000,
    "revenueEstimated": 55850193675,
    "updatedFromDate": "2025-09-08",
    "fiscalDateEnding": "2021-03-31"
  },
  {
    "date": "2021-02-27",
    "symbol": "BRK-B",
    "eps": 2.15,
    "epsEstimated": 2.27,
    "time": "bmo",
    "revenue": 64381000000,
    "revenueEstimated": 109218788546,
    "updatedFromDate": "2025-09-08",
    "fiscalDateEnding": "2020-12-31"
  },
  {
    "date": "2020-11-07",
    "symbol": "BRK-B",
    "eps": 2.3,
    "epsEstimated": 2.42,
    "time": "bmo",
    "revenue": 63024000000,
    "revenueEstimated": 64296700000,
    "updatedFromDate": "2025-09-08",
    "fiscalDateEnding": "2020-09-30"
  },
  {
    "date": "2020-08-08",
    "symbol": "BRK-B",
    "eps": 2.28,
    "epsEstimated": 2.24,
    "time": "bmo",
    "revenue": 56840000000,
    "revenueEstimated": 116032982456,
    "updatedFromDate": "2025-09-08",
    "fiscalDateEnding": "2020-06-30"
  },
  {
    "date": "2020-05-02",
    "symbol": "BRK-B",
    "eps": 2.41,
    "epsEstimated": 2.51,
    "time": "bmo",
    "revenue": 61265000000,
    "revenueEstimated": 63705836653,
    "updatedFromDate": "2025-09-08",
    "fiscalDateEnding": "2020-03-31"
  },
  {
    "date": "2020-02-22",
    "symbol": "BRK-B",
    "eps": 1.81,
    "epsEstimated": 2.34,
    "time": "bmo",
    "revenue": 65368000000,
    "revenueEstimated": 80173572649,
    "updatedFromDate": "2025-09-08",
    "fiscalDateEnding": "2019-12-31"
  },
  {
    "date": "2019-11-03",
    "symbol": "BRK-B",
    "eps": 3.07,
    "epsEstimated": 2.84,
    "time": "bmo",
    "revenue": 64972000000,
    "revenueEstimated": 59710183098,
    "updatedFromDate": "2025-09-08",
    "fiscalDateEnding": "2019-09-30"
  },
  {
    "date": "2019-08-03",
    "symbol": "BRK-B",
    "eps": 2.5,
    "epsEstimated": 2.58,
    "time": "bmo",
    "revenue": 63598000000,
    "revenueEstimated": 65570031007,
    "updatedFromDate": "2025-09-08",
    "fiscalDateEnding": "2019-06-30"
  },
  {
    "date": "2019-05-04",
    "symbol": "BRK-B",
    "eps": 2.26,
    "epsEstimated": 2.29,
    "time": "bmo",
    "revenue": 60678000000,
    "revenueEstimated": 61472908296,
    "updatedFromDate": "2025-09-08",
    "fiscalDateEnding": "2019-03-31"
  },
  {
    "date": "2019-02-23",
    "symbol": "BRK-B",
    "eps": 2.32,
    "epsEstimated": 1.85,
    "time": "bmo",
    "revenue": 63714000000,
    "revenueEstimated": 47527200000,
    "updatedFromDate": "2025-09-08",
    "fiscalDateEnding": "2018-12-31"
  },
  {
    "date": "2018-11-03",
    "symbol": "BRK-B",
    "eps": 2.79,
    "epsEstimated": 2.49,
    "time": "bmo",
    "revenue": 63450000000,
    "revenueEstimated": 55805421686,
    "updatedFromDate": "2025-09-08",
    "fiscalDateEnding": "2018-09-30"
  },
  {
    "date": "2018-08-04",
    "symbol": "BRK-B",
    "eps": 2.79,
    "epsEstimated": 2.24,
    "time": "bmo",
    "revenue": 62200000000,
    "revenueEstimated": 46927678571,
    "updatedFromDate": "2025-09-08",
    "fiscalDateEnding": "2018-06-30"
  },
  {
    "date": "2018-05-05",
    "symbol": "BRK-B",
    "eps": 2.14,
    "epsEstimated": 2.07,
    "time": "bmo",
    "revenue": 58473000000,
    "revenueEstimated": 56495652173,
    "updatedFromDate": "2025-09-08",
    "fiscalDateEnding": "2018-03-31"
  },
  {
    "date": "2018-02-24",
    "symbol": "BRK-B",
    "eps": 1.35,
    "epsEstimated": 1.76,
    "time": "bmo",
    "revenue": 58800000000,
    "revenueEstimated": 72629653409,
    "updatedFromDate": "2025-09-08",
    "fiscalDateEnding": "2017-12-31"
  },
  {
    "date": "2017-11-03",
    "symbol": "BRK-B",
    "eps": 1.4,
    "epsEstimated": 1.58,
    "time": "bmo",
    "revenue": 59507000000,
    "revenueEstimated": 67420253164,
    "updatedFromDate": "2025-09-08",
    "fiscalDateEnding": "2017-09-30"
  },
  {
    "date": "2017-08-04",
    "symbol": "BRK-B",
    "eps": 1.67,
    "epsEstimated": 1.88,
    "time": "bmo",
    "revenue": 57256000000,
    "revenueEstimated": 63942882978,
    "updatedFromDate": "2025-09-08",
    "fiscalDateEnding": "2017-06-30"
  },
  {
    "date": "2017-05-05",
    "symbol": "BRK-B",
    "eps": 1.44,
    "epsEstimated": 1.76,
    "time": "bmo",
    "revenue": 64412000000,
    "revenueEstimated": 77039181818,
    "updatedFromDate": "2025-09-08",
    "fiscalDateEnding": "2017-03-31"
  },
  {
    "date": "2017-02-25",
    "symbol": "BRK-B",
    "eps": 1.78,
    "epsEstimated": 1.83,
    "time": "bmo",
    "revenue": 54699000000,
    "revenueEstimated": 59248765027,
    "updatedFromDate": "2025-09-08",
    "fiscalDateEnding": "2016-12-31"
  },
  {
    "date": "2016-11-04",
    "symbol": "BRK-B",
    "eps": 1.97,
    "epsEstimated": 1.99,
    "time": "bmo",
    "revenue": 55460000000,
    "revenueEstimated": 59661648241,
    "updatedFromDate": "2025-09-08",
    "fiscalDateEnding": "2016-09-30"
  },
  {
    "date": "2016-08-05",
    "symbol": "BRK-B",
    "eps": 1.87,
    "epsEstimated": 1.86,
    "time": "bmo",
    "revenue": 54440000000,
    "revenueEstimated": 54167204301,
    "updatedFromDate": "2025-09-08",
    "fiscalDateEnding": "2016-06-30"
  }
]