[
  {
    "date": "2026-04-27",
    "symbol": "BRO",
    "eps": null,
    "epsEstimated": null,
    "time": "amc",
    "revenue": null,
    "revenueEstimated": null,
    "updatedFromDate": "2025-10-02",
    "fiscalDateEnding": "2026-03-30"
  },
  {
    "date": "2026-01-26",
    "symbol": "BRO",
    "eps": null,
    "epsEstimated": null,
    "time": "amc",
    "revenue": null,
    "revenueEstimated": null,
    "updatedFromDate": "2025-10-02",
    "fiscalDateEnding": "2025-12-30"
  },
  {
    "date": "2025-10-27",
    "symbol": "BRO",
    "eps": null,
    "epsEstimated": 0.9,
    "time": "amc",
    "revenue": null,
    "revenueEstimated": 1538790430,
    "updatedFromDate": "2025-10-02",
    "fiscalDateEnding": "2025-09-30"
  },
  {
    "date": "2025-07-28",
    "symbol": "BRO",
    "eps": 1.03,
    "epsEstimated": 0.986,
    "time": "amc",
    "revenue": 1249000000,
    "revenueEstimated": 1278593532,
    "updatedFromDate": "2025-10-02",
    "fiscalDateEnding": "2025-06-30"
  },
  {
    "date": "2025-04-28",
    "symbol": "BRO",
    "eps": 1.29,
    "epsEstimated": 1.29,
    "time": "amc",
    "revenue": 1385000000,
    "revenueEstimated": 1409658566,
    "updatedFromDate": "2025-07-27",
    "fiscalDateEnding": "2025-03-31"
  },
  {
    "date": "2025-01-27",
    "symbol": "BRO",
    "eps": 0.86,
    "epsEstimated": 0.767,
    "time": "amc",
    "revenue": 1089000000,
    "revenueEstimated": 1121136789,
    "updatedFromDate": "2025-04-27",
    "fiscalDateEnding": "2024-12-31"
  },
  {
    "date": "2024-10-28",
    "symbol": "BRO",
    "eps": 0.91,
    "epsEstimated": 0.88,
    "time": "amc",
    "revenue": 1186000000,
    "revenueEstimated": 1162478878,
    "updatedFromDate": "2025-04-25",
    "fiscalDateEnding": "2024-09-30"
  },
  {
    "date": "2024-07-22",
    "symbol": "BRO",
    "eps": 0.93,
    "epsEstimated": 0.88,
    "time": "amc",
    "revenue": 1178000000,
    "revenueEstimated": 1144480524,
    "updatedFromDate": "2025-04-25",
    "fiscalDateEnding": "2024-06-30"
  },
  {
    "date": "2024-04-22",
    "symbol": "BRO",
    "eps": 1.14,
    "epsEstimated": 1.05,
    "time": "amc",
    "revenue": 1237000000,
    "revenueEstimated": 1216927772,
    "updatedFromDate": "2025-04-25",
    "fiscalDateEnding": "2024-03-31"
  },
  {
    "date": "2024-01-22",
    "symbol": "BRO",
    "eps": 0.58,
    "epsEstimated": 0.53,
    "time": "amc",
    "revenue": 972400000,
    "revenueEstimated": 985480000,
    "updatedFromDate": "2025-04-25",
    "fiscalDateEnding": "2023-12-31"
  },
  {
    "date": "2023-10-23",
    "symbol": "BRO",
    "eps": 0.71,
    "epsEstimated": 0.62,
    "time": "amc",
    "revenue": 1067700000,
    "revenueEstimated": 1034190000,
    "updatedFromDate": "2025-04-25",
    "fiscalDateEnding": "2023-09-30"
  },
  {
    "date": "2023-07-24",
    "symbol": "BRO",
    "eps": 0.68,
    "epsEstimated": 0.59,
    "time": "amc",
    "revenue": 1047300000,
    "revenueEstimated": 997510000,
    "updatedFromDate": "2025-04-25",
    "fiscalDateEnding": "2023-06-30"
  },
  {
    "date": "2023-04-24",
    "symbol": "BRO",
    "eps": 0.84,
    "epsEstimated": 0.82,
    "time": "amc",
    "revenue": 1116000000,
    "revenueEstimated": 1065920000,
    "updatedFromDate": "2025-04-25",
    "fiscalDateEnding": "2023-03-31"
  },
  {
    "date": "2023-01-23",
    "symbol": "BRO",
    "eps": 0.5,
    "epsEstimated": 0.46,
    "time": "amc",
    "revenue": 893200000,
    "revenueEstimated": 897996499,
    "updatedFromDate": "2025-04-25",
    "fiscalDateEnding": "2022-12-31"
  },
  {
    "date": "2022-10-24",
    "symbol": "BRO",
    "eps": 0.5,
    "epsEstimated": 0.61,
    "time": "amc",
    "revenue": 927600000,
    "revenueEstimated": 945803298,
    "updatedFromDate": "2025-04-25",
    "fiscalDateEnding": "2022-09-30"
  },
  {
    "date": "2022-07-25",
    "symbol": "BRO",
    "eps": 0.51,
    "epsEstimated": 0.49,
    "time": "amc",
    "revenue": 839700000,
    "revenueEstimated": 803457301,
    "updatedFromDate": "2025-04-25",
    "fiscalDateEnding": "2022-06-30"
  },
  {
    "date": "2022-04-25",
    "symbol": "BRO",
    "eps": 0.78,
    "epsEstimated": 0.75,
    "time": "amc",
    "revenue": 904700000,
    "revenueEstimated": 893823844,
    "updatedFromDate": "2025-04-25",
    "fiscalDateEnding": "2022-03-31"
  },
  {
    "date": "2022-01-24",
    "symbol": "BRO",
    "eps": 0.42,
    "epsEstimated": 0.39,
    "time": "amc",
    "revenue": 737900000,
    "revenueEstimated": 891200000,
    "updatedFromDate": "2025-04-25",
    "fiscalDateEnding": "2021-12-31"
  },
  {
    "date": "2021-10-25",
    "symbol": "BRO",
    "eps": 0.58,
    "epsEstimated": 0.53,
    "time": "amc",
    "revenue": 769700000,
    "revenueEstimated": 758420000,
    "updatedFromDate": "2025-04-25",
    "fiscalDateEnding": "2021-09-30"
  },
  {
    "date": "2021-07-26",
    "symbol": "BRO",
    "eps": 0.49,
    "epsEstimated": 0.4,
    "time": "amc",
    "revenue": 725900000,
    "revenueEstimated": 758420000,
    "updatedFromDate": "2025-04-25",
    "fiscalDateEnding": "2021-06-30"
  },
  {
    "date": "2021-04-26",
    "symbol": "BRO",
    "eps": 0.7,
    "epsEstimated": 0.58,
    "time": "amc",
    "revenue": 814000000,
    "revenueEstimated": 755730000,
    "updatedFromDate": "2025-04-25",
    "fiscalDateEnding": "2021-03-31"
  },
  {
    "date": "2021-01-25",
    "symbol": "BRO",
    "eps": 0.32,
    "epsEstimated": 0.29,
    "time": "amc",
    "revenue": 640000000,
    "revenueEstimated": 573839724,
    "updatedFromDate": "2025-04-25",
    "fiscalDateEnding": "2020-12-31"
  },
  {
    "date": "2020-10-26",
    "symbol": "BRO",
    "eps": 0.52,
    "epsEstimated": 0.43,
    "time": "amc",
    "revenue": 671396000,
    "revenueEstimated": 557314730,
    "updatedFromDate": "2025-04-25",
    "fiscalDateEnding": "2020-09-30"
  },
  {
    "date": "2020-07-27",
    "symbol": "BRO",
    "eps": 0.34,
    "epsEstimated": 0.28,
    "time": "amc",
    "revenue": 598157000,
    "revenueEstimated": 493134352,
    "updatedFromDate": "2025-04-25",
    "fiscalDateEnding": "2020-06-30"
  },
  {
    "date": "2020-04-27",
    "symbol": "BRO",
    "eps": 0.51,
    "epsEstimated": 0.46,
    "time": "amc",
    "revenue": 696500000,
    "revenueEstimated": 630016000,
    "updatedFromDate": "2025-04-25",
    "fiscalDateEnding": "2020-03-31"
  },
  {
    "date": "2020-01-27",
    "symbol": "BRO",
    "eps": 0.28,
    "epsEstimated": 0.27,
    "time": "amc",
    "revenue": 576979000,
    "revenueEstimated": 558310821,
    "updatedFromDate": "2025-04-25",
    "fiscalDateEnding": "2019-12-31"
  },
  {
    "date": "2019-10-28",
    "symbol": "BRO",
    "eps": 0.39,
    "epsEstimated": 0.38,
    "time": "amc",
    "revenue": 617363000,
    "revenueEstimated": 602819333,
    "updatedFromDate": "2025-04-25",
    "fiscalDateEnding": "2019-09-30"
  },
  {
    "date": "2019-07-22",
    "symbol": "BRO",
    "eps": 0.32,
    "epsEstimated": 0.28,
    "time": "amc",
    "revenue": 572900000,
    "revenueEstimated": 1045186625,
    "updatedFromDate": "2025-04-25",
    "fiscalDateEnding": "2019-06-30"
  },
  {
    "date": "2019-04-22",
    "symbol": "BRO",
    "eps": 0.41,
    "epsEstimated": 0.36,
    "time": "amc",
    "revenue": 617463000,
    "revenueEstimated": 543758048,
    "updatedFromDate": "2025-04-25",
    "fiscalDateEnding": "2019-03-31"
  },
  {
    "date": "2019-01-28",
    "symbol": "BRO",
    "eps": 0.26,
    "epsEstimated": 0.27,
    "time": "amc",
    "revenue": 507638000,
    "revenueEstimated": 528315230,
    "updatedFromDate": "2025-04-25",
    "fiscalDateEnding": "2018-12-31"
  },
  {
    "date": "2018-10-22",
    "symbol": "BRO",
    "eps": 0.38,
    "epsEstimated": 0.34,
    "time": "amc",
    "revenue": 529800000,
    "revenueEstimated": 475015789,
    "updatedFromDate": "2025-04-25",
    "fiscalDateEnding": "2018-09-30"
  },
  {
    "date": "2018-07-23",
    "symbol": "BRO",
    "eps": 0.26,
    "epsEstimated": 0.28,
    "time": "amc",
    "revenue": 472000000,
    "revenueEstimated": 509600000,
    "updatedFromDate": "2025-04-25",
    "fiscalDateEnding": "2018-06-30"
  },
  {
    "date": "2018-04-23",
    "symbol": "BRO",
    "eps": 0.33,
    "epsEstimated": 0.29,
    "time": "amc",
    "revenue": 500338000,
    "revenueEstimated": 455909090,
    "updatedFromDate": "2025-04-25",
    "fiscalDateEnding": "2018-03-31"
  },
  {
    "date": "2018-01-22",
    "symbol": "BRO",
    "eps": 0.24,
    "epsEstimated": 0.21,
    "time": "amc",
    "revenue": 473371000,
    "revenueEstimated": 415012500,
    "updatedFromDate": "2025-04-25",
    "fiscalDateEnding": "2017-12-31"
  },
  {
    "date": "2017-10-16",
    "symbol": "BRO",
    "eps": 0.27,
    "epsEstimated": 0.25,
    "time": "amc",
    "revenue": 474600000,
    "revenueEstimated": 440370370,
    "updatedFromDate": "2025-04-25",
    "fiscalDateEnding": "2017-09-30"
  },
  {
    "date": "2017-07-17",
    "symbol": "BRO",
    "eps": 0.25,
    "epsEstimated": 0.24,
    "time": "amc",
    "revenue": 464700000,
    "revenueEstimated": 447648000,
    "updatedFromDate": "2025-04-25",
    "fiscalDateEnding": "2017-06-30"
  },
  {
    "date": "2017-04-17",
    "symbol": "BRO",
    "eps": 0.21,
    "epsEstimated": 0.21,
    "time": "amc",
    "revenue": 444566000,
    "revenueEstimated": 443959090,
    "updatedFromDate": "2025-04-25",
    "fiscalDateEnding": "2017-03-31"
  },
  {
    "date": "2017-01-23",
    "symbol": "BRO",
    "eps": 0.21,
    "epsEstimated": 0.2,
    "time": "amc",
    "revenue": 433100000,
    "revenueEstimated": 413047619,
    "updatedFromDate": "2025-04-25",
    "fiscalDateEnding": "2016-12-31"
  },
  {
    "date": "2016-10-20",
    "symbol": "BRO",
    "eps": 0.25,
    "epsEstimated": 0.25,
    "time": "amc",
    "revenue": 461652000,
    "revenueEstimated": 462300000,
    "updatedFromDate": "2025-04-25",
    "fiscalDateEnding": "2016-09-30"
  },
  {
    "date": "2016-07-18",
    "symbol": "BRO",
    "eps": 0.24,
    "epsEstimated": 0.22,
    "time": "amc",
    "revenue": 445662000,
    "revenueEstimated": 409291666,
    "updatedFromDate": "2025-04-25",
    "fiscalDateEnding": "2016-06-30"
  }
]