[
  {
    "date": "2026-04-21",
    "symbol": "BSX",
    "eps": null,
    "epsEstimated": null,
    "time": "bmo",
    "revenue": null,
    "revenueEstimated": null,
    "updatedFromDate": "2025-09-23",
    "fiscalDateEnding": "2026-03-30"
  },
  {
    "date": "2026-02-03",
    "symbol": "BSX",
    "eps": null,
    "epsEstimated": null,
    "time": "bmo",
    "revenue": null,
    "revenueEstimated": null,
    "updatedFromDate": "2025-09-23",
    "fiscalDateEnding": "2025-12-30"
  },
  {
    "date": "2025-10-22",
    "symbol": "BSX",
    "eps": null,
    "epsEstimated": 0.71,
    "time": "bmo",
    "revenue": null,
    "revenueEstimated": 4966285770,
    "updatedFromDate": "2025-09-23",
    "fiscalDateEnding": "2025-09-30"
  },
  {
    "date": "2025-07-23",
    "symbol": "BSX",
    "eps": 0.75,
    "epsEstimated": 0.725,
    "time": "bmo",
    "revenue": 5061000000,
    "revenueEstimated": 4893029933,
    "updatedFromDate": "2025-09-23",
    "fiscalDateEnding": "2025-06-30"
  },
  {
    "date": "2025-04-23",
    "symbol": "BSX",
    "eps": 0.75,
    "epsEstimated": 0.673,
    "time": "bmo",
    "revenue": 4663000000,
    "revenueEstimated": 4571662239,
    "updatedFromDate": "2025-07-23",
    "fiscalDateEnding": "2025-03-31"
  },
  {
    "date": "2025-02-05",
    "symbol": "BSX",
    "eps": 0.7,
    "epsEstimated": 0.657,
    "time": "bmo",
    "revenue": 4561000000,
    "revenueEstimated": 4420482656,
    "updatedFromDate": "2025-05-05",
    "fiscalDateEnding": "2024-12-31"
  },
  {
    "date": "2024-10-23",
    "symbol": "BSX",
    "eps": 0.63,
    "epsEstimated": 0.588,
    "time": "bmo",
    "revenue": 4209000000,
    "revenueEstimated": 4040801598,
    "updatedFromDate": "2025-04-11",
    "fiscalDateEnding": "2024-09-30"
  },
  {
    "date": "2024-07-24",
    "symbol": "BSX",
    "eps": 0.62,
    "epsEstimated": 0.583,
    "time": "bmo",
    "revenue": 4120000000,
    "revenueEstimated": 4028839486,
    "updatedFromDate": "2025-04-11",
    "fiscalDateEnding": "2024-06-30"
  },
  {
    "date": "2024-04-24",
    "symbol": "BSX",
    "eps": 0.56,
    "epsEstimated": 0.514,
    "time": "bmo",
    "revenue": 3856000000,
    "revenueEstimated": 3684105425,
    "updatedFromDate": "2025-04-11",
    "fiscalDateEnding": "2024-03-31"
  },
  {
    "date": "2024-01-31",
    "symbol": "BSX",
    "eps": 0.55,
    "epsEstimated": 0.51,
    "time": "bmo",
    "revenue": 3725000000,
    "revenueEstimated": 3592850000,
    "updatedFromDate": "2025-04-11",
    "fiscalDateEnding": "2023-12-31"
  },
  {
    "date": "2023-10-26",
    "symbol": "BSX",
    "eps": 0.5,
    "epsEstimated": 0.48,
    "time": "bmo",
    "revenue": 3527000000,
    "revenueEstimated": 3474850000,
    "updatedFromDate": "2025-04-11",
    "fiscalDateEnding": "2023-09-30"
  },
  {
    "date": "2023-07-27",
    "symbol": "BSX",
    "eps": 0.53,
    "epsEstimated": 0.49,
    "time": "bmo",
    "revenue": 3599000000,
    "revenueEstimated": 3502270000,
    "updatedFromDate": "2025-04-11",
    "fiscalDateEnding": "2023-06-30"
  },
  {
    "date": "2023-04-26",
    "symbol": "BSX",
    "eps": 0.47,
    "epsEstimated": 0.43,
    "time": "bmo",
    "revenue": 3389000000,
    "revenueEstimated": 3155260000,
    "updatedFromDate": "2025-04-11",
    "fiscalDateEnding": "2023-03-31"
  },
  {
    "date": "2023-02-01",
    "symbol": "BSX",
    "eps": 0.45,
    "epsEstimated": 0.47,
    "time": "bmo",
    "revenue": 3242000000,
    "revenueEstimated": 3243340495,
    "updatedFromDate": "2025-04-11",
    "fiscalDateEnding": "2022-12-31"
  },
  {
    "date": "2022-10-26",
    "symbol": "BSX",
    "eps": 0.43,
    "epsEstimated": 0.44,
    "time": "bmo",
    "revenue": 3170000000,
    "revenueEstimated": 3139602877,
    "updatedFromDate": "2025-04-11",
    "fiscalDateEnding": "2022-09-30"
  },
  {
    "date": "2022-07-27",
    "symbol": "BSX",
    "eps": 0.44,
    "epsEstimated": 0.42,
    "time": "bmo",
    "revenue": 3244000000,
    "revenueEstimated": 3216411945,
    "updatedFromDate": "2025-04-11",
    "fiscalDateEnding": "2022-06-30"
  },
  {
    "date": "2022-04-27",
    "symbol": "BSX",
    "eps": 0.39,
    "epsEstimated": 0.38,
    "time": "bmo",
    "revenue": 3026000000,
    "revenueEstimated": 2955272643,
    "updatedFromDate": "2025-04-11",
    "fiscalDateEnding": "2022-03-31"
  },
  {
    "date": "2022-02-02",
    "symbol": "BSX",
    "eps": 0.45,
    "epsEstimated": 0.44,
    "time": "bmo",
    "revenue": 3127000000,
    "revenueEstimated": 3111348872,
    "updatedFromDate": "2025-04-11",
    "fiscalDateEnding": "2021-12-31"
  },
  {
    "date": "2021-10-27",
    "symbol": "BSX",
    "eps": 0.41,
    "epsEstimated": 0.4,
    "time": "bmo",
    "revenue": 2932000000,
    "revenueEstimated": 3002750000,
    "updatedFromDate": "2025-04-11",
    "fiscalDateEnding": "2021-09-30"
  },
  {
    "date": "2021-07-27",
    "symbol": "BSX",
    "eps": 0.4,
    "epsEstimated": 0.37,
    "time": "bmo",
    "revenue": 3077000000,
    "revenueEstimated": 3015040000,
    "updatedFromDate": "2025-04-11",
    "fiscalDateEnding": "2021-06-30"
  },
  {
    "date": "2021-04-28",
    "symbol": "BSX",
    "eps": 0.37,
    "epsEstimated": 0.3,
    "time": "bmo",
    "revenue": 2752000000,
    "revenueEstimated": 2619650000,
    "updatedFromDate": "2025-04-11",
    "fiscalDateEnding": "2021-03-31"
  },
  {
    "date": "2021-02-03",
    "symbol": "BSX",
    "eps": 0.23,
    "epsEstimated": 0.31,
    "time": "bmo",
    "revenue": 2708000000,
    "revenueEstimated": null,
    "updatedFromDate": "2025-04-11",
    "fiscalDateEnding": "2020-12-31"
  },
  {
    "date": "2020-10-28",
    "symbol": "BSX",
    "eps": 0.37,
    "epsEstimated": 0.25,
    "time": "bmo",
    "revenue": 2659000000,
    "revenueEstimated": 2281422000,
    "updatedFromDate": "2025-04-11",
    "fiscalDateEnding": "2020-09-30"
  },
  {
    "date": "2020-07-29",
    "symbol": "BSX",
    "eps": 0.08,
    "epsEstimated": 0.01528,
    "time": "bmo",
    "revenue": 2003000000,
    "revenueEstimated": 500750000,
    "updatedFromDate": "2025-04-11",
    "fiscalDateEnding": "2020-06-30"
  },
  {
    "date": "2020-04-29",
    "symbol": "BSX",
    "eps": 0.28,
    "epsEstimated": 0.33,
    "time": "bmo",
    "revenue": 2543000000,
    "revenueEstimated": 2815464285,
    "updatedFromDate": "2025-04-11",
    "fiscalDateEnding": "2020-03-31"
  },
  {
    "date": "2020-02-05",
    "symbol": "BSX",
    "eps": 0.46,
    "epsEstimated": 0.44,
    "time": "bmo",
    "revenue": 2905000000,
    "revenueEstimated": 2777739130,
    "updatedFromDate": "2025-04-11",
    "fiscalDateEnding": "2019-12-31"
  },
  {
    "date": "2019-10-23",
    "symbol": "BSX",
    "eps": 0.39,
    "epsEstimated": 0.38,
    "time": "bmo",
    "revenue": 2707000000,
    "revenueEstimated": 2637589743,
    "updatedFromDate": "2025-04-11",
    "fiscalDateEnding": "2019-09-30"
  },
  {
    "date": "2019-07-24",
    "symbol": "BSX",
    "eps": 0.39,
    "epsEstimated": 0.38,
    "time": "bmo",
    "revenue": 2631000000,
    "revenueEstimated": 2563538461,
    "updatedFromDate": "2025-04-11",
    "fiscalDateEnding": "2019-06-30"
  },
  {
    "date": "2019-04-24",
    "symbol": "BSX",
    "eps": 0.35,
    "epsEstimated": 0.36,
    "time": "bmo",
    "revenue": 2493000000,
    "revenueEstimated": 2564228571,
    "updatedFromDate": "2025-04-11",
    "fiscalDateEnding": "2019-03-31"
  },
  {
    "date": "2019-02-06",
    "symbol": "BSX",
    "eps": 0.39,
    "epsEstimated": 0.37,
    "time": "bmo",
    "revenue": 2561000000,
    "revenueEstimated": 2429666666,
    "updatedFromDate": "2025-04-11",
    "fiscalDateEnding": "2018-12-31"
  },
  {
    "date": "2018-10-24",
    "symbol": "BSX",
    "eps": 0.35,
    "epsEstimated": 0.34,
    "time": "bmo",
    "revenue": 2393000000,
    "revenueEstimated": 2324628571,
    "updatedFromDate": "2025-04-11",
    "fiscalDateEnding": "2018-09-30"
  },
  {
    "date": "2018-07-25",
    "symbol": "BSX",
    "eps": 0.41,
    "epsEstimated": 0.34,
    "time": "bmo",
    "revenue": 2490000000,
    "revenueEstimated": 2418857142,
    "updatedFromDate": "2025-04-11",
    "fiscalDateEnding": "2018-06-30"
  },
  {
    "date": "2018-04-25",
    "symbol": "BSX",
    "eps": 0.33,
    "epsEstimated": 0.31,
    "time": "bmo",
    "revenue": 2379000000,
    "revenueEstimated": 2306909090,
    "updatedFromDate": "2025-04-11",
    "fiscalDateEnding": "2018-03-31"
  },
  {
    "date": "2018-02-01",
    "symbol": "BSX",
    "eps": 0.34,
    "epsEstimated": 0.34,
    "time": "bmo",
    "revenue": 2408000000,
    "revenueEstimated": 2408000000,
    "updatedFromDate": "2025-04-11",
    "fiscalDateEnding": "2017-12-31"
  },
  {
    "date": "2017-10-26",
    "symbol": "BSX",
    "eps": 0.31,
    "epsEstimated": 0.31,
    "time": "bmo",
    "revenue": 2222000000,
    "revenueEstimated": 2222000000,
    "updatedFromDate": "2025-04-11",
    "fiscalDateEnding": "2017-09-30"
  },
  {
    "date": "2017-07-27",
    "symbol": "BSX",
    "eps": 0.32,
    "epsEstimated": 0.31,
    "time": "bmo",
    "revenue": 2257000000,
    "revenueEstimated": 2186468750,
    "updatedFromDate": "2025-04-11",
    "fiscalDateEnding": "2017-06-30"
  },
  {
    "date": "2017-04-27",
    "symbol": "BSX",
    "eps": 0.29,
    "epsEstimated": 0.3,
    "time": "bmo",
    "revenue": 2160000000,
    "revenueEstimated": 2234482758,
    "updatedFromDate": "2025-04-11",
    "fiscalDateEnding": "2017-03-31"
  },
  {
    "date": "2017-02-02",
    "symbol": "BSX",
    "eps": 0.3,
    "epsEstimated": 0.29,
    "time": "bmo",
    "revenue": 2191000000,
    "revenueEstimated": 2117966666,
    "updatedFromDate": "2025-04-11",
    "fiscalDateEnding": "2016-12-31"
  },
  {
    "date": "2016-10-26",
    "symbol": "BSX",
    "eps": 0.27,
    "epsEstimated": 0.27,
    "time": "bmo",
    "revenue": 2105000000,
    "revenueEstimated": 2105000000,
    "updatedFromDate": "2025-04-11",
    "fiscalDateEnding": "2016-09-30"
  },
  {
    "date": "2016-07-28",
    "symbol": "BSX",
    "eps": 0.27,
    "epsEstimated": 0.27,
    "time": "bmo",
    "revenue": 2126000000,
    "revenueEstimated": 2126000000,
    "updatedFromDate": "2025-04-11",
    "fiscalDateEnding": "2016-06-30"
  }
]