[
  {
    "date": "2026-04-15",
    "symbol": "BX",
    "eps": null,
    "epsEstimated": null,
    "time": "bmo",
    "revenue": null,
    "revenueEstimated": null,
    "updatedFromDate": "2025-10-02",
    "fiscalDateEnding": "2026-03-30"
  },
  {
    "date": "2026-01-28",
    "symbol": "BX",
    "eps": null,
    "epsEstimated": null,
    "time": "bmo",
    "revenue": null,
    "revenueEstimated": null,
    "updatedFromDate": "2025-10-02",
    "fiscalDateEnding": "2025-12-30"
  },
  {
    "date": "2025-10-23",
    "symbol": "BX",
    "eps": null,
    "epsEstimated": 1.23,
    "time": "bmo",
    "revenue": null,
    "revenueEstimated": 3136397630,
    "updatedFromDate": "2025-10-02",
    "fiscalDateEnding": "2025-09-30"
  },
  {
    "date": "2025-07-24",
    "symbol": "BX",
    "eps": 1.21,
    "epsEstimated": 1.1,
    "time": "bmo",
    "revenue": 3711900000,
    "revenueEstimated": 2785670687,
    "updatedFromDate": "2025-10-02",
    "fiscalDateEnding": "2025-06-30"
  },
  {
    "date": "2025-04-17",
    "symbol": "BX",
    "eps": 1.09,
    "epsEstimated": 1.05,
    "time": "bmo",
    "revenue": 2944555000,
    "revenueEstimated": 2750774741,
    "updatedFromDate": "2025-07-17",
    "fiscalDateEnding": "2025-03-31"
  },
  {
    "date": "2025-01-30",
    "symbol": "BX",
    "eps": 1.69,
    "epsEstimated": 1.48,
    "time": "bmo",
    "revenue": 2811479000,
    "revenueEstimated": 3787418780,
    "updatedFromDate": "2025-04-30",
    "fiscalDateEnding": "2024-12-31"
  },
  {
    "date": "2024-10-17",
    "symbol": "BX",
    "eps": 1.01,
    "epsEstimated": 0.92,
    "time": "bmo",
    "revenue": 3648169000,
    "revenueEstimated": 2412460742,
    "updatedFromDate": "2025-04-24",
    "fiscalDateEnding": "2024-09-30"
  },
  {
    "date": "2024-07-18",
    "symbol": "BX",
    "eps": 0.96,
    "epsEstimated": 0.982,
    "time": "bmo",
    "revenue": 2668134000,
    "revenueEstimated": 2582788283,
    "updatedFromDate": "2025-04-24",
    "fiscalDateEnding": "2024-06-30"
  },
  {
    "date": "2024-04-18",
    "symbol": "BX",
    "eps": 0.98,
    "epsEstimated": 0.96,
    "time": "bmo",
    "revenue": 3534805000,
    "revenueEstimated": 2566417918,
    "updatedFromDate": "2025-04-24",
    "fiscalDateEnding": "2024-03-31"
  },
  {
    "date": "2024-01-25",
    "symbol": "BX",
    "eps": 1.11,
    "epsEstimated": 0.95,
    "time": "bmo",
    "revenue": 1287168000,
    "revenueEstimated": 2571980000,
    "updatedFromDate": "2025-04-24",
    "fiscalDateEnding": "2023-12-31"
  },
  {
    "date": "2023-10-19",
    "symbol": "BX",
    "eps": 0.94,
    "epsEstimated": 1.01,
    "time": "bmo",
    "revenue": 2366917000,
    "revenueEstimated": 3104830000,
    "updatedFromDate": "2025-04-24",
    "fiscalDateEnding": "2023-09-30"
  },
  {
    "date": "2023-07-20",
    "symbol": "BX",
    "eps": 0.93,
    "epsEstimated": 0.92,
    "time": "bmo",
    "revenue": 2738259000,
    "revenueEstimated": 2407110000,
    "updatedFromDate": "2025-04-24",
    "fiscalDateEnding": "2023-06-30"
  },
  {
    "date": "2023-04-20",
    "symbol": "BX",
    "eps": 0.97,
    "epsEstimated": 0.97,
    "time": "bmo",
    "revenue": 1291558000,
    "revenueEstimated": 2487000000,
    "updatedFromDate": "2025-04-24",
    "fiscalDateEnding": "2023-03-31"
  },
  {
    "date": "2023-01-26",
    "symbol": "BX",
    "eps": 1.07,
    "epsEstimated": 0.96,
    "time": "bmo",
    "revenue": 1847012000,
    "revenueEstimated": 2709301826,
    "updatedFromDate": "2025-04-24",
    "fiscalDateEnding": "2022-12-31"
  },
  {
    "date": "2022-10-20",
    "symbol": "BX",
    "eps": 1.06,
    "epsEstimated": 0.96,
    "time": "bmo",
    "revenue": 778225000,
    "revenueEstimated": 2367599801,
    "updatedFromDate": "2025-04-24",
    "fiscalDateEnding": "2022-09-30"
  },
  {
    "date": "2022-07-21",
    "symbol": "BX",
    "eps": 1.49,
    "epsEstimated": 1.47,
    "time": "bmo",
    "revenue": 404078000,
    "revenueEstimated": 3574740677,
    "updatedFromDate": "2025-04-24",
    "fiscalDateEnding": "2022-06-30"
  },
  {
    "date": "2022-04-21",
    "symbol": "BX",
    "eps": 1.55,
    "epsEstimated": 1.07,
    "time": "bmo",
    "revenue": 4986833000,
    "revenueEstimated": 2901404542,
    "updatedFromDate": "2025-04-24",
    "fiscalDateEnding": "2022-03-31"
  },
  {
    "date": "2022-01-27",
    "symbol": "BX",
    "eps": 1.71,
    "epsEstimated": 1.37,
    "time": "bmo",
    "revenue": 5655408000,
    "revenueEstimated": 3094350000,
    "updatedFromDate": "2025-04-24",
    "fiscalDateEnding": "2021-12-31"
  },
  {
    "date": "2021-10-21",
    "symbol": "BX",
    "eps": 1.28,
    "epsEstimated": 0.93,
    "time": "bmo",
    "revenue": 6107665000,
    "revenueEstimated": 2007850000,
    "updatedFromDate": "2025-04-24",
    "fiscalDateEnding": "2021-09-30"
  },
  {
    "date": "2021-07-22",
    "symbol": "BX",
    "eps": 0.82,
    "epsEstimated": 0.8,
    "time": "bmo",
    "revenue": 5219136000,
    "revenueEstimated": 2007850000,
    "updatedFromDate": "2025-04-24",
    "fiscalDateEnding": "2021-06-30"
  },
  {
    "date": "2021-04-22",
    "symbol": "BX",
    "eps": 0.96,
    "epsEstimated": 0.72,
    "time": "bmo",
    "revenue": 5193585000,
    "revenueEstimated": 1669430000,
    "updatedFromDate": "2025-04-24",
    "fiscalDateEnding": "2021-03-31"
  },
  {
    "date": "2021-01-27",
    "symbol": "BX",
    "eps": 1.13,
    "epsEstimated": 0.89,
    "time": "bmo",
    "revenue": 3726805000,
    "revenueEstimated": 2683323426,
    "updatedFromDate": "2025-04-24",
    "fiscalDateEnding": "2020-12-31"
  },
  {
    "date": "2020-10-28",
    "symbol": "BX",
    "eps": 0.63,
    "epsEstimated": 0.57,
    "time": "bmo",
    "revenue": 3185517000,
    "revenueEstimated": 3250622238,
    "updatedFromDate": "2025-04-24",
    "fiscalDateEnding": "2020-09-30"
  },
  {
    "date": "2020-07-23",
    "symbol": "BX",
    "eps": 0.43,
    "epsEstimated": 0.43,
    "time": "bmo",
    "revenue": 2532373000,
    "revenueEstimated": 2516069000,
    "updatedFromDate": "2025-04-24",
    "fiscalDateEnding": "2020-06-30"
  },
  {
    "date": "2020-04-23",
    "symbol": "BX",
    "eps": 0.46,
    "epsEstimated": 0.49,
    "time": "bmo",
    "revenue": -3255788000,
    "revenueEstimated": 3343439130,
    "updatedFromDate": "2025-04-24",
    "fiscalDateEnding": "2020-03-31"
  },
  {
    "date": "2020-01-30",
    "symbol": "BX",
    "eps": 0.72,
    "epsEstimated": 0.67,
    "time": "bmo",
    "revenue": 2037202000,
    "revenueEstimated": 1946238333,
    "updatedFromDate": "2025-04-24",
    "fiscalDateEnding": "2019-12-31"
  },
  {
    "date": "2019-10-23",
    "symbol": "BX",
    "eps": 0.58,
    "epsEstimated": 0.54,
    "time": "bmo",
    "revenue": 1588478000,
    "revenueEstimated": 1585534293,
    "updatedFromDate": "2025-04-24",
    "fiscalDateEnding": "2019-09-30"
  },
  {
    "date": "2019-07-18",
    "symbol": "BX",
    "eps": 0.57,
    "epsEstimated": 0.48,
    "time": "bmo",
    "revenue": 1460330000,
    "revenueEstimated": 1252047157,
    "updatedFromDate": "2025-04-24",
    "fiscalDateEnding": "2019-06-30"
  },
  {
    "date": "2019-04-18",
    "symbol": "BX",
    "eps": 0.44,
    "epsEstimated": 0.52,
    "time": "bmo",
    "revenue": 1972619000,
    "revenueEstimated": 2347009568,
    "updatedFromDate": "2025-04-24",
    "fiscalDateEnding": "2019-03-31"
  },
  {
    "date": "2019-01-31",
    "symbol": "BX",
    "eps": -0.02,
    "epsEstimated": -0.00193,
    "time": "bmo",
    "revenue": 460334000,
    "revenueEstimated": 1082970000,
    "updatedFromDate": "2025-04-24",
    "fiscalDateEnding": "2018-12-31"
  },
  {
    "date": "2018-10-18",
    "symbol": "BX",
    "eps": 0.76,
    "epsEstimated": 0.74,
    "time": "bmo",
    "revenue": 1885225000,
    "revenueEstimated": 1875900000,
    "updatedFromDate": "2025-04-24",
    "fiscalDateEnding": "2018-09-30"
  },
  {
    "date": "2018-07-19",
    "symbol": "BX",
    "eps": 0.9,
    "epsEstimated": 0.75,
    "time": "bmo",
    "revenue": 2593250000,
    "revenueEstimated": 2193833333,
    "updatedFromDate": "2025-04-24",
    "fiscalDateEnding": "2018-06-30"
  },
  {
    "date": "2018-04-19",
    "symbol": "BX",
    "eps": 0.65,
    "epsEstimated": 0.45,
    "time": "bmo",
    "revenue": 1730460000,
    "revenueEstimated": 1224761538,
    "updatedFromDate": "2025-04-24",
    "fiscalDateEnding": "2018-03-31"
  },
  {
    "date": "2018-02-01",
    "symbol": "BX",
    "eps": 0.71,
    "epsEstimated": 0.7,
    "time": "bmo",
    "revenue": 1884607000,
    "revenueEstimated": 1848822535,
    "updatedFromDate": "2025-04-24",
    "fiscalDateEnding": "2017-12-31"
  },
  {
    "date": "2017-10-19",
    "symbol": "BX",
    "eps": 0.69,
    "epsEstimated": 0.54,
    "time": "bmo",
    "revenue": 1693813000,
    "revenueEstimated": 1358139130,
    "updatedFromDate": "2025-04-24",
    "fiscalDateEnding": "2017-09-30"
  },
  {
    "date": "2017-07-20",
    "symbol": "BX",
    "eps": 0.59,
    "epsEstimated": 0.62,
    "time": "bmo",
    "revenue": 1494637000,
    "revenueEstimated": 1613786440,
    "updatedFromDate": "2025-04-24",
    "fiscalDateEnding": "2017-06-30"
  },
  {
    "date": "2017-04-20",
    "symbol": "BX",
    "eps": 0.82,
    "epsEstimated": 0.68,
    "time": "bmo",
    "revenue": 1874472000,
    "revenueEstimated": 1587800000,
    "updatedFromDate": "2025-04-24",
    "fiscalDateEnding": "2017-03-31"
  },
  {
    "date": "2017-01-26",
    "symbol": "BX",
    "eps": 0.68,
    "epsEstimated": 0.64,
    "time": "bmo",
    "revenue": 1528227000,
    "revenueEstimated": 1477082352,
    "updatedFromDate": "2025-04-24",
    "fiscalDateEnding": "2016-12-31"
  },
  {
    "date": "2016-10-27",
    "symbol": "BX",
    "eps": 0.57,
    "epsEstimated": 0.48,
    "time": "bmo",
    "revenue": 1394407000,
    "revenueEstimated": 1205642105,
    "updatedFromDate": "2025-04-24",
    "fiscalDateEnding": "2016-09-30"
  },
  {
    "date": "2016-07-21",
    "symbol": "BX",
    "eps": 0.44,
    "epsEstimated": 0.4,
    "time": "bmo",
    "revenue": 1155548000,
    "revenueEstimated": 1056900000,
    "updatedFromDate": "2025-04-24",
    "fiscalDateEnding": "2016-06-30"
  }
]