[
  {
    "date": "2026-04-27",
    "symbol": "BXP",
    "eps": null,
    "epsEstimated": null,
    "time": "amc",
    "revenue": null,
    "revenueEstimated": null,
    "updatedFromDate": "2025-10-02",
    "fiscalDateEnding": "2026-03-30"
  },
  {
    "date": "2026-01-26",
    "symbol": "BXP",
    "eps": null,
    "epsEstimated": null,
    "time": "amc",
    "revenue": null,
    "revenueEstimated": null,
    "updatedFromDate": "2025-10-02",
    "fiscalDateEnding": "2025-12-30"
  },
  {
    "date": "2025-10-28",
    "symbol": "BXP",
    "eps": null,
    "epsEstimated": 1.73,
    "time": "amc",
    "revenue": null,
    "revenueEstimated": 860877100,
    "updatedFromDate": "2025-10-02",
    "fiscalDateEnding": "2025-09-30"
  },
  {
    "date": "2025-07-29",
    "symbol": "BXP",
    "eps": 1.71,
    "epsEstimated": 1.67,
    "time": "amc",
    "revenue": 868457000,
    "revenueEstimated": 858706420,
    "updatedFromDate": "2025-10-02",
    "fiscalDateEnding": "2025-06-30"
  },
  {
    "date": "2025-04-29",
    "symbol": "BXP",
    "eps": 1.64,
    "epsEstimated": 1.65,
    "time": "amc",
    "revenue": 865215000,
    "revenueEstimated": 832758750,
    "updatedFromDate": "2025-07-29",
    "fiscalDateEnding": "2025-03-30"
  },
  {
    "date": "2025-01-28",
    "symbol": "BXP",
    "eps": -1.45,
    "epsEstimated": 0.4886,
    "time": "amc",
    "revenue": 858571000,
    "revenueEstimated": 843736331,
    "updatedFromDate": "2025-06-30",
    "fiscalDateEnding": "2024-12-31"
  },
  {
    "date": "2024-10-29",
    "symbol": "BXP",
    "eps": 1.81,
    "epsEstimated": 1.81,
    "time": "amc",
    "revenue": 859227000,
    "revenueEstimated": 834620000,
    "updatedFromDate": "2024-10-30",
    "fiscalDateEnding": "2024-09-30"
  },
  {
    "date": "2024-07-30",
    "symbol": "BXP",
    "eps": 1.77,
    "epsEstimated": 1.72,
    "time": "amc",
    "revenue": 850482000,
    "revenueEstimated": 818570000,
    "updatedFromDate": "2025-06-30",
    "fiscalDateEnding": "2024-06-30"
  },
  {
    "date": "2024-04-30",
    "symbol": "BXP",
    "eps": 1.73,
    "epsEstimated": 1.73,
    "time": "amc",
    "revenue": 839439000,
    "revenueEstimated": 816610000,
    "updatedFromDate": "2025-06-30",
    "fiscalDateEnding": "2024-03-31"
  },
  {
    "date": "2024-01-30",
    "symbol": "BXP",
    "eps": 1.82,
    "epsEstimated": 1.81,
    "time": "amc",
    "revenue": 828933000,
    "revenueEstimated": 813320000,
    "updatedFromDate": "2025-06-30",
    "fiscalDateEnding": "2023-12-31"
  },
  {
    "date": "2023-11-01",
    "symbol": "BXP",
    "eps": 1.86,
    "epsEstimated": 1.85,
    "time": "amc",
    "revenue": 824283000,
    "revenueEstimated": 810450000,
    "updatedFromDate": "2025-06-30",
    "fiscalDateEnding": "2023-09-30"
  },
  {
    "date": "2023-08-01",
    "symbol": "BXP",
    "eps": 1.86,
    "epsEstimated": 1.8,
    "time": "amc",
    "revenue": 817153000,
    "revenueEstimated": 799580000,
    "updatedFromDate": "2025-06-30",
    "fiscalDateEnding": "2023-06-30"
  },
  {
    "date": "2023-04-25",
    "symbol": "BXP",
    "eps": 1.73,
    "epsEstimated": 1.7,
    "time": "amc",
    "revenue": 803200000,
    "revenueEstimated": 773900000,
    "updatedFromDate": "2025-06-30",
    "fiscalDateEnding": "2023-03-31"
  },
  {
    "date": "2023-01-31",
    "symbol": "BXP",
    "eps": 1.86,
    "epsEstimated": 1.84,
    "time": "amc",
    "revenue": 789824000,
    "revenueEstimated": 781029138,
    "updatedFromDate": "2025-06-30",
    "fiscalDateEnding": "2022-12-31"
  },
  {
    "date": "2022-10-25",
    "symbol": "BXP",
    "eps": 2.29,
    "epsEstimated": 0.75,
    "time": "amc",
    "revenue": 790523000,
    "revenueEstimated": 769344841,
    "updatedFromDate": "2025-06-30",
    "fiscalDateEnding": "2022-09-30"
  },
  {
    "date": "2022-07-26",
    "symbol": "BXP",
    "eps": 1.94,
    "epsEstimated": 1.85,
    "time": "amc",
    "revenue": 773927000,
    "revenueEstimated": 760363958,
    "updatedFromDate": "2025-06-30",
    "fiscalDateEnding": "2022-06-30"
  },
  {
    "date": "2022-05-02",
    "symbol": "BXP",
    "eps": 1.82,
    "epsEstimated": 1.74,
    "time": "amc",
    "revenue": 754307000,
    "revenueEstimated": 732003259,
    "updatedFromDate": "2025-06-30",
    "fiscalDateEnding": "2022-03-31"
  },
  {
    "date": "2022-01-25",
    "symbol": "BXP",
    "eps": 1.18,
    "epsEstimated": 0.5,
    "time": "amc",
    "revenue": 731063000,
    "revenueEstimated": 728024879,
    "updatedFromDate": "2025-06-30",
    "fiscalDateEnding": "2021-12-31"
  },
  {
    "date": "2021-10-26",
    "symbol": "BXP",
    "eps": 1.73,
    "epsEstimated": 1.7,
    "time": "amc",
    "revenue": 730056000,
    "revenueEstimated": 717190000,
    "updatedFromDate": "2025-06-30",
    "fiscalDateEnding": "2021-09-30"
  },
  {
    "date": "2021-07-27",
    "symbol": "BXP",
    "eps": 1.72,
    "epsEstimated": 1.61,
    "time": "amc",
    "revenue": 713807000,
    "revenueEstimated": 713340000,
    "updatedFromDate": "2025-06-30",
    "fiscalDateEnding": "2021-06-30"
  },
  {
    "date": "2021-04-27",
    "symbol": "BXP",
    "eps": 1.56,
    "epsEstimated": 1.55,
    "time": "amc",
    "revenue": 713695000,
    "revenueEstimated": 691360000,
    "updatedFromDate": "2025-06-30",
    "fiscalDateEnding": "2021-03-31"
  },
  {
    "date": "2021-01-26",
    "symbol": "BXP",
    "eps": 1.37,
    "epsEstimated": 1.6,
    "time": "amc",
    "revenue": 665089000,
    "revenueEstimated": 684600000,
    "updatedFromDate": "2025-06-30",
    "fiscalDateEnding": "2020-12-31"
  },
  {
    "date": "2020-10-27",
    "symbol": "BXP",
    "eps": 1.57,
    "epsEstimated": 1.64,
    "time": "amc",
    "revenue": 693268000,
    "revenueEstimated": 609597724,
    "updatedFromDate": "2025-06-30",
    "fiscalDateEnding": "2020-09-30"
  },
  {
    "date": "2020-07-28",
    "symbol": "BXP",
    "eps": 1.71,
    "epsEstimated": 0.5,
    "time": "amc",
    "revenue": 654773000,
    "revenueEstimated": 836799894,
    "updatedFromDate": "2025-06-30",
    "fiscalDateEnding": "2020-06-30"
  },
  {
    "date": "2020-04-28",
    "symbol": "BXP",
    "eps": 1.83,
    "epsEstimated": 1.8,
    "time": "amc",
    "revenue": 752556000,
    "revenueEstimated": 190490737,
    "updatedFromDate": "2025-06-30",
    "fiscalDateEnding": "2020-03-31"
  },
  {
    "date": "2020-01-28",
    "symbol": "BXP",
    "eps": 1.87,
    "epsEstimated": 1.85,
    "time": "amc",
    "revenue": 757501000,
    "revenueEstimated": 722673367,
    "updatedFromDate": "2025-06-30",
    "fiscalDateEnding": "2019-12-31"
  },
  {
    "date": "2019-10-29",
    "symbol": "BXP",
    "eps": 1.64,
    "epsEstimated": 1.62,
    "time": "amc",
    "revenue": 743553000,
    "revenueEstimated": 669197700,
    "updatedFromDate": "2025-06-30",
    "fiscalDateEnding": "2019-09-30"
  },
  {
    "date": "2019-07-30",
    "symbol": "BXP",
    "eps": 1.78,
    "epsEstimated": 1.74,
    "time": "amc",
    "revenue": 733741000,
    "revenueEstimated": 533000537,
    "updatedFromDate": "2025-06-30",
    "fiscalDateEnding": "2019-06-30"
  },
  {
    "date": "2019-04-30",
    "symbol": "BXP",
    "eps": 1.72,
    "epsEstimated": 1.66,
    "time": "amc",
    "revenue": 725767000,
    "revenueEstimated": 748807222,
    "updatedFromDate": "2025-06-30",
    "fiscalDateEnding": "2019-03-31"
  },
  {
    "date": "2019-01-29",
    "symbol": "BXP",
    "eps": 1.59,
    "epsEstimated": 1.68,
    "time": "amc",
    "revenue": 705157000,
    "revenueEstimated": 565594677,
    "updatedFromDate": "2025-06-30",
    "fiscalDateEnding": "2018-12-31"
  },
  {
    "date": "2018-10-30",
    "symbol": "BXP",
    "eps": 1.64,
    "epsEstimated": 1.63,
    "time": "amc",
    "revenue": 686284000,
    "revenueEstimated": 641735064,
    "updatedFromDate": "2025-06-30",
    "fiscalDateEnding": "2018-09-30"
  },
  {
    "date": "2018-07-31",
    "symbol": "BXP",
    "eps": 1.58,
    "epsEstimated": 1.56,
    "time": "amc",
    "revenue": 664484000,
    "revenueEstimated": 456343373,
    "updatedFromDate": "2025-06-30",
    "fiscalDateEnding": "2018-06-30"
  },
  {
    "date": "2018-04-24",
    "symbol": "BXP",
    "eps": 1.14,
    "epsEstimated": 0.64,
    "time": "amc",
    "revenue": 661151000,
    "revenueEstimated": 536926924,
    "updatedFromDate": "2025-06-30",
    "fiscalDateEnding": "2018-03-31"
  },
  {
    "date": "2018-01-30",
    "symbol": "BXP",
    "eps": 1.49,
    "epsEstimated": 1.53,
    "time": "amc",
    "revenue": 655229000,
    "revenueEstimated": 635641791,
    "updatedFromDate": "2025-06-30",
    "fiscalDateEnding": "2017-12-31"
  },
  {
    "date": "2017-11-01",
    "symbol": "BXP",
    "eps": 1.57,
    "epsEstimated": 1.54,
    "time": "amc",
    "revenue": 657712000,
    "revenueEstimated": 597122368,
    "updatedFromDate": "2025-06-30",
    "fiscalDateEnding": "2017-09-30"
  },
  {
    "date": "2017-08-01",
    "symbol": "BXP",
    "eps": 1.67,
    "epsEstimated": 1.62,
    "time": "amc",
    "revenue": 656907000,
    "revenueEstimated": 573843678,
    "updatedFromDate": "2025-06-30",
    "fiscalDateEnding": "2017-06-30"
  },
  {
    "date": "2017-04-25",
    "symbol": "BXP",
    "eps": 1.48,
    "epsEstimated": 1.5,
    "time": "amc",
    "revenue": 632228000,
    "revenueEstimated": 551920634,
    "updatedFromDate": "2025-06-30",
    "fiscalDateEnding": "2017-03-31"
  },
  {
    "date": "2017-01-31",
    "symbol": "BXP",
    "eps": 1.54,
    "epsEstimated": 1.5,
    "time": "amc",
    "revenue": 636061000,
    "revenueEstimated": 457963920,
    "updatedFromDate": "2025-06-30",
    "fiscalDateEnding": "2016-12-31"
  },
  {
    "date": "2016-10-25",
    "symbol": "BXP",
    "eps": 1.42,
    "epsEstimated": 1.43,
    "time": "amc",
    "revenue": 625228000,
    "revenueEstimated": 800256000,
    "updatedFromDate": "2025-06-30",
    "fiscalDateEnding": "2016-09-30"
  },
  {
    "date": "2016-07-26",
    "symbol": "BXP",
    "eps": 1.43,
    "epsEstimated": 1.4,
    "time": "amc",
    "revenue": 623546000,
    "revenueEstimated": 574015873,
    "updatedFromDate": "2025-06-30",
    "fiscalDateEnding": "2016-06-30"
  }
]