[
  {
    "date": "2026-04-13",
    "symbol": "C",
    "eps": null,
    "epsEstimated": null,
    "time": "bmo",
    "revenue": null,
    "revenueEstimated": null,
    "updatedFromDate": "2025-10-02",
    "fiscalDateEnding": "2026-03-30"
  },
  {
    "date": "2026-01-13",
    "symbol": "C",
    "eps": null,
    "epsEstimated": null,
    "time": "bmo",
    "revenue": null,
    "revenueEstimated": null,
    "updatedFromDate": "2025-10-02",
    "fiscalDateEnding": "2025-12-30"
  },
  {
    "date": "2025-10-14",
    "symbol": "C",
    "eps": null,
    "epsEstimated": 1.9,
    "time": "bmo",
    "revenue": null,
    "revenueEstimated": 21042946620,
    "updatedFromDate": "2025-10-02",
    "fiscalDateEnding": "2025-09-30"
  },
  {
    "date": "2025-07-15",
    "symbol": "C",
    "eps": 1.96,
    "epsEstimated": 1.66,
    "time": "bmo",
    "revenue": 42352000000,
    "revenueEstimated": 21003960494,
    "updatedFromDate": "2025-10-02",
    "fiscalDateEnding": "2025-06-30"
  },
  {
    "date": "2025-04-15",
    "symbol": "C",
    "eps": 1.96,
    "epsEstimated": 1.85,
    "time": "bmo",
    "revenue": 41255000000,
    "revenueEstimated": 21262476345,
    "updatedFromDate": "2025-07-16",
    "fiscalDateEnding": "2025-03-31"
  },
  {
    "date": "2025-01-15",
    "symbol": "C",
    "eps": 1.34,
    "epsEstimated": 1.21,
    "time": "bmo",
    "revenue": 40900000000,
    "revenueEstimated": 19511343338,
    "updatedFromDate": "2025-07-16",
    "fiscalDateEnding": "2024-12-31"
  },
  {
    "date": "2024-10-15",
    "symbol": "C",
    "eps": 1.51,
    "epsEstimated": 1.31,
    "time": "bmo",
    "revenue": 43359000000,
    "revenueEstimated": 19861827185,
    "updatedFromDate": "2025-07-16",
    "fiscalDateEnding": "2024-09-30"
  },
  {
    "date": "2024-07-12",
    "symbol": "C",
    "eps": 1.52,
    "epsEstimated": 1.39,
    "time": "bmo",
    "revenue": 42638000000,
    "revenueEstimated": 20070073361,
    "updatedFromDate": "2025-07-16",
    "fiscalDateEnding": "2024-06-30"
  },
  {
    "date": "2024-04-12",
    "symbol": "C",
    "eps": 1.86,
    "epsEstimated": 1.23,
    "time": "bmo",
    "revenue": 43722000000,
    "revenueEstimated": 20446219800,
    "updatedFromDate": "2025-07-16",
    "fiscalDateEnding": "2024-03-31"
  },
  {
    "date": "2024-01-12",
    "symbol": "C",
    "eps": 0.84,
    "epsEstimated": 0.73,
    "time": "bmo",
    "revenue": 41395000000,
    "revenueEstimated": 18754900000,
    "updatedFromDate": "2025-07-16",
    "fiscalDateEnding": "2023-12-31"
  },
  {
    "date": "2023-10-13",
    "symbol": "C",
    "eps": 1.52,
    "epsEstimated": 1.21,
    "time": "bmo",
    "revenue": 40748000000,
    "revenueEstimated": 19316600000,
    "updatedFromDate": "2025-07-16",
    "fiscalDateEnding": "2023-09-30"
  },
  {
    "date": "2023-07-14",
    "symbol": "C",
    "eps": 1.37,
    "epsEstimated": 1.3,
    "time": "bmo",
    "revenue": 38187000000,
    "revenueEstimated": 19270200000,
    "updatedFromDate": "2025-07-16",
    "fiscalDateEnding": "2023-06-30"
  },
  {
    "date": "2023-04-14",
    "symbol": "C",
    "eps": 1.86,
    "epsEstimated": 1.67,
    "time": "bmo",
    "revenue": 36452000000,
    "revenueEstimated": 19985700000,
    "updatedFromDate": "2025-07-16",
    "fiscalDateEnding": "2023-03-31"
  },
  {
    "date": "2023-01-13",
    "symbol": "C",
    "eps": 1.1,
    "epsEstimated": 1.14,
    "time": "bmo",
    "revenue": 30439000000,
    "revenueEstimated": 17960973513,
    "updatedFromDate": "2025-07-16",
    "fiscalDateEnding": "2022-12-31"
  },
  {
    "date": "2022-10-14",
    "symbol": "C",
    "eps": 1.5,
    "epsEstimated": 1.42,
    "time": "bmo",
    "revenue": 25240000000,
    "revenueEstimated": 18239754516,
    "updatedFromDate": "2025-07-16",
    "fiscalDateEnding": "2022-09-30"
  },
  {
    "date": "2022-07-15",
    "symbol": "C",
    "eps": 2.3,
    "epsEstimated": 1.68,
    "time": "bmo",
    "revenue": 23236000000,
    "revenueEstimated": 18352009660,
    "updatedFromDate": "2025-07-16",
    "fiscalDateEnding": "2022-06-30"
  },
  {
    "date": "2022-04-14",
    "symbol": "C",
    "eps": 2.31,
    "epsEstimated": 1.55,
    "time": "bmo",
    "revenue": 21468000000,
    "revenueEstimated": 18194248425,
    "updatedFromDate": "2025-07-16",
    "fiscalDateEnding": "2022-03-31"
  },
  {
    "date": "2022-01-14",
    "symbol": "C",
    "eps": 1.46,
    "epsEstimated": 1.38,
    "time": "bmo",
    "revenue": 18332000000,
    "revenueEstimated": 18309700000,
    "updatedFromDate": "2025-07-16",
    "fiscalDateEnding": "2021-12-31"
  },
  {
    "date": "2021-10-14",
    "symbol": "C",
    "eps": 2.15,
    "epsEstimated": 1.65,
    "time": "bmo",
    "revenue": 19416000000,
    "revenueEstimated": 12546562499,
    "updatedFromDate": "2025-07-16",
    "fiscalDateEnding": "2021-09-30"
  },
  {
    "date": "2021-07-14",
    "symbol": "C",
    "eps": 2.63,
    "epsEstimated": 1.96,
    "time": "bmo",
    "revenue": 19734000000,
    "revenueEstimated": 17628500000,
    "updatedFromDate": "2025-07-16",
    "fiscalDateEnding": "2021-06-30"
  },
  {
    "date": "2021-04-15",
    "symbol": "C",
    "eps": 3.62,
    "epsEstimated": 2.6,
    "time": "bmo",
    "revenue": 21706000000,
    "revenueEstimated": 17627330769,
    "updatedFromDate": "2025-07-16",
    "fiscalDateEnding": "2021-03-31"
  },
  {
    "date": "2021-01-15",
    "symbol": "C",
    "eps": 2.08,
    "epsEstimated": 1.34,
    "time": "bmo",
    "revenue": 19077000000,
    "revenueEstimated": 12445925373,
    "updatedFromDate": "2025-07-16",
    "fiscalDateEnding": "2020-12-31"
  },
  {
    "date": "2020-10-13",
    "symbol": "C",
    "eps": 1.55,
    "epsEstimated": 0.93,
    "time": "bmo",
    "revenue": 20139000000,
    "revenueEstimated": 14120664516,
    "updatedFromDate": "2025-07-16",
    "fiscalDateEnding": "2020-09-30"
  },
  {
    "date": "2020-07-14",
    "symbol": "C",
    "eps": 0.5,
    "epsEstimated": 0.47,
    "time": "bmo",
    "revenue": 23244000000,
    "revenueEstimated": 15914691961,
    "updatedFromDate": "2025-07-16",
    "fiscalDateEnding": "2020-06-30"
  },
  {
    "date": "2020-04-15",
    "symbol": "C",
    "eps": 1.05,
    "epsEstimated": 1.04,
    "time": "bmo",
    "revenue": 26646000000,
    "revenueEstimated": 20533561904,
    "updatedFromDate": "2025-07-16",
    "fiscalDateEnding": "2020-03-31"
  },
  {
    "date": "2020-01-14",
    "symbol": "C",
    "eps": 2.15,
    "epsEstimated": 1.84,
    "time": "bmo",
    "revenue": 24926000000,
    "revenueEstimated": 15728148837,
    "updatedFromDate": "2025-07-16",
    "fiscalDateEnding": "2019-12-31"
  },
  {
    "date": "2019-10-15",
    "symbol": "C",
    "eps": 1.99,
    "epsEstimated": 1.95,
    "time": "bmo",
    "revenue": 26112000000,
    "revenueEstimated": 17497246376,
    "updatedFromDate": "2025-07-16",
    "fiscalDateEnding": "2019-09-30"
  },
  {
    "date": "2019-07-15",
    "symbol": "C",
    "eps": 1.83,
    "epsEstimated": 1.8,
    "time": "bmo",
    "revenue": 26520000000,
    "revenueEstimated": 34653610256,
    "updatedFromDate": "2025-07-16",
    "fiscalDateEnding": "2019-06-30"
  },
  {
    "date": "2019-04-15",
    "symbol": "C",
    "eps": 1.87,
    "epsEstimated": 1.8,
    "time": "bmo",
    "revenue": 25893000000,
    "revenueEstimated": 17880641711,
    "updatedFromDate": "2025-07-16",
    "fiscalDateEnding": "2019-03-31"
  },
  {
    "date": "2019-01-14",
    "symbol": "C",
    "eps": 1.61,
    "epsEstimated": 1.55,
    "time": "bmo",
    "revenue": 23977000000,
    "revenueEstimated": 16485838509,
    "updatedFromDate": "2025-07-16",
    "fiscalDateEnding": "2018-12-31"
  },
  {
    "date": "2018-10-12",
    "symbol": "C",
    "eps": 1.73,
    "epsEstimated": 1.69,
    "time": "bmo",
    "revenue": 24757000000,
    "revenueEstimated": 17963820809,
    "updatedFromDate": "2025-07-16",
    "fiscalDateEnding": "2018-09-30"
  },
  {
    "date": "2018-07-13",
    "symbol": "C",
    "eps": 1.63,
    "epsEstimated": 1.56,
    "time": "bmo",
    "revenue": 24354000000,
    "revenueEstimated": 17675852760,
    "updatedFromDate": "2025-07-16",
    "fiscalDateEnding": "2018-06-30"
  },
  {
    "date": "2018-04-13",
    "symbol": "C",
    "eps": 1.68,
    "epsEstimated": 1.61,
    "time": "bmo",
    "revenue": 24032000000,
    "revenueEstimated": 18085666666,
    "updatedFromDate": "2025-07-16",
    "fiscalDateEnding": "2018-03-31"
  },
  {
    "date": "2018-01-16",
    "symbol": "C",
    "eps": 1.28,
    "epsEstimated": 1.19,
    "time": "bmo",
    "revenue": 21791000000,
    "revenueEstimated": 16273250000,
    "updatedFromDate": "2025-07-16",
    "fiscalDateEnding": "2017-12-31"
  },
  {
    "date": "2017-10-12",
    "symbol": "C",
    "eps": 1.42,
    "epsEstimated": 1.32,
    "time": "bmo",
    "revenue": 22798000000,
    "revenueEstimated": 17121887323,
    "updatedFromDate": "2025-07-16",
    "fiscalDateEnding": "2017-09-30"
  },
  {
    "date": "2017-07-14",
    "symbol": "C",
    "eps": 1.28,
    "epsEstimated": 1.21,
    "time": "bmo",
    "revenue": 22303000000,
    "revenueEstimated": 17162148437,
    "updatedFromDate": "2025-07-16",
    "fiscalDateEnding": "2017-06-30"
  },
  {
    "date": "2017-04-13",
    "symbol": "C",
    "eps": 1.35,
    "epsEstimated": 1.24,
    "time": "bmo",
    "revenue": 21932000000,
    "revenueEstimated": 16869511111,
    "updatedFromDate": "2025-07-16",
    "fiscalDateEnding": "2017-03-31"
  },
  {
    "date": "2017-01-18",
    "symbol": "C",
    "eps": 1.14,
    "epsEstimated": 1.12,
    "time": "bmo",
    "revenue": 20289000000,
    "revenueEstimated": 16713543859,
    "updatedFromDate": "2025-07-16",
    "fiscalDateEnding": "2016-12-31"
  },
  {
    "date": "2016-10-14",
    "symbol": "C",
    "eps": 1.24,
    "epsEstimated": 1.16,
    "time": "bmo",
    "revenue": 20934000000,
    "revenueEstimated": 16614193548,
    "updatedFromDate": "2025-07-16",
    "fiscalDateEnding": "2016-09-30"
  },
  {
    "date": "2016-07-15",
    "symbol": "C",
    "eps": 1.24,
    "epsEstimated": 1.1,
    "time": "bmo",
    "revenue": 20668000000,
    "revenueEstimated": 15566774193,
    "updatedFromDate": "2025-07-16",
    "fiscalDateEnding": "2016-06-30"
  }
]