[
  {
    "date": "2026-04-01",
    "symbol": "CAG",
    "eps": null,
    "epsEstimated": null,
    "time": "bmo",
    "revenue": null,
    "revenueEstimated": null,
    "updatedFromDate": "2025-10-02",
    "fiscalDateEnding": "2026-02-24"
  },
  {
    "date": "2025-12-18",
    "symbol": "CAG",
    "eps": null,
    "epsEstimated": 0.46,
    "time": "bmo",
    "revenue": null,
    "revenueEstimated": 2998251050,
    "updatedFromDate": "2025-10-02",
    "fiscalDateEnding": "2025-11-24"
  },
  {
    "date": "2025-10-01",
    "symbol": "CAG",
    "eps": 0.39,
    "epsEstimated": 0.33,
    "time": "bmo",
    "revenue": 2632600000,
    "revenueEstimated": 3001517750,
    "updatedFromDate": "2025-10-02",
    "fiscalDateEnding": "2025-08-24"
  },
  {
    "date": "2025-07-10",
    "symbol": "CAG",
    "eps": 0.56,
    "epsEstimated": 0.58,
    "time": "bmo",
    "revenue": 2781800000,
    "revenueEstimated": 2834140025,
    "updatedFromDate": "2025-10-02",
    "fiscalDateEnding": "2025-05-25"
  },
  {
    "date": "2025-04-03",
    "symbol": "CAG",
    "eps": 0.51,
    "epsEstimated": 0.524,
    "time": "bmo",
    "revenue": 2841000000,
    "revenueEstimated": 2895984345,
    "updatedFromDate": "2025-07-03",
    "fiscalDateEnding": "2025-02-23"
  },
  {
    "date": "2024-12-19",
    "symbol": "CAG",
    "eps": 0.7,
    "epsEstimated": 0.675,
    "time": "bmo",
    "revenue": 3195100000,
    "revenueEstimated": 3149205423,
    "updatedFromDate": "2025-04-25",
    "fiscalDateEnding": "2024-11-24"
  },
  {
    "date": "2024-10-02",
    "symbol": "CAG",
    "eps": 0.53,
    "epsEstimated": 0.596,
    "time": "bmo",
    "revenue": 2794900000,
    "revenueEstimated": 2841755710,
    "updatedFromDate": "2025-04-25",
    "fiscalDateEnding": "2024-08-25"
  },
  {
    "date": "2024-07-11",
    "symbol": "CAG",
    "eps": 0.61,
    "epsEstimated": 0.573,
    "time": "bmo",
    "revenue": 2905900000,
    "revenueEstimated": 2931430352,
    "updatedFromDate": "2025-04-25",
    "fiscalDateEnding": "2024-05-26"
  },
  {
    "date": "2024-04-04",
    "symbol": "CAG",
    "eps": 0.69,
    "epsEstimated": 0.65,
    "time": "bmo",
    "revenue": 3032900000,
    "revenueEstimated": 3009858687,
    "updatedFromDate": "2025-04-25",
    "fiscalDateEnding": "2024-02-25"
  },
  {
    "date": "2024-01-04",
    "symbol": "CAG",
    "eps": 0.71,
    "epsEstimated": 0.68,
    "time": "bmo",
    "revenue": 3208100000,
    "revenueEstimated": 3235780000,
    "updatedFromDate": "2025-04-25",
    "fiscalDateEnding": "2023-11-26"
  },
  {
    "date": "2023-10-05",
    "symbol": "CAG",
    "eps": 0.66,
    "epsEstimated": 0.6,
    "time": "bmo",
    "revenue": 2904000000,
    "revenueEstimated": 2951040000,
    "updatedFromDate": "2025-04-25",
    "fiscalDateEnding": "2023-08-27"
  },
  {
    "date": "2023-07-13",
    "symbol": "CAG",
    "eps": 0.62,
    "epsEstimated": 0.6,
    "time": "bmo",
    "revenue": 2973300000,
    "revenueEstimated": 2990650000,
    "updatedFromDate": "2025-04-25",
    "fiscalDateEnding": "2023-05-28"
  },
  {
    "date": "2023-04-05",
    "symbol": "CAG",
    "eps": 0.76,
    "epsEstimated": 0.64,
    "time": "bmo",
    "revenue": 3086500000,
    "revenueEstimated": 3041530000,
    "updatedFromDate": "2025-04-25",
    "fiscalDateEnding": "2023-02-26"
  },
  {
    "date": "2023-01-05",
    "symbol": "CAG",
    "eps": 0.81,
    "epsEstimated": 0.66,
    "time": "bmo",
    "revenue": 3312900000,
    "revenueEstimated": 3276633364,
    "updatedFromDate": "2025-04-25",
    "fiscalDateEnding": "2022-11-27"
  },
  {
    "date": "2022-10-06",
    "symbol": "CAG",
    "eps": 0.57,
    "epsEstimated": 0.52,
    "time": "bmo",
    "revenue": 2904300000,
    "revenueEstimated": 2848364450,
    "updatedFromDate": "2025-04-25",
    "fiscalDateEnding": "2022-08-28"
  },
  {
    "date": "2022-07-14",
    "symbol": "CAG",
    "eps": 0.65,
    "epsEstimated": 0.64,
    "time": "bmo",
    "revenue": 2910000000,
    "revenueEstimated": 2928507936,
    "updatedFromDate": "2025-04-25",
    "fiscalDateEnding": "2022-05-29"
  },
  {
    "date": "2022-04-07",
    "symbol": "CAG",
    "eps": 0.58,
    "epsEstimated": 0.58,
    "time": "bmo",
    "revenue": 2913700000,
    "revenueEstimated": 2845762619,
    "updatedFromDate": "2025-04-25",
    "fiscalDateEnding": "2022-02-27"
  },
  {
    "date": "2022-01-06",
    "symbol": "CAG",
    "eps": 0.64,
    "epsEstimated": 0.68,
    "time": "bmo",
    "revenue": 3058900000,
    "revenueEstimated": 2828190000,
    "updatedFromDate": "2025-04-25",
    "fiscalDateEnding": "2021-11-28"
  },
  {
    "date": "2021-10-07",
    "symbol": "CAG",
    "eps": 0.5,
    "epsEstimated": 0.49,
    "time": "bmo",
    "revenue": 2653300000,
    "revenueEstimated": 2987670000,
    "updatedFromDate": "2025-04-25",
    "fiscalDateEnding": "2021-08-29"
  },
  {
    "date": "2021-07-13",
    "symbol": "CAG",
    "eps": 0.54,
    "epsEstimated": 0.52,
    "time": "bmo",
    "revenue": 2739500000,
    "revenueEstimated": 2708420000,
    "updatedFromDate": "2025-04-25",
    "fiscalDateEnding": "2021-05-30"
  },
  {
    "date": "2021-04-08",
    "symbol": "CAG",
    "eps": 0.59,
    "epsEstimated": 0.58,
    "time": "bmo",
    "revenue": 2771100000,
    "revenueEstimated": 2712660000,
    "updatedFromDate": "2025-04-25",
    "fiscalDateEnding": "2021-02-28"
  },
  {
    "date": "2021-01-07",
    "symbol": "CAG",
    "eps": 0.81,
    "epsEstimated": 0.73,
    "time": "bmo",
    "revenue": 2995200000,
    "revenueEstimated": 2711689189,
    "updatedFromDate": "2025-04-25",
    "fiscalDateEnding": "2020-11-29"
  },
  {
    "date": "2020-10-01",
    "symbol": "CAG",
    "eps": 0.7,
    "epsEstimated": 0.57,
    "time": "bmo",
    "revenue": 2678900000,
    "revenueEstimated": 2181390000,
    "updatedFromDate": "2025-04-25",
    "fiscalDateEnding": "2020-08-30"
  },
  {
    "date": "2020-06-30",
    "symbol": "CAG",
    "eps": 0.75,
    "epsEstimated": 0.68,
    "time": "bmo",
    "revenue": 3287900000,
    "revenueEstimated": 2893352000,
    "updatedFromDate": "2025-04-25",
    "fiscalDateEnding": "2020-05-31"
  },
  {
    "date": "2020-03-31",
    "symbol": "CAG",
    "eps": 0.47,
    "epsEstimated": 0.49,
    "time": "bmo",
    "revenue": 2555000000,
    "revenueEstimated": 2663723404,
    "updatedFromDate": "2025-04-25",
    "fiscalDateEnding": "2020-02-23"
  },
  {
    "date": "2019-12-19",
    "symbol": "CAG",
    "eps": 0.63,
    "epsEstimated": 0.57,
    "time": "bmo",
    "revenue": 2820800000,
    "revenueEstimated": 2523873684,
    "updatedFromDate": "2025-04-25",
    "fiscalDateEnding": "2019-11-24"
  },
  {
    "date": "2019-09-26",
    "symbol": "CAG",
    "eps": 0.43,
    "epsEstimated": 0.39,
    "time": "bmo",
    "revenue": 2390700000,
    "revenueEstimated": 2168309302,
    "updatedFromDate": "2025-04-25",
    "fiscalDateEnding": "2019-08-25"
  },
  {
    "date": "2019-06-27",
    "symbol": "CAG",
    "eps": 0.36,
    "epsEstimated": 0.42,
    "time": "bmo",
    "revenue": 2613200000,
    "revenueEstimated": 2976144444,
    "updatedFromDate": "2025-04-25",
    "fiscalDateEnding": "2019-05-26"
  },
  {
    "date": "2019-03-21",
    "symbol": "CAG",
    "eps": 0.51,
    "epsEstimated": 0.49,
    "time": "bmo",
    "revenue": 2707100000,
    "revenueEstimated": 2600939215,
    "updatedFromDate": "2025-04-25",
    "fiscalDateEnding": "2019-02-24"
  },
  {
    "date": "2018-12-20",
    "symbol": "CAG",
    "eps": 0.67,
    "epsEstimated": 0.55,
    "time": "bmo",
    "revenue": 2383700000,
    "revenueEstimated": 1863620000,
    "updatedFromDate": "2025-04-25",
    "fiscalDateEnding": "2018-11-25"
  },
  {
    "date": "2018-09-27",
    "symbol": "CAG",
    "eps": 0.47,
    "epsEstimated": 0.49,
    "time": "bmo",
    "revenue": 1834400000,
    "revenueEstimated": 1912459574,
    "updatedFromDate": "2025-04-25",
    "fiscalDateEnding": "2018-08-26"
  },
  {
    "date": "2018-06-27",
    "symbol": "CAG",
    "eps": 0.5,
    "epsEstimated": 0.43,
    "time": "bmo",
    "revenue": 1966200000,
    "revenueEstimated": 1730256000,
    "updatedFromDate": "2025-04-25",
    "fiscalDateEnding": "2018-05-27"
  },
  {
    "date": "2018-03-22",
    "symbol": "CAG",
    "eps": 0.61,
    "epsEstimated": 0.56,
    "time": "bmo",
    "revenue": 1994500000,
    "revenueEstimated": 1831016393,
    "updatedFromDate": "2025-04-25",
    "fiscalDateEnding": "2018-02-25"
  },
  {
    "date": "2017-12-21",
    "symbol": "CAG",
    "eps": 0.55,
    "epsEstimated": 0.52,
    "time": "bmo",
    "revenue": 2173400000,
    "revenueEstimated": 2048011538,
    "updatedFromDate": "2025-04-25",
    "fiscalDateEnding": "2017-11-26"
  },
  {
    "date": "2017-09-28",
    "symbol": "CAG",
    "eps": 0.46,
    "epsEstimated": 0.4,
    "time": "bmo",
    "revenue": 1804200000,
    "revenueEstimated": 1568869565,
    "updatedFromDate": "2025-04-25",
    "fiscalDateEnding": "2017-08-27"
  },
  {
    "date": "2017-06-29",
    "symbol": "CAG",
    "eps": 0.37,
    "epsEstimated": 0.37,
    "time": "bmo",
    "revenue": 1861700000,
    "revenueEstimated": 1861700000,
    "updatedFromDate": "2025-04-25",
    "fiscalDateEnding": "2017-05-28"
  },
  {
    "date": "2017-03-23",
    "symbol": "CAG",
    "eps": 0.48,
    "epsEstimated": 0.44,
    "time": "bmo",
    "revenue": 1981200000,
    "revenueEstimated": 1816100000,
    "updatedFromDate": "2025-04-25",
    "fiscalDateEnding": "2017-02-26"
  },
  {
    "date": "2016-12-22",
    "symbol": "CAG",
    "eps": 0.49,
    "epsEstimated": 0.45,
    "time": "bmo",
    "revenue": 2088400000,
    "revenueEstimated": 1902764444,
    "updatedFromDate": "2025-04-25",
    "fiscalDateEnding": "2016-11-27"
  },
  {
    "date": "2016-09-29",
    "symbol": "CAG",
    "eps": 0.61,
    "epsEstimated": 0.48,
    "time": "bmo",
    "revenue": 1895600000,
    "revenueEstimated": 1491619672,
    "updatedFromDate": "2025-04-25",
    "fiscalDateEnding": "2016-08-28"
  },
  {
    "date": "2016-06-30",
    "symbol": "CAG",
    "eps": 0.52,
    "epsEstimated": 0.52,
    "time": "bmo",
    "revenue": 2827500000,
    "revenueEstimated": 2053000000,
    "updatedFromDate": "2025-04-25",
    "fiscalDateEnding": "2016-05-29"
  }
]