[
  {
    "date": "2026-04-29",
    "symbol": "CAH",
    "eps": null,
    "epsEstimated": null,
    "time": "bmo",
    "revenue": null,
    "revenueEstimated": null,
    "updatedFromDate": "2025-10-02",
    "fiscalDateEnding": "2026-03-30"
  },
  {
    "date": "2026-01-28",
    "symbol": "CAH",
    "eps": null,
    "epsEstimated": null,
    "time": "bmo",
    "revenue": null,
    "revenueEstimated": null,
    "updatedFromDate": "2025-10-02",
    "fiscalDateEnding": "2025-12-30"
  },
  {
    "date": "2025-10-30",
    "symbol": "CAH",
    "eps": null,
    "epsEstimated": 2.22,
    "time": "bmo",
    "revenue": null,
    "revenueEstimated": 59408560530,
    "updatedFromDate": "2025-10-02",
    "fiscalDateEnding": "2025-09-30"
  },
  {
    "date": "2025-08-12",
    "symbol": "CAH",
    "eps": 2.08,
    "epsEstimated": 2.04,
    "time": "bmo",
    "revenue": 60159000000,
    "revenueEstimated": 60892037844,
    "updatedFromDate": "2025-10-02",
    "fiscalDateEnding": "2025-06-30"
  },
  {
    "date": "2025-05-01",
    "symbol": "CAH",
    "eps": 2.35,
    "epsEstimated": 2.17,
    "time": "bmo",
    "revenue": 54878000000,
    "revenueEstimated": 55390682167,
    "updatedFromDate": "2025-08-01",
    "fiscalDateEnding": "2025-03-31"
  },
  {
    "date": "2025-01-30",
    "symbol": "CAH",
    "eps": 1.93,
    "epsEstimated": 1.74,
    "time": "bmo",
    "revenue": 55264000000,
    "revenueEstimated": 55018995351,
    "updatedFromDate": "2025-04-30",
    "fiscalDateEnding": "2024-12-31"
  },
  {
    "date": "2024-11-01",
    "symbol": "CAH",
    "eps": 1.88,
    "epsEstimated": 1.62,
    "time": "bmo",
    "revenue": 52277000000,
    "revenueEstimated": 50895104504,
    "updatedFromDate": "2025-04-25",
    "fiscalDateEnding": "2024-09-30"
  },
  {
    "date": "2024-08-14",
    "symbol": "CAH",
    "eps": 1.84,
    "epsEstimated": 1.73,
    "time": "bmo",
    "revenue": 59867000000,
    "revenueEstimated": 58639521340,
    "updatedFromDate": "2025-04-25",
    "fiscalDateEnding": "2024-06-30"
  },
  {
    "date": "2024-05-02",
    "symbol": "CAH",
    "eps": 2.08,
    "epsEstimated": 1.95,
    "time": "bmo",
    "revenue": 54911000000,
    "revenueEstimated": 56052123729,
    "updatedFromDate": "2025-04-25",
    "fiscalDateEnding": "2024-03-31"
  },
  {
    "date": "2024-02-01",
    "symbol": "CAH",
    "eps": 1.82,
    "epsEstimated": 1.6,
    "time": "bmo",
    "revenue": 57445000000,
    "revenueEstimated": 57012600000,
    "updatedFromDate": "2025-04-25",
    "fiscalDateEnding": "2023-12-31"
  },
  {
    "date": "2023-11-03",
    "symbol": "CAH",
    "eps": 1.73,
    "epsEstimated": 1.4,
    "time": "bmo",
    "revenue": 54763000000,
    "revenueEstimated": 54758500000,
    "updatedFromDate": "2025-04-25",
    "fiscalDateEnding": "2023-09-30"
  },
  {
    "date": "2023-08-15",
    "symbol": "CAH",
    "eps": 1.55,
    "epsEstimated": 1.48,
    "time": "bmo",
    "revenue": 53453000000,
    "revenueEstimated": 52719200000,
    "updatedFromDate": "2025-04-25",
    "fiscalDateEnding": "2023-06-30"
  },
  {
    "date": "2023-05-04",
    "symbol": "CAH",
    "eps": 1.74,
    "epsEstimated": 1.49,
    "time": "bmo",
    "revenue": 50487000000,
    "revenueEstimated": 49709100000,
    "updatedFromDate": "2025-04-25",
    "fiscalDateEnding": "2023-03-31"
  },
  {
    "date": "2023-02-02",
    "symbol": "CAH",
    "eps": 1.32,
    "epsEstimated": 1.13,
    "time": "bmo",
    "revenue": 51469000000,
    "revenueEstimated": 50722155778,
    "updatedFromDate": "2025-04-25",
    "fiscalDateEnding": "2022-12-31"
  },
  {
    "date": "2022-11-04",
    "symbol": "CAH",
    "eps": 1.2,
    "epsEstimated": 0.96,
    "time": "bmo",
    "revenue": 49603000000,
    "revenueEstimated": 48186492363,
    "updatedFromDate": "2025-04-25",
    "fiscalDateEnding": "2022-09-30"
  },
  {
    "date": "2022-08-11",
    "symbol": "CAH",
    "eps": 1.05,
    "epsEstimated": 1.17,
    "time": "bmo",
    "revenue": 47103000000,
    "revenueEstimated": 44892422923,
    "updatedFromDate": "2025-04-25",
    "fiscalDateEnding": "2022-06-30"
  },
  {
    "date": "2022-05-05",
    "symbol": "CAH",
    "eps": 1.45,
    "epsEstimated": 1.54,
    "time": "bmo",
    "revenue": 44836000000,
    "revenueEstimated": 43116635184,
    "updatedFromDate": "2025-04-25",
    "fiscalDateEnding": "2022-03-31"
  },
  {
    "date": "2022-02-03",
    "symbol": "CAH",
    "eps": 1.27,
    "epsEstimated": 1.23,
    "time": "bmo",
    "revenue": 45457000000,
    "revenueEstimated": 45594986339,
    "updatedFromDate": "2025-04-25",
    "fiscalDateEnding": "2021-12-31"
  },
  {
    "date": "2021-11-09",
    "symbol": "CAH",
    "eps": 1.29,
    "epsEstimated": 1.32,
    "time": "bmo",
    "revenue": 43968000000,
    "revenueEstimated": 41957700000,
    "updatedFromDate": "2025-04-25",
    "fiscalDateEnding": "2021-09-30"
  },
  {
    "date": "2021-08-05",
    "symbol": "CAH",
    "eps": 0.77,
    "epsEstimated": 1.18,
    "time": "bmo",
    "revenue": 42586000000,
    "revenueEstimated": 42586000000,
    "updatedFromDate": "2025-04-25",
    "fiscalDateEnding": "2021-06-30"
  },
  {
    "date": "2021-05-06",
    "symbol": "CAH",
    "eps": 1.53,
    "epsEstimated": 1.58,
    "time": "bmo",
    "revenue": 39275000000,
    "revenueEstimated": 39781774193,
    "updatedFromDate": "2025-04-25",
    "fiscalDateEnding": "2021-03-31"
  },
  {
    "date": "2021-02-05",
    "symbol": "CAH",
    "eps": 1.74,
    "epsEstimated": 1.44,
    "time": "bmo",
    "revenue": 41541000000,
    "revenueEstimated": 32886625000,
    "updatedFromDate": "2025-04-25",
    "fiscalDateEnding": "2020-12-31"
  },
  {
    "date": "2020-11-05",
    "symbol": "CAH",
    "eps": 1.51,
    "epsEstimated": 1.14,
    "time": "bmo",
    "revenue": 39065000000,
    "revenueEstimated": 29234072847,
    "updatedFromDate": "2025-04-25",
    "fiscalDateEnding": "2020-09-30"
  },
  {
    "date": "2020-08-06",
    "symbol": "CAH",
    "eps": 1.04,
    "epsEstimated": 0.91,
    "time": "bmo",
    "revenue": 36689000000,
    "revenueEstimated": 32455653846,
    "updatedFromDate": "2025-04-25",
    "fiscalDateEnding": "2020-06-30"
  },
  {
    "date": "2020-05-11",
    "symbol": "CAH",
    "eps": 1.62,
    "epsEstimated": 1.43,
    "time": "bmo",
    "revenue": 39157000000,
    "revenueEstimated": 34564512345,
    "updatedFromDate": "2025-04-25",
    "fiscalDateEnding": "2020-03-31"
  },
  {
    "date": "2020-02-06",
    "symbol": "CAH",
    "eps": 1.52,
    "epsEstimated": 1.21,
    "time": "bmo",
    "revenue": 39735000000,
    "revenueEstimated": 31892565789,
    "updatedFromDate": "2025-04-25",
    "fiscalDateEnding": "2019-12-31"
  },
  {
    "date": "2019-11-07",
    "symbol": "CAH",
    "eps": 1.27,
    "epsEstimated": 1.09,
    "time": "bmo",
    "revenue": 37341000000,
    "revenueEstimated": 32342598425,
    "updatedFromDate": "2025-04-25",
    "fiscalDateEnding": "2019-09-30"
  },
  {
    "date": "2019-08-08",
    "symbol": "CAH",
    "eps": 1.11,
    "epsEstimated": 0.93,
    "time": "bmo",
    "revenue": 37353000000,
    "revenueEstimated": 31295756756,
    "updatedFromDate": "2025-04-25",
    "fiscalDateEnding": "2019-06-30"
  },
  {
    "date": "2019-05-09",
    "symbol": "CAH",
    "eps": 1.59,
    "epsEstimated": 1.43,
    "time": "bmo",
    "revenue": 35228000000,
    "revenueEstimated": 31683044025,
    "updatedFromDate": "2025-04-25",
    "fiscalDateEnding": "2019-03-31"
  },
  {
    "date": "2019-02-07",
    "symbol": "CAH",
    "eps": 1.29,
    "epsEstimated": 1.09,
    "time": "bmo",
    "revenue": 37740000000,
    "revenueEstimated": 31888837209,
    "updatedFromDate": "2025-04-25",
    "fiscalDateEnding": "2018-12-31"
  },
  {
    "date": "2018-11-08",
    "symbol": "CAH",
    "eps": 1.29,
    "epsEstimated": 1.06,
    "time": "bmo",
    "revenue": 35213000000,
    "revenueEstimated": 29480651162,
    "updatedFromDate": "2025-04-25",
    "fiscalDateEnding": "2018-09-30"
  },
  {
    "date": "2018-08-06",
    "symbol": "CAH",
    "eps": 1.01,
    "epsEstimated": 0.93,
    "time": "bmo",
    "revenue": 35349000000,
    "revenueEstimated": 32549079207,
    "updatedFromDate": "2025-04-25",
    "fiscalDateEnding": "2018-06-30"
  },
  {
    "date": "2018-05-03",
    "symbol": "CAH",
    "eps": 1.39,
    "epsEstimated": 1.51,
    "time": "bmo",
    "revenue": 33633000000,
    "revenueEstimated": 36536568345,
    "updatedFromDate": "2025-04-25",
    "fiscalDateEnding": "2018-03-31"
  },
  {
    "date": "2018-02-08",
    "symbol": "CAH",
    "eps": 1.31,
    "epsEstimated": 1.14,
    "time": "bmo",
    "revenue": 35186000000,
    "revenueEstimated": 26797284768,
    "updatedFromDate": "2025-04-25",
    "fiscalDateEnding": "2017-12-31"
  },
  {
    "date": "2017-11-06",
    "symbol": "CAH",
    "eps": 1.09,
    "epsEstimated": 1.01,
    "time": "bmo",
    "revenue": 32641000000,
    "revenueEstimated": 29945871559,
    "updatedFromDate": "2025-04-25",
    "fiscalDateEnding": "2017-09-30"
  },
  {
    "date": "2017-08-02",
    "symbol": "CAH",
    "eps": 1.31,
    "epsEstimated": 1.24,
    "time": "bmo",
    "revenue": 32966000000,
    "revenueEstimated": 31204458015,
    "updatedFromDate": "2025-04-25",
    "fiscalDateEnding": "2017-06-30"
  },
  {
    "date": "2017-05-01",
    "symbol": "CAH",
    "eps": 1.53,
    "epsEstimated": 1.46,
    "time": "bmo",
    "revenue": 31821000000,
    "revenueEstimated": 30365137254,
    "updatedFromDate": "2025-04-25",
    "fiscalDateEnding": "2017-03-31"
  },
  {
    "date": "2017-02-07",
    "symbol": "CAH",
    "eps": 1.34,
    "epsEstimated": 1.24,
    "time": "bmo",
    "revenue": 33150000000,
    "revenueEstimated": 30428731343,
    "updatedFromDate": "2025-04-25",
    "fiscalDateEnding": "2016-12-31"
  },
  {
    "date": "2016-10-31",
    "symbol": "CAH",
    "eps": 1.24,
    "epsEstimated": 1.21,
    "time": "bmo",
    "revenue": 32039000000,
    "revenueEstimated": 31263862903,
    "updatedFromDate": "2025-04-25",
    "fiscalDateEnding": "2016-09-30"
  },
  {
    "date": "2016-08-02",
    "symbol": "CAH",
    "eps": 1.14,
    "epsEstimated": 1.13,
    "time": "bmo",
    "revenue": 31384000000,
    "revenueEstimated": 31108701754,
    "updatedFromDate": "2025-04-25",
    "fiscalDateEnding": "2016-06-30"
  }
]