[
  {
    "date": "2026-04-29",
    "symbol": "CARR",
    "eps": null,
    "epsEstimated": null,
    "time": "bmo",
    "revenue": null,
    "revenueEstimated": null,
    "updatedFromDate": "2025-10-02",
    "fiscalDateEnding": "2026-03-30"
  },
  {
    "date": "2026-02-09",
    "symbol": "CARR",
    "eps": null,
    "epsEstimated": null,
    "time": "bmo",
    "revenue": null,
    "revenueEstimated": null,
    "updatedFromDate": "2025-10-02",
    "fiscalDateEnding": "2025-12-30"
  },
  {
    "date": "2025-10-23",
    "symbol": "CARR",
    "eps": null,
    "epsEstimated": 0.67,
    "time": "bmo",
    "revenue": null,
    "revenueEstimated": null,
    "updatedFromDate": "2025-10-02",
    "fiscalDateEnding": "2025-09-30"
  },
  {
    "date": "2025-07-29",
    "symbol": "CARR",
    "eps": 0.92,
    "epsEstimated": 0.906,
    "time": "bmo",
    "revenue": 6113000000,
    "revenueEstimated": 6108736786,
    "updatedFromDate": "2025-10-02",
    "fiscalDateEnding": "2025-06-30"
  },
  {
    "date": "2025-05-01",
    "symbol": "CARR",
    "eps": 0.65,
    "epsEstimated": 0.584,
    "time": "bmo",
    "revenue": 5218000000,
    "revenueEstimated": 5186349130,
    "updatedFromDate": "2025-07-31",
    "fiscalDateEnding": "2025-03-31"
  },
  {
    "date": "2025-02-11",
    "symbol": "CARR",
    "eps": 0.54,
    "epsEstimated": 0.503,
    "time": "bmo",
    "revenue": 5148000000,
    "revenueEstimated": 5305844063,
    "updatedFromDate": "2025-05-11",
    "fiscalDateEnding": "2024-12-31"
  },
  {
    "date": "2024-10-24",
    "symbol": "CARR",
    "eps": 0.83,
    "epsEstimated": 0.807,
    "time": "bmo",
    "revenue": 5984000000,
    "revenueEstimated": 6590175945,
    "updatedFromDate": "2025-04-24",
    "fiscalDateEnding": "2024-09-30"
  },
  {
    "date": "2024-07-25",
    "symbol": "CARR",
    "eps": 0.87,
    "epsEstimated": 0.846,
    "time": "bmo",
    "revenue": 6689000000,
    "revenueEstimated": 7054161239,
    "updatedFromDate": "2025-04-24",
    "fiscalDateEnding": "2024-06-30"
  },
  {
    "date": "2024-04-25",
    "symbol": "CARR",
    "eps": 0.62,
    "epsEstimated": 0.503,
    "time": "bmo",
    "revenue": 6182000000,
    "revenueEstimated": 6336413550,
    "updatedFromDate": "2025-04-24",
    "fiscalDateEnding": "2024-03-31"
  },
  {
    "date": "2024-02-06",
    "symbol": "CARR",
    "eps": 0.53,
    "epsEstimated": 0.51,
    "time": "bmo",
    "revenue": 5102000000,
    "revenueEstimated": 5230000000,
    "updatedFromDate": "2025-04-24",
    "fiscalDateEnding": "2023-12-31"
  },
  {
    "date": "2023-10-26",
    "symbol": "CARR",
    "eps": 0.89,
    "epsEstimated": 0.78,
    "time": "bmo",
    "revenue": 5731000000,
    "revenueEstimated": 5890060000,
    "updatedFromDate": "2025-04-24",
    "fiscalDateEnding": "2023-09-30"
  },
  {
    "date": "2023-07-27",
    "symbol": "CARR",
    "eps": 0.79,
    "epsEstimated": 0.76,
    "time": "bmo",
    "revenue": 5992000000,
    "revenueEstimated": 5826350000,
    "updatedFromDate": "2025-04-24",
    "fiscalDateEnding": "2023-06-30"
  },
  {
    "date": "2023-04-25",
    "symbol": "CARR",
    "eps": 0.52,
    "epsEstimated": 0.48,
    "time": "bmo",
    "revenue": 5273000000,
    "revenueEstimated": 5765150000,
    "updatedFromDate": "2025-04-24",
    "fiscalDateEnding": "2023-03-31"
  },
  {
    "date": "2023-02-07",
    "symbol": "CARR",
    "eps": 0.4,
    "epsEstimated": 0.4,
    "time": "bmo",
    "revenue": 5105000000,
    "revenueEstimated": 5111033981,
    "updatedFromDate": "2025-04-24",
    "fiscalDateEnding": "2022-12-31"
  },
  {
    "date": "2022-10-27",
    "symbol": "CARR",
    "eps": 0.7,
    "epsEstimated": 0.65,
    "time": "bmo",
    "revenue": 5451000000,
    "revenueEstimated": 5444702778,
    "updatedFromDate": "2025-04-24",
    "fiscalDateEnding": "2022-09-30"
  },
  {
    "date": "2022-07-28",
    "symbol": "CARR",
    "eps": 0.69,
    "epsEstimated": 0.62,
    "time": "bmo",
    "revenue": 5211000000,
    "revenueEstimated": 5166666629,
    "updatedFromDate": "2025-04-24",
    "fiscalDateEnding": "2022-06-30"
  },
  {
    "date": "2022-04-28",
    "symbol": "CARR",
    "eps": 0.54,
    "epsEstimated": 0.47,
    "time": "bmo",
    "revenue": 4654000000,
    "revenueEstimated": 4540404887,
    "updatedFromDate": "2025-04-24",
    "fiscalDateEnding": "2022-03-31"
  },
  {
    "date": "2022-02-08",
    "symbol": "CARR",
    "eps": 0.44,
    "epsEstimated": 0.39,
    "time": "bmo",
    "revenue": 5133000000,
    "revenueEstimated": 4822799899,
    "updatedFromDate": "2025-04-24",
    "fiscalDateEnding": "2021-12-31"
  },
  {
    "date": "2021-10-28",
    "symbol": "CARR",
    "eps": 0.71,
    "epsEstimated": 0.66,
    "time": "bmo",
    "revenue": 5341000000,
    "revenueEstimated": 5397340000,
    "updatedFromDate": "2025-04-24",
    "fiscalDateEnding": "2021-09-30"
  },
  {
    "date": "2021-07-29",
    "symbol": "CARR",
    "eps": 0.64,
    "epsEstimated": 0.55,
    "time": "bmo",
    "revenue": 5440000000,
    "revenueEstimated": 4935830000,
    "updatedFromDate": "2025-04-24",
    "fiscalDateEnding": "2021-06-30"
  },
  {
    "date": "2021-04-29",
    "symbol": "CARR",
    "eps": 0.48,
    "epsEstimated": 0.37,
    "time": "bmo",
    "revenue": 4699000000,
    "revenueEstimated": 3302000000,
    "updatedFromDate": "2025-04-24",
    "fiscalDateEnding": "2021-03-31"
  },
  {
    "date": "2021-02-09",
    "symbol": "CARR",
    "eps": 0.31,
    "epsEstimated": 0.37,
    "time": "bmo",
    "revenue": 4594000000,
    "revenueEstimated": 5232055555,
    "updatedFromDate": "2025-04-24",
    "fiscalDateEnding": "2020-12-31"
  },
  {
    "date": "2020-10-29",
    "symbol": "CARR",
    "eps": 0.67,
    "epsEstimated": 0.46,
    "time": "bmo",
    "revenue": 5002000000,
    "revenueEstimated": 3508865671,
    "updatedFromDate": "2025-04-24",
    "fiscalDateEnding": "2020-09-30"
  },
  {
    "date": "2020-07-30",
    "symbol": "CARR",
    "eps": 0.33,
    "epsEstimated": 0.25,
    "time": "bmo",
    "revenue": 3972000000,
    "revenueEstimated": 3009090909,
    "updatedFromDate": "2025-04-24",
    "fiscalDateEnding": "2020-06-30"
  },
  {
    "date": "2020-05-08",
    "symbol": "CARR",
    "eps": 0.35,
    "epsEstimated": 0.19,
    "time": "bmo",
    "revenue": 3888000000,
    "revenueEstimated": 3665828571,
    "updatedFromDate": "2025-04-24",
    "fiscalDateEnding": "2020-03-31"
  },
  {
    "date": "2020-02-07",
    "symbol": "CARR",
    "eps": 0.564,
    "epsEstimated": null,
    "time": "bmo",
    "revenue": 4822000000,
    "revenueEstimated": null,
    "updatedFromDate": "2025-04-24",
    "fiscalDateEnding": "2019-09-30"
  },
  {
    "date": "2019-12-30",
    "symbol": "CARR",
    "eps": 0.508,
    "epsEstimated": null,
    "time": "bmo",
    "revenue": 4501000000,
    "revenueEstimated": null,
    "updatedFromDate": "2025-04-24",
    "fiscalDateEnding": "2019-12-31"
  },
  {
    "date": "2019-06-29",
    "symbol": "CARR",
    "eps": 0.898,
    "epsEstimated": null,
    "time": "bmo",
    "revenue": 4962000000,
    "revenueEstimated": null,
    "updatedFromDate": "2025-04-24",
    "fiscalDateEnding": "2019-06-30"
  },
  {
    "date": "2019-03-30",
    "symbol": "CARR",
    "eps": 0.4583,
    "epsEstimated": null,
    "time": "bmo",
    "revenue": 4323000000,
    "revenueEstimated": null,
    "updatedFromDate": "2025-04-24",
    "fiscalDateEnding": "2019-03-31"
  }
]