[
  {
    "date": "2026-04-28",
    "symbol": "CAT",
    "eps": null,
    "epsEstimated": null,
    "time": "bmo",
    "revenue": null,
    "revenueEstimated": null,
    "updatedFromDate": "2025-10-02",
    "fiscalDateEnding": "2026-03-30"
  },
  {
    "date": "2026-01-28",
    "symbol": "CAT",
    "eps": null,
    "epsEstimated": null,
    "time": "bmo",
    "revenue": null,
    "revenueEstimated": null,
    "updatedFromDate": "2025-10-02",
    "fiscalDateEnding": "2025-12-30"
  },
  {
    "date": "2025-10-29",
    "symbol": "CAT",
    "eps": null,
    "epsEstimated": 4.56,
    "time": "bmo",
    "revenue": null,
    "revenueEstimated": 16760879519,
    "updatedFromDate": "2025-10-02",
    "fiscalDateEnding": "2025-09-30"
  },
  {
    "date": "2025-08-05",
    "symbol": "CAT",
    "eps": 4.72,
    "epsEstimated": 4.89,
    "time": "bmo",
    "revenue": 16569000000,
    "revenueEstimated": 16302133128,
    "updatedFromDate": "2025-10-02",
    "fiscalDateEnding": "2025-06-30"
  },
  {
    "date": "2025-04-30",
    "symbol": "CAT",
    "eps": 4.25,
    "epsEstimated": 4.35,
    "time": "bmo",
    "revenue": 14249000000,
    "revenueEstimated": 14721497598,
    "updatedFromDate": "2025-07-30",
    "fiscalDateEnding": "2025-03-31"
  },
  {
    "date": "2025-01-30",
    "symbol": "CAT",
    "eps": 5.14,
    "epsEstimated": 5.06,
    "time": "bmo",
    "revenue": 16215000000,
    "revenueEstimated": 16609885210,
    "updatedFromDate": "2025-04-30",
    "fiscalDateEnding": "2024-12-31"
  },
  {
    "date": "2024-10-30",
    "symbol": "CAT",
    "eps": 5.17,
    "epsEstimated": 5.34,
    "time": "bmo",
    "revenue": 16106000000,
    "revenueEstimated": 16366389205,
    "updatedFromDate": "2025-04-25",
    "fiscalDateEnding": "2024-09-30"
  },
  {
    "date": "2024-08-06",
    "symbol": "CAT",
    "eps": 5.99,
    "epsEstimated": 5.54,
    "time": "bmo",
    "revenue": 16689000000,
    "revenueEstimated": 16907905124,
    "updatedFromDate": "2025-04-25",
    "fiscalDateEnding": "2024-06-30"
  },
  {
    "date": "2024-04-25",
    "symbol": "CAT",
    "eps": 5.6,
    "epsEstimated": 5.14,
    "time": "bmo",
    "revenue": 15799000000,
    "revenueEstimated": 16053889047,
    "updatedFromDate": "2025-04-25",
    "fiscalDateEnding": "2024-03-31"
  },
  {
    "date": "2024-02-05",
    "symbol": "CAT",
    "eps": 5.23,
    "epsEstimated": 4.75,
    "time": "bmo",
    "revenue": 17070000000,
    "revenueEstimated": 17104900000,
    "updatedFromDate": "2025-04-25",
    "fiscalDateEnding": "2023-12-31"
  },
  {
    "date": "2023-10-31",
    "symbol": "CAT",
    "eps": 5.52,
    "epsEstimated": 4.79,
    "time": "bmo",
    "revenue": 16810000000,
    "revenueEstimated": 16534700000,
    "updatedFromDate": "2025-04-25",
    "fiscalDateEnding": "2023-09-30"
  },
  {
    "date": "2023-08-01",
    "symbol": "CAT",
    "eps": 5.55,
    "epsEstimated": 4.58,
    "time": "bmo",
    "revenue": 17318000000,
    "revenueEstimated": 16485100000,
    "updatedFromDate": "2025-04-25",
    "fiscalDateEnding": "2023-06-30"
  },
  {
    "date": "2023-04-27",
    "symbol": "CAT",
    "eps": 4.91,
    "epsEstimated": 3.79,
    "time": "bmo",
    "revenue": 15862000000,
    "revenueEstimated": 16032000000,
    "updatedFromDate": "2025-04-25",
    "fiscalDateEnding": "2023-03-31"
  },
  {
    "date": "2023-01-31",
    "symbol": "CAT",
    "eps": 3.86,
    "epsEstimated": 3.95,
    "time": "bmo",
    "revenue": 16597000000,
    "revenueEstimated": 15822870897,
    "updatedFromDate": "2025-04-25",
    "fiscalDateEnding": "2022-12-31"
  },
  {
    "date": "2022-10-27",
    "symbol": "CAT",
    "eps": 3.95,
    "epsEstimated": 3.16,
    "time": "bmo",
    "revenue": 14994000000,
    "revenueEstimated": 14364693800,
    "updatedFromDate": "2025-04-25",
    "fiscalDateEnding": "2022-09-30"
  },
  {
    "date": "2022-08-02",
    "symbol": "CAT",
    "eps": 3.18,
    "epsEstimated": 3.01,
    "time": "bmo",
    "revenue": 14247000000,
    "revenueEstimated": 14275366839,
    "updatedFromDate": "2025-04-25",
    "fiscalDateEnding": "2022-06-30"
  },
  {
    "date": "2022-04-28",
    "symbol": "CAT",
    "eps": 2.88,
    "epsEstimated": 2.6,
    "time": "bmo",
    "revenue": 13589000000,
    "revenueEstimated": 13252762773,
    "updatedFromDate": "2025-04-25",
    "fiscalDateEnding": "2022-03-31"
  },
  {
    "date": "2022-01-28",
    "symbol": "CAT",
    "eps": 2.69,
    "epsEstimated": 2.23,
    "time": "bmo",
    "revenue": 13798000000,
    "revenueEstimated": 13200886006,
    "updatedFromDate": "2025-04-25",
    "fiscalDateEnding": "2021-12-31"
  },
  {
    "date": "2021-10-28",
    "symbol": "CAT",
    "eps": 2.66,
    "epsEstimated": 2.2,
    "time": "bmo",
    "revenue": 12397000000,
    "revenueEstimated": 12557400000,
    "updatedFromDate": "2025-04-25",
    "fiscalDateEnding": "2021-09-30"
  },
  {
    "date": "2021-07-30",
    "symbol": "CAT",
    "eps": 2.6,
    "epsEstimated": 2.4,
    "time": "bmo",
    "revenue": 12889000000,
    "revenueEstimated": 12580000000,
    "updatedFromDate": "2025-04-25",
    "fiscalDateEnding": "2021-06-30"
  },
  {
    "date": "2021-04-29",
    "symbol": "CAT",
    "eps": 2.87,
    "epsEstimated": 1.94,
    "time": "bmo",
    "revenue": 11887000000,
    "revenueEstimated": 10989300000,
    "updatedFromDate": "2025-04-25",
    "fiscalDateEnding": "2021-03-31"
  },
  {
    "date": "2021-01-29",
    "symbol": "CAT",
    "eps": 2.12,
    "epsEstimated": 1.46,
    "time": "bmo",
    "revenue": 11235000000,
    "revenueEstimated": 10699640938,
    "updatedFromDate": "2025-04-25",
    "fiscalDateEnding": "2020-12-31"
  },
  {
    "date": "2020-10-27",
    "symbol": "CAT",
    "eps": 1.34,
    "epsEstimated": 1.18,
    "time": "bmo",
    "revenue": 9881000000,
    "revenueEstimated": 8701179104,
    "updatedFromDate": "2025-04-25",
    "fiscalDateEnding": "2020-09-30"
  },
  {
    "date": "2020-07-31",
    "symbol": "CAT",
    "eps": 1.03,
    "epsEstimated": 0.64,
    "time": "bmo",
    "revenue": 9997000000,
    "revenueEstimated": 6211728155,
    "updatedFromDate": "2025-04-25",
    "fiscalDateEnding": "2020-06-30"
  },
  {
    "date": "2020-04-28",
    "symbol": "CAT",
    "eps": 1.6,
    "epsEstimated": 1.69,
    "time": "bmo",
    "revenue": 10635000000,
    "revenueEstimated": 11233218750,
    "updatedFromDate": "2025-04-25",
    "fiscalDateEnding": "2020-03-31"
  },
  {
    "date": "2020-01-31",
    "symbol": "CAT",
    "eps": 2.63,
    "epsEstimated": 2.37,
    "time": "bmo",
    "revenue": 13144000000,
    "revenueEstimated": 11894570342,
    "updatedFromDate": "2025-04-25",
    "fiscalDateEnding": "2019-12-31"
  },
  {
    "date": "2019-10-23",
    "symbol": "CAT",
    "eps": 2.66,
    "epsEstimated": 2.88,
    "time": "bmo",
    "revenue": 12758000000,
    "revenueEstimated": 13813172932,
    "updatedFromDate": "2025-04-25",
    "fiscalDateEnding": "2019-09-30"
  },
  {
    "date": "2019-07-24",
    "symbol": "CAT",
    "eps": 2.83,
    "epsEstimated": 3.12,
    "time": "bmo",
    "revenue": 14432000000,
    "revenueEstimated": 15910897526,
    "updatedFromDate": "2025-04-25",
    "fiscalDateEnding": "2019-06-30"
  },
  {
    "date": "2019-04-24",
    "symbol": "CAT",
    "eps": 2.94,
    "epsEstimated": 2.85,
    "time": "bmo",
    "revenue": 13466000000,
    "revenueEstimated": 13053775510,
    "updatedFromDate": "2025-04-25",
    "fiscalDateEnding": "2019-03-31"
  },
  {
    "date": "2019-01-28",
    "symbol": "CAT",
    "eps": 2.55,
    "epsEstimated": 2.98,
    "time": "bmo",
    "revenue": 14342000000,
    "revenueEstimated": 16816698039,
    "updatedFromDate": "2025-04-25",
    "fiscalDateEnding": "2018-12-31"
  },
  {
    "date": "2018-10-23",
    "symbol": "CAT",
    "eps": 2.86,
    "epsEstimated": 2.85,
    "time": "bmo",
    "revenue": 13510000000,
    "revenueEstimated": 13462762237,
    "updatedFromDate": "2025-04-25",
    "fiscalDateEnding": "2018-09-30"
  },
  {
    "date": "2018-07-30",
    "symbol": "CAT",
    "eps": 2.97,
    "epsEstimated": 2.73,
    "time": "bmo",
    "revenue": 14011000000,
    "revenueEstimated": 12878797979,
    "updatedFromDate": "2025-04-25",
    "fiscalDateEnding": "2018-06-30"
  },
  {
    "date": "2018-04-24",
    "symbol": "CAT",
    "eps": 2.82,
    "epsEstimated": 2.13,
    "time": "bmo",
    "revenue": 12859000000,
    "revenueEstimated": 9712648936,
    "updatedFromDate": "2025-04-25",
    "fiscalDateEnding": "2018-03-31"
  },
  {
    "date": "2018-01-25",
    "symbol": "CAT",
    "eps": 2.16,
    "epsEstimated": 1.77,
    "time": "bmo",
    "revenue": 12896000000,
    "revenueEstimated": 10686962962,
    "updatedFromDate": "2025-04-25",
    "fiscalDateEnding": "2017-12-31"
  },
  {
    "date": "2017-10-24",
    "symbol": "CAT",
    "eps": 1.95,
    "epsEstimated": 1.27,
    "time": "bmo",
    "revenue": 11413000000,
    "revenueEstimated": 7433082051,
    "updatedFromDate": "2025-04-25",
    "fiscalDateEnding": "2017-09-30"
  },
  {
    "date": "2017-07-25",
    "symbol": "CAT",
    "eps": 1.49,
    "epsEstimated": 1.26,
    "time": "bmo",
    "revenue": 11331000000,
    "revenueEstimated": 9581919463,
    "updatedFromDate": "2025-04-25",
    "fiscalDateEnding": "2017-06-30"
  },
  {
    "date": "2017-04-25",
    "symbol": "CAT",
    "eps": 1.28,
    "epsEstimated": 0.62,
    "time": "bmo",
    "revenue": 9822000000,
    "revenueEstimated": 7939780037,
    "updatedFromDate": "2025-04-25",
    "fiscalDateEnding": "2017-03-31"
  },
  {
    "date": "2017-01-26",
    "symbol": "CAT",
    "eps": 0.83,
    "epsEstimated": 0.65,
    "time": "bmo",
    "revenue": 9574000000,
    "revenueEstimated": 7613060240,
    "updatedFromDate": "2025-04-25",
    "fiscalDateEnding": "2016-12-31"
  },
  {
    "date": "2016-10-25",
    "symbol": "CAT",
    "eps": 0.85,
    "epsEstimated": 0.75,
    "time": "bmo",
    "revenue": 9160000000,
    "revenueEstimated": 8190117647,
    "updatedFromDate": "2025-04-25",
    "fiscalDateEnding": "2016-09-30"
  },
  {
    "date": "2016-07-26",
    "symbol": "CAT",
    "eps": 1.09,
    "epsEstimated": 0.96,
    "time": "bmo",
    "revenue": 10342000000,
    "revenueEstimated": 9108550458,
    "updatedFromDate": "2025-04-25",
    "fiscalDateEnding": "2016-06-30"
  }
]