[
  {
    "date": "2026-04-20",
    "symbol": "CB",
    "eps": null,
    "epsEstimated": null,
    "time": "amc",
    "revenue": null,
    "revenueEstimated": null,
    "updatedFromDate": "2025-10-02",
    "fiscalDateEnding": "2026-03-30"
  },
  {
    "date": "2026-01-26",
    "symbol": "CB",
    "eps": null,
    "epsEstimated": null,
    "time": "amc",
    "revenue": null,
    "revenueEstimated": null,
    "updatedFromDate": "2025-10-02",
    "fiscalDateEnding": "2025-12-30"
  },
  {
    "date": "2025-10-21",
    "symbol": "CB",
    "eps": null,
    "epsEstimated": 5.51,
    "time": "amc",
    "revenue": null,
    "revenueEstimated": 12949200000,
    "updatedFromDate": "2025-10-02",
    "fiscalDateEnding": "2025-09-30"
  },
  {
    "date": "2025-07-22",
    "symbol": "CB",
    "eps": 6.14,
    "epsEstimated": 5.98,
    "time": "amc",
    "revenue": 14898000000,
    "revenueEstimated": 14160719200,
    "updatedFromDate": "2025-10-02",
    "fiscalDateEnding": "2025-06-30"
  },
  {
    "date": "2025-04-22",
    "symbol": "CB",
    "eps": 3.68,
    "epsEstimated": 3.17,
    "time": "amc",
    "revenue": 13480000000,
    "revenueEstimated": 12936982500,
    "updatedFromDate": "2025-07-22",
    "fiscalDateEnding": "2025-03-31"
  },
  {
    "date": "2025-01-28",
    "symbol": "CB",
    "eps": 6.02,
    "epsEstimated": 5.33,
    "time": "amc",
    "revenue": 14278000000,
    "revenueEstimated": 12197912500,
    "updatedFromDate": "2025-04-28",
    "fiscalDateEnding": "2024-12-31"
  },
  {
    "date": "2024-10-29",
    "symbol": "CB",
    "eps": 5.72,
    "epsEstimated": 4.98,
    "time": "amc",
    "revenue": 14849000000,
    "revenueEstimated": 14157324800,
    "updatedFromDate": "2025-04-25",
    "fiscalDateEnding": "2024-09-30"
  },
  {
    "date": "2024-07-23",
    "symbol": "CB",
    "eps": 5.38,
    "epsEstimated": 5.15,
    "time": "amc",
    "revenue": 13875000000,
    "revenueEstimated": 13040647200,
    "updatedFromDate": "2025-04-25",
    "fiscalDateEnding": "2024-06-30"
  },
  {
    "date": "2024-04-23",
    "symbol": "CB",
    "eps": 5.41,
    "epsEstimated": 5.31,
    "time": "amc",
    "revenue": 12883000000,
    "revenueEstimated": 11754313333,
    "updatedFromDate": "2025-04-25",
    "fiscalDateEnding": "2024-03-31"
  },
  {
    "date": "2024-01-30",
    "symbol": "CB",
    "eps": 8.3,
    "epsEstimated": 5.07,
    "time": "amc",
    "revenue": 13260000000,
    "revenueEstimated": 10541000000,
    "updatedFromDate": "2025-04-25",
    "fiscalDateEnding": "2023-12-31"
  },
  {
    "date": "2023-10-24",
    "symbol": "CB",
    "eps": 4.95,
    "epsEstimated": 4.44,
    "time": "amc",
    "revenue": 13872000000,
    "revenueEstimated": 9805330000,
    "updatedFromDate": "2025-04-25",
    "fiscalDateEnding": "2023-09-30"
  },
  {
    "date": "2023-07-25",
    "symbol": "CB",
    "eps": 4.92,
    "epsEstimated": 4.41,
    "time": "amc",
    "revenue": 11845000000,
    "revenueEstimated": 11619800000,
    "updatedFromDate": "2025-04-25",
    "fiscalDateEnding": "2023-06-30"
  },
  {
    "date": "2023-04-25",
    "symbol": "CB",
    "eps": 4.41,
    "epsEstimated": 4.45,
    "time": "amc",
    "revenue": 11197000000,
    "revenueEstimated": 10618100000,
    "updatedFromDate": "2025-04-25",
    "fiscalDateEnding": "2023-03-31"
  },
  {
    "date": "2023-01-31",
    "symbol": "CB",
    "eps": 4.05,
    "epsEstimated": 4.25,
    "time": "amc",
    "revenue": 11500000000,
    "revenueEstimated": 9247830000,
    "updatedFromDate": "2025-04-25",
    "fiscalDateEnding": "2022-12-31"
  },
  {
    "date": "2022-10-25",
    "symbol": "CB",
    "eps": 3.17,
    "epsEstimated": 3.02,
    "time": "amc",
    "revenue": 12082000000,
    "revenueEstimated": 11674800000,
    "updatedFromDate": "2025-04-25",
    "fiscalDateEnding": "2022-09-30"
  },
  {
    "date": "2022-07-26",
    "symbol": "CB",
    "eps": 4.2,
    "epsEstimated": 3.59,
    "time": "amc",
    "revenue": 9923000000,
    "revenueEstimated": 9935867236,
    "updatedFromDate": "2025-04-25",
    "fiscalDateEnding": "2022-06-30"
  },
  {
    "date": "2022-04-26",
    "symbol": "CB",
    "eps": 3.82,
    "epsEstimated": 3.48,
    "time": "amc",
    "revenue": 9638000000,
    "revenueEstimated": 8972558739,
    "updatedFromDate": "2025-04-25",
    "fiscalDateEnding": "2022-03-31"
  },
  {
    "date": "2022-02-01",
    "symbol": "CB",
    "eps": 3.81,
    "epsEstimated": 3.29,
    "time": "amc",
    "revenue": 10483000000,
    "revenueEstimated": 8868613040,
    "updatedFromDate": "2025-04-25",
    "fiscalDateEnding": "2021-12-31"
  },
  {
    "date": "2021-10-26",
    "symbol": "CB",
    "eps": 2.64,
    "epsEstimated": 2.48,
    "time": "amc",
    "revenue": 10845000000,
    "revenueEstimated": 9189140000,
    "updatedFromDate": "2025-04-25",
    "fiscalDateEnding": "2021-09-30"
  },
  {
    "date": "2021-07-27",
    "symbol": "CB",
    "eps": 3.62,
    "epsEstimated": 3.01,
    "time": "amc",
    "revenue": 9664000000,
    "revenueEstimated": 9189140000,
    "updatedFromDate": "2025-04-25",
    "fiscalDateEnding": "2021-06-30"
  },
  {
    "date": "2021-04-27",
    "symbol": "CB",
    "eps": 2.52,
    "epsEstimated": 2.45,
    "time": "amc",
    "revenue": 9971000000,
    "revenueEstimated": 7694290000,
    "updatedFromDate": "2025-04-25",
    "fiscalDateEnding": "2021-03-31"
  },
  {
    "date": "2021-02-02",
    "symbol": "CB",
    "eps": 3.18,
    "epsEstimated": 2.87,
    "time": "amc",
    "revenue": 9848000000,
    "revenueEstimated": 8590808510,
    "updatedFromDate": "2025-04-25",
    "fiscalDateEnding": "2020-12-31"
  },
  {
    "date": "2020-10-27",
    "symbol": "CB",
    "eps": 2,
    "epsEstimated": 2.19,
    "time": "amc",
    "revenue": 9464000000,
    "revenueEstimated": 10363080000,
    "updatedFromDate": "2025-04-25",
    "fiscalDateEnding": "2020-09-30"
  },
  {
    "date": "2020-07-28",
    "symbol": "CB",
    "eps": -0.56,
    "epsEstimated": -0.66,
    "time": "amc",
    "revenue": 8985000000,
    "revenueEstimated": 9579428571,
    "updatedFromDate": "2025-04-25",
    "fiscalDateEnding": "2020-06-30"
  },
  {
    "date": "2020-04-21",
    "symbol": "CB",
    "eps": 2.68,
    "epsEstimated": 2.61,
    "time": "amc",
    "revenue": 7697000000,
    "revenueEstimated": 7474097014,
    "updatedFromDate": "2025-04-25",
    "fiscalDateEnding": "2020-03-31"
  },
  {
    "date": "2020-02-04",
    "symbol": "CB",
    "eps": 2.28,
    "epsEstimated": 2.12,
    "time": "amc",
    "revenue": 8762000000,
    "revenueEstimated": 7378157894,
    "updatedFromDate": "2025-04-25",
    "fiscalDateEnding": "2019-12-31"
  },
  {
    "date": "2019-10-29",
    "symbol": "CB",
    "eps": 2.7,
    "epsEstimated": 2.61,
    "time": "amc",
    "revenue": 9079000000,
    "revenueEstimated": 8049433333,
    "updatedFromDate": "2025-04-25",
    "fiscalDateEnding": "2019-09-30"
  },
  {
    "date": "2019-07-23",
    "symbol": "CB",
    "eps": 2.6,
    "epsEstimated": 2.56,
    "time": "amc",
    "revenue": 8524000000,
    "revenueEstimated": 7769600000,
    "updatedFromDate": "2025-04-25",
    "fiscalDateEnding": "2019-06-30"
  },
  {
    "date": "2019-04-30",
    "symbol": "CB",
    "eps": 2.54,
    "epsEstimated": 2.56,
    "time": "amc",
    "revenue": 7906000000,
    "revenueEstimated": 7193196850,
    "updatedFromDate": "2025-04-25",
    "fiscalDateEnding": "2019-03-31"
  },
  {
    "date": "2019-02-05",
    "symbol": "CB",
    "eps": 2.02,
    "epsEstimated": 1.93,
    "time": "amc",
    "revenue": 7626000000,
    "revenueEstimated": 7280222772,
    "updatedFromDate": "2025-04-25",
    "fiscalDateEnding": "2018-12-31"
  },
  {
    "date": "2018-10-23",
    "symbol": "CB",
    "eps": 2.41,
    "epsEstimated": 2.36,
    "time": "amc",
    "revenue": 8750000000,
    "revenueEstimated": 7743933609,
    "updatedFromDate": "2025-04-25",
    "fiscalDateEnding": "2018-09-30"
  },
  {
    "date": "2018-07-24",
    "symbol": "CB",
    "eps": 2.68,
    "epsEstimated": 2.62,
    "time": "amc",
    "revenue": 8500000000,
    "revenueEstimated": 7492417910,
    "updatedFromDate": "2025-04-25",
    "fiscalDateEnding": "2018-06-30"
  },
  {
    "date": "2018-04-24",
    "symbol": "CB",
    "eps": 2.34,
    "epsEstimated": 2.26,
    "time": "amc",
    "revenue": 7837000000,
    "revenueEstimated": 6786760683,
    "updatedFromDate": "2025-04-25",
    "fiscalDateEnding": "2018-03-31"
  },
  {
    "date": "2018-01-30",
    "symbol": "CB",
    "eps": 3.17,
    "epsEstimated": 2.31,
    "time": "amc",
    "revenue": 8042000000,
    "revenueEstimated": 7249657894,
    "updatedFromDate": "2025-04-25",
    "fiscalDateEnding": "2017-12-31"
  },
  {
    "date": "2017-10-26",
    "symbol": "CB",
    "eps": -0.13,
    "epsEstimated": -0.26,
    "time": "amc",
    "revenue": 8610000000,
    "revenueEstimated": 14412923076,
    "updatedFromDate": "2025-04-25",
    "fiscalDateEnding": "2017-09-30"
  },
  {
    "date": "2017-07-25",
    "symbol": "CB",
    "eps": 2.5,
    "epsEstimated": 2.47,
    "time": "amc",
    "revenue": 8108000000,
    "revenueEstimated": 7150156000,
    "updatedFromDate": "2025-04-25",
    "fiscalDateEnding": "2017-06-30"
  },
  {
    "date": "2017-04-25",
    "symbol": "CB",
    "eps": 2.48,
    "epsEstimated": 2.41,
    "time": "amc",
    "revenue": 7510000000,
    "revenueEstimated": 6580854838,
    "updatedFromDate": "2025-04-25",
    "fiscalDateEnding": "2017-03-31"
  },
  {
    "date": "2017-01-31",
    "symbol": "CB",
    "eps": 2.56,
    "epsEstimated": 2.42,
    "time": "amc",
    "revenue": 8168000000,
    "revenueEstimated": 6280433823,
    "updatedFromDate": "2025-04-25",
    "fiscalDateEnding": "2016-12-31"
  },
  {
    "date": "2016-10-25",
    "symbol": "CB",
    "eps": 2.88,
    "epsEstimated": 2.58,
    "time": "amc",
    "revenue": 8527000000,
    "revenueEstimated": 6887166666,
    "updatedFromDate": "2025-04-25",
    "fiscalDateEnding": "2016-09-30"
  },
  {
    "date": "2016-07-26",
    "symbol": "CB",
    "eps": 2.25,
    "epsEstimated": 2.26,
    "time": "amc",
    "revenue": 7897000000,
    "revenueEstimated": 7306266666,
    "updatedFromDate": "2025-04-25",
    "fiscalDateEnding": "2016-06-30"
  }
]