[
  {
    "date": "2026-04-30",
    "symbol": "CBOE",
    "eps": null,
    "epsEstimated": null,
    "time": "bmo",
    "revenue": null,
    "revenueEstimated": null,
    "updatedFromDate": "2025-10-02",
    "fiscalDateEnding": "2026-03-30"
  },
  {
    "date": "2026-02-05",
    "symbol": "CBOE",
    "eps": null,
    "epsEstimated": null,
    "time": "bmo",
    "revenue": null,
    "revenueEstimated": null,
    "updatedFromDate": "2025-10-02",
    "fiscalDateEnding": "2025-12-30"
  },
  {
    "date": "2025-10-31",
    "symbol": "CBOE",
    "eps": null,
    "epsEstimated": 2.33,
    "time": "bmo",
    "revenue": null,
    "revenueEstimated": 576434410,
    "updatedFromDate": "2025-10-02",
    "fiscalDateEnding": "2025-09-30"
  },
  {
    "date": "2025-08-01",
    "symbol": "CBOE",
    "eps": 2.46,
    "epsEstimated": 2.42,
    "time": "bmo",
    "revenue": 1173500000,
    "revenueEstimated": 574304150,
    "updatedFromDate": "2025-10-02",
    "fiscalDateEnding": "2025-06-30"
  },
  {
    "date": "2025-05-02",
    "symbol": "CBOE",
    "eps": 2.5,
    "epsEstimated": 2.36,
    "time": "bmo",
    "revenue": 1195000000,
    "revenueEstimated": 560718090,
    "updatedFromDate": "2025-08-02",
    "fiscalDateEnding": "2025-03-31"
  },
  {
    "date": "2025-02-07",
    "symbol": "CBOE",
    "eps": 2.1,
    "epsEstimated": 2.13,
    "time": "bmo",
    "revenue": 1107600000,
    "revenueEstimated": 530681700,
    "updatedFromDate": "2025-05-07",
    "fiscalDateEnding": "2024-12-31"
  },
  {
    "date": "2024-11-01",
    "symbol": "CBOE",
    "eps": 2.22,
    "epsEstimated": 2.19,
    "time": "bmo",
    "revenue": 1055700000,
    "revenueEstimated": 530760000,
    "updatedFromDate": "2025-04-25",
    "fiscalDateEnding": "2024-09-30"
  },
  {
    "date": "2024-08-02",
    "symbol": "CBOE",
    "eps": 2.15,
    "epsEstimated": 2.1,
    "time": "bmo",
    "revenue": 974000000,
    "revenueEstimated": 514505525,
    "updatedFromDate": "2025-04-25",
    "fiscalDateEnding": "2024-06-30"
  },
  {
    "date": "2024-05-03",
    "symbol": "CBOE",
    "eps": 2.15,
    "epsEstimated": 2.04,
    "time": "bmo",
    "revenue": 957200000,
    "revenueEstimated": 504795651,
    "updatedFromDate": "2025-04-25",
    "fiscalDateEnding": "2024-03-31"
  },
  {
    "date": "2024-02-02",
    "symbol": "CBOE",
    "eps": 2.06,
    "epsEstimated": 2.03,
    "time": "bmo",
    "revenue": 968700000,
    "revenueEstimated": 511680000,
    "updatedFromDate": "2025-04-25",
    "fiscalDateEnding": "2023-12-31"
  },
  {
    "date": "2023-11-03",
    "symbol": "CBOE",
    "eps": 2.06,
    "epsEstimated": 1.86,
    "time": "bmo",
    "revenue": 908800000,
    "revenueEstimated": 479890000,
    "updatedFromDate": "2025-04-25",
    "fiscalDateEnding": "2023-09-30"
  },
  {
    "date": "2023-08-04",
    "symbol": "CBOE",
    "eps": 1.78,
    "epsEstimated": 1.77,
    "time": "bmo",
    "revenue": 907800000,
    "revenueEstimated": 469300000,
    "updatedFromDate": "2025-04-25",
    "fiscalDateEnding": "2023-06-30"
  },
  {
    "date": "2023-05-05",
    "symbol": "CBOE",
    "eps": 1.9,
    "epsEstimated": 1.87,
    "time": "bmo",
    "revenue": 988200000,
    "revenueEstimated": 481000000,
    "updatedFromDate": "2025-04-25",
    "fiscalDateEnding": "2023-03-31"
  },
  {
    "date": "2023-02-03",
    "symbol": "CBOE",
    "eps": 1.8,
    "epsEstimated": 1.76,
    "time": "bmo",
    "revenue": 1004700000,
    "revenueEstimated": 458094385,
    "updatedFromDate": "2025-04-25",
    "fiscalDateEnding": "2022-12-31"
  },
  {
    "date": "2022-11-04",
    "symbol": "CBOE",
    "eps": 1.74,
    "epsEstimated": 1.63,
    "time": "bmo",
    "revenue": 993500000,
    "revenueEstimated": 440956385,
    "updatedFromDate": "2025-04-25",
    "fiscalDateEnding": "2022-09-30"
  },
  {
    "date": "2022-07-29",
    "symbol": "CBOE",
    "eps": 1.67,
    "epsEstimated": 1.7,
    "time": "bmo",
    "revenue": 985800000,
    "revenueEstimated": 422436561,
    "updatedFromDate": "2025-04-25",
    "fiscalDateEnding": "2022-06-30"
  },
  {
    "date": "2022-04-29",
    "symbol": "CBOE",
    "eps": 1.73,
    "epsEstimated": 1.67,
    "time": "bmo",
    "revenue": 974500000,
    "revenueEstimated": 415083265,
    "updatedFromDate": "2025-04-25",
    "fiscalDateEnding": "2022-03-31"
  },
  {
    "date": "2022-02-04",
    "symbol": "CBOE",
    "eps": 1.7,
    "epsEstimated": 1.53,
    "time": "bmo",
    "revenue": 866400000,
    "revenueEstimated": 389313162,
    "updatedFromDate": "2025-04-25",
    "fiscalDateEnding": "2021-12-31"
  },
  {
    "date": "2021-10-29",
    "symbol": "CBOE",
    "eps": 1.45,
    "epsEstimated": 1.44,
    "time": "bmo",
    "revenue": 816800000,
    "revenueEstimated": 350650000,
    "updatedFromDate": "2025-04-25",
    "fiscalDateEnding": "2021-09-30"
  },
  {
    "date": "2021-07-30",
    "symbol": "CBOE",
    "eps": 1.38,
    "epsEstimated": 1.35,
    "time": "bmo",
    "revenue": 800800000,
    "revenueEstimated": 350600000,
    "updatedFromDate": "2025-04-25",
    "fiscalDateEnding": "2021-06-30"
  },
  {
    "date": "2021-04-30",
    "symbol": "CBOE",
    "eps": 1.53,
    "epsEstimated": 1.4,
    "time": "bmo",
    "revenue": 1010800000,
    "revenueEstimated": 339540000,
    "updatedFromDate": "2025-04-25",
    "fiscalDateEnding": "2021-03-31"
  },
  {
    "date": "2021-02-05",
    "symbol": "CBOE",
    "eps": 1.21,
    "epsEstimated": 1.22,
    "time": "bmo",
    "revenue": 844200000,
    "revenueEstimated": 857926829,
    "updatedFromDate": "2025-04-25",
    "fiscalDateEnding": "2020-12-31"
  },
  {
    "date": "2020-10-30",
    "symbol": "CBOE",
    "eps": 1.11,
    "epsEstimated": 1.06,
    "time": "bmo",
    "revenue": 792700000,
    "revenueEstimated": 756324324,
    "updatedFromDate": "2025-04-25",
    "fiscalDateEnding": "2020-09-30"
  },
  {
    "date": "2020-07-31",
    "symbol": "CBOE",
    "eps": 1.31,
    "epsEstimated": 1.23,
    "time": "bmo",
    "revenue": 868700000,
    "revenueEstimated": 815649618,
    "updatedFromDate": "2025-04-25",
    "fiscalDateEnding": "2020-06-30"
  },
  {
    "date": "2020-05-01",
    "symbol": "CBOE",
    "eps": 1.65,
    "epsEstimated": 1.54,
    "time": "bmo",
    "revenue": 921500000,
    "revenueEstimated": 865651515,
    "updatedFromDate": "2025-04-25",
    "fiscalDateEnding": "2020-03-31"
  },
  {
    "date": "2020-02-07",
    "symbol": "CBOE",
    "eps": 1.21,
    "epsEstimated": 1.11,
    "time": "bmo",
    "revenue": 598600000,
    "revenueEstimated": 549128925,
    "updatedFromDate": "2025-04-25",
    "fiscalDateEnding": "2019-12-31"
  },
  {
    "date": "2019-11-01",
    "symbol": "CBOE",
    "eps": 1.29,
    "epsEstimated": 1.16,
    "time": "bmo",
    "revenue": 675400000,
    "revenueEstimated": 602100775,
    "updatedFromDate": "2025-04-25",
    "fiscalDateEnding": "2019-09-30"
  },
  {
    "date": "2019-08-02",
    "symbol": "CBOE",
    "eps": 1.13,
    "epsEstimated": 1.07,
    "time": "bmo",
    "revenue": 620600000,
    "revenueEstimated": 587647787,
    "updatedFromDate": "2025-04-25",
    "fiscalDateEnding": "2019-06-30"
  },
  {
    "date": "2019-05-03",
    "symbol": "CBOE",
    "eps": 1.11,
    "epsEstimated": 0.99,
    "time": "bmo",
    "revenue": 602600000,
    "revenueEstimated": 542882882,
    "updatedFromDate": "2025-04-25",
    "fiscalDateEnding": "2019-03-31"
  },
  {
    "date": "2019-02-08",
    "symbol": "CBOE",
    "eps": 1.54,
    "epsEstimated": 1.37,
    "time": "bmo",
    "revenue": 747700000,
    "revenueEstimated": 665161688,
    "updatedFromDate": "2025-04-25",
    "fiscalDateEnding": "2018-12-31"
  },
  {
    "date": "2018-11-02",
    "symbol": "CBOE",
    "eps": 1.06,
    "epsEstimated": 1.01,
    "time": "bmo",
    "revenue": 575900000,
    "revenueEstimated": 554167924,
    "updatedFromDate": "2025-04-25",
    "fiscalDateEnding": "2018-09-30"
  },
  {
    "date": "2018-08-03",
    "symbol": "CBOE",
    "eps": 1.05,
    "epsEstimated": 1.03,
    "time": "bmo",
    "revenue": 667500000,
    "revenueEstimated": 654785714,
    "updatedFromDate": "2025-04-25",
    "fiscalDateEnding": "2018-06-30"
  },
  {
    "date": "2018-05-04",
    "symbol": "CBOE",
    "eps": 1.38,
    "epsEstimated": 1.27,
    "time": "bmo",
    "revenue": 777700000,
    "revenueEstimated": 721344927,
    "updatedFromDate": "2025-04-25",
    "fiscalDateEnding": "2018-03-31"
  },
  {
    "date": "2018-02-09",
    "symbol": "CBOE",
    "eps": 0.87,
    "epsEstimated": 0.88,
    "time": "bmo",
    "revenue": 620700000,
    "revenueEstimated": 627834482,
    "updatedFromDate": "2025-04-25",
    "fiscalDateEnding": "2017-12-31"
  },
  {
    "date": "2017-11-07",
    "symbol": "CBOE",
    "eps": 0.89,
    "epsEstimated": 0.88,
    "time": "bmo",
    "revenue": 611400000,
    "revenueEstimated": 604530337,
    "updatedFromDate": "2025-04-25",
    "fiscalDateEnding": "2017-09-30"
  },
  {
    "date": "2017-08-04",
    "symbol": "CBOE",
    "eps": 0.87,
    "epsEstimated": 0.86,
    "time": "bmo",
    "revenue": 640800000,
    "revenueEstimated": 633434482,
    "updatedFromDate": "2025-04-25",
    "fiscalDateEnding": "2017-06-30"
  },
  {
    "date": "2017-05-09",
    "symbol": "CBOE",
    "eps": 0.78,
    "epsEstimated": 0.68,
    "time": "bmo",
    "revenue": 356200000,
    "revenueEstimated": 315099999,
    "updatedFromDate": "2025-04-25",
    "fiscalDateEnding": "2017-03-31"
  },
  {
    "date": "2017-02-06",
    "symbol": "CBOE",
    "eps": 0.63,
    "epsEstimated": 0.6,
    "time": "amc",
    "revenue": 163241000,
    "revenueEstimated": 166761904,
    "updatedFromDate": "2025-04-25",
    "fiscalDateEnding": "2016-12-31"
  },
  {
    "date": "2016-10-28",
    "symbol": "CBOE",
    "eps": 0.58,
    "epsEstimated": 0.56,
    "time": "bmo",
    "revenue": 156207000,
    "revenueEstimated": 150813793,
    "updatedFromDate": "2025-04-25",
    "fiscalDateEnding": "2016-09-30"
  },
  {
    "date": "2016-07-29",
    "symbol": "CBOE",
    "eps": 0.6,
    "epsEstimated": 0.6,
    "time": "bmo",
    "revenue": 163329000,
    "revenueEstimated": 173100000,
    "updatedFromDate": "2025-04-25",
    "fiscalDateEnding": "2016-06-30"
  }
]