[
  {
    "date": "2026-04-22",
    "symbol": "CBRE",
    "eps": null,
    "epsEstimated": null,
    "time": "bmo",
    "revenue": null,
    "revenueEstimated": null,
    "updatedFromDate": "2025-10-01",
    "fiscalDateEnding": "2026-03-30"
  },
  {
    "date": "2026-02-11",
    "symbol": "CBRE",
    "eps": null,
    "epsEstimated": null,
    "time": "bmo",
    "revenue": null,
    "revenueEstimated": null,
    "updatedFromDate": "2025-10-01",
    "fiscalDateEnding": "2025-12-30"
  },
  {
    "date": "2025-10-23",
    "symbol": "CBRE",
    "eps": null,
    "epsEstimated": 1.49,
    "time": "bmo",
    "revenue": null,
    "revenueEstimated": 10113549500,
    "updatedFromDate": "2025-10-01",
    "fiscalDateEnding": "2025-09-30"
  },
  {
    "date": "2025-07-29",
    "symbol": "CBRE",
    "eps": 1.19,
    "epsEstimated": 1.07,
    "time": "bmo",
    "revenue": 9753000000,
    "revenueEstimated": 9455940400,
    "updatedFromDate": "2025-10-01",
    "fiscalDateEnding": "2025-06-30"
  },
  {
    "date": "2025-04-24",
    "symbol": "CBRE",
    "eps": 0.86,
    "epsEstimated": 0.76,
    "time": "bmo",
    "revenue": 8910000000,
    "revenueEstimated": 8988749080,
    "updatedFromDate": "2025-07-24",
    "fiscalDateEnding": "2025-03-31"
  },
  {
    "date": "2025-02-13",
    "symbol": "CBRE",
    "eps": 2.32,
    "epsEstimated": 2.2,
    "time": "bmo",
    "revenue": 10404000000,
    "revenueEstimated": 10285172195,
    "updatedFromDate": "2025-05-13",
    "fiscalDateEnding": "2024-12-31"
  },
  {
    "date": "2024-10-24",
    "symbol": "CBRE",
    "eps": 1.2,
    "epsEstimated": 1.06,
    "time": "bmo",
    "revenue": 9036000000,
    "revenueEstimated": 8798123652,
    "updatedFromDate": "2025-04-25",
    "fiscalDateEnding": "2024-09-30"
  },
  {
    "date": "2024-07-25",
    "symbol": "CBRE",
    "eps": 0.81,
    "epsEstimated": 0.709,
    "time": "bmo",
    "revenue": 8391000000,
    "revenueEstimated": 8305201481,
    "updatedFromDate": "2025-04-25",
    "fiscalDateEnding": "2024-06-30"
  },
  {
    "date": "2024-05-03",
    "symbol": "CBRE",
    "eps": 0.78,
    "epsEstimated": 0.693,
    "time": "bmo",
    "revenue": 7935000000,
    "revenueEstimated": 7942944230,
    "updatedFromDate": "2025-04-25",
    "fiscalDateEnding": "2024-03-31"
  },
  {
    "date": "2024-02-15",
    "symbol": "CBRE",
    "eps": 1.38,
    "epsEstimated": 1.18,
    "time": "bmo",
    "revenue": 8949975000,
    "revenueEstimated": 8444658228,
    "updatedFromDate": "2025-04-25",
    "fiscalDateEnding": "2023-12-31"
  },
  {
    "date": "2023-10-27",
    "symbol": "CBRE",
    "eps": 0.72,
    "epsEstimated": 0.67,
    "time": "bmo",
    "revenue": 7868046000,
    "revenueEstimated": 7423290000,
    "updatedFromDate": "2025-04-25",
    "fiscalDateEnding": "2023-09-30"
  },
  {
    "date": "2023-07-27",
    "symbol": "CBRE",
    "eps": 0.82,
    "epsEstimated": 0.76,
    "time": "bmo",
    "revenue": 7719863000,
    "revenueEstimated": 7300120000,
    "updatedFromDate": "2025-04-25",
    "fiscalDateEnding": "2023-06-30"
  },
  {
    "date": "2023-04-27",
    "symbol": "CBRE",
    "eps": 0.92,
    "epsEstimated": 0.81,
    "time": "bmo",
    "revenue": 7411000000,
    "revenueEstimated": 7603640000,
    "updatedFromDate": "2025-04-25",
    "fiscalDateEnding": "2023-03-31"
  },
  {
    "date": "2023-02-23",
    "symbol": "CBRE",
    "eps": 1.33,
    "epsEstimated": 1.19,
    "time": "bmo",
    "revenue": 8194489000,
    "revenueEstimated": 7966131660,
    "updatedFromDate": "2025-04-25",
    "fiscalDateEnding": "2022-12-31"
  },
  {
    "date": "2022-10-27",
    "symbol": "CBRE",
    "eps": 1.13,
    "epsEstimated": 1.26,
    "time": "bmo",
    "revenue": 7529546000,
    "revenueEstimated": 7748410433,
    "updatedFromDate": "2025-04-25",
    "fiscalDateEnding": "2022-09-30"
  },
  {
    "date": "2022-08-04",
    "symbol": "CBRE",
    "eps": 1.83,
    "epsEstimated": 1.4,
    "time": "bmo",
    "revenue": 7771278000,
    "revenueEstimated": 7724048899,
    "updatedFromDate": "2025-04-25",
    "fiscalDateEnding": "2022-06-30"
  },
  {
    "date": "2022-05-05",
    "symbol": "CBRE",
    "eps": 1.39,
    "epsEstimated": 1.08,
    "time": "bmo",
    "revenue": 7332933000,
    "revenueEstimated": 7553469420,
    "updatedFromDate": "2025-04-25",
    "fiscalDateEnding": "2022-03-31"
  },
  {
    "date": "2022-02-24",
    "symbol": "CBRE",
    "eps": 1.8,
    "epsEstimated": 1.78,
    "time": "bmo",
    "revenue": 8550217000,
    "revenueEstimated": 8158417231,
    "updatedFromDate": "2025-04-25",
    "fiscalDateEnding": "2021-12-31"
  },
  {
    "date": "2021-10-28",
    "symbol": "CBRE",
    "eps": 1.39,
    "epsEstimated": 1.19,
    "time": "bmo",
    "revenue": 6798327000,
    "revenueEstimated": 6584150000,
    "updatedFromDate": "2025-04-25",
    "fiscalDateEnding": "2021-09-30"
  },
  {
    "date": "2021-07-29",
    "symbol": "CBRE",
    "eps": 1.36,
    "epsEstimated": 0.77,
    "time": "bmo",
    "revenue": 6458613000,
    "revenueEstimated": 6148102756,
    "updatedFromDate": "2025-04-25",
    "fiscalDateEnding": "2021-06-30"
  },
  {
    "date": "2021-04-29",
    "symbol": "CBRE",
    "eps": 0.86,
    "epsEstimated": 0.67,
    "time": "bmo",
    "revenue": 5938879000,
    "revenueEstimated": 5798590000,
    "updatedFromDate": "2025-04-25",
    "fiscalDateEnding": "2021-03-31"
  },
  {
    "date": "2021-02-23",
    "symbol": "CBRE",
    "eps": 1.45,
    "epsEstimated": 0.96,
    "time": "bmo",
    "revenue": 6910501000,
    "revenueEstimated": 5215957935,
    "updatedFromDate": "2025-04-25",
    "fiscalDateEnding": "2020-12-31"
  },
  {
    "date": "2020-10-29",
    "symbol": "CBRE",
    "eps": 0.73,
    "epsEstimated": 0.44,
    "time": "bmo",
    "revenue": 5645142000,
    "revenueEstimated": 5488892532,
    "updatedFromDate": "2025-04-25",
    "fiscalDateEnding": "2020-09-30"
  },
  {
    "date": "2020-07-31",
    "symbol": "CBRE",
    "eps": 0.35,
    "epsEstimated": 0.3,
    "time": "bmo",
    "revenue": 5381384000,
    "revenueEstimated": 6457660800,
    "updatedFromDate": "2025-04-25",
    "fiscalDateEnding": "2020-06-30"
  },
  {
    "date": "2020-05-07",
    "symbol": "CBRE",
    "eps": 0.75,
    "epsEstimated": 0.7,
    "time": "bmo",
    "revenue": 5889168000,
    "revenueEstimated": 5653601280,
    "updatedFromDate": "2025-04-25",
    "fiscalDateEnding": "2020-03-31"
  },
  {
    "date": "2020-02-27",
    "symbol": "CBRE",
    "eps": 1.32,
    "epsEstimated": 1.34,
    "time": "bmo",
    "revenue": 7119407000,
    "revenueEstimated": 7281211704,
    "updatedFromDate": "2025-04-25",
    "fiscalDateEnding": "2019-12-31"
  },
  {
    "date": "2019-11-06",
    "symbol": "CBRE",
    "eps": 0.79,
    "epsEstimated": 0.78,
    "time": "bmo",
    "revenue": 5925101000,
    "revenueEstimated": 5850099721,
    "updatedFromDate": "2025-04-25",
    "fiscalDateEnding": "2019-09-30"
  },
  {
    "date": "2019-08-01",
    "symbol": "CBRE",
    "eps": 0.81,
    "epsEstimated": 0.77,
    "time": "bmo",
    "revenue": 5714073000,
    "revenueEstimated": 5431896555,
    "updatedFromDate": "2025-04-25",
    "fiscalDateEnding": "2019-06-30"
  },
  {
    "date": "2019-05-08",
    "symbol": "CBRE",
    "eps": 0.79,
    "epsEstimated": 0.59,
    "time": "bmo",
    "revenue": 5135510000,
    "revenueEstimated": 4030400253,
    "updatedFromDate": "2025-04-25",
    "fiscalDateEnding": "2019-03-31"
  },
  {
    "date": "2019-02-13",
    "symbol": "CBRE",
    "eps": 1.21,
    "epsEstimated": 1.13,
    "time": "bmo",
    "revenue": 6293748000,
    "revenueEstimated": 5877632429,
    "updatedFromDate": "2025-04-25",
    "fiscalDateEnding": "2018-12-31"
  },
  {
    "date": "2018-11-01",
    "symbol": "CBRE",
    "eps": 0.79,
    "epsEstimated": 0.75,
    "time": "bmo",
    "revenue": 5260954000,
    "revenueEstimated": 4994576582,
    "updatedFromDate": "2025-04-25",
    "fiscalDateEnding": "2018-09-30"
  },
  {
    "date": "2018-08-02",
    "symbol": "CBRE",
    "eps": 0.74,
    "epsEstimated": 0.71,
    "time": "bmo",
    "revenue": 5111434000,
    "revenueEstimated": 4904181081,
    "updatedFromDate": "2025-04-25",
    "fiscalDateEnding": "2018-06-30"
  },
  {
    "date": "2018-05-02",
    "symbol": "CBRE",
    "eps": 0.54,
    "epsEstimated": 0.49,
    "time": "bmo",
    "revenue": 4673952000,
    "revenueEstimated": 4241222222,
    "updatedFromDate": "2025-04-25",
    "fiscalDateEnding": "2018-03-31"
  },
  {
    "date": "2018-02-08",
    "symbol": "CBRE",
    "eps": 0.99,
    "epsEstimated": 0.93,
    "time": "bmo",
    "revenue": 4336212000,
    "revenueEstimated": 5166384848,
    "updatedFromDate": "2025-04-25",
    "fiscalDateEnding": "2017-12-31"
  },
  {
    "date": "2017-11-03",
    "symbol": "CBRE",
    "eps": 0.64,
    "epsEstimated": 0.54,
    "time": "bmo",
    "revenue": 3549977000,
    "revenueEstimated": 3913818750,
    "updatedFromDate": "2025-04-25",
    "fiscalDateEnding": "2017-09-30"
  },
  {
    "date": "2017-07-27",
    "symbol": "CBRE",
    "eps": 0.65,
    "epsEstimated": 0.53,
    "time": "bmo",
    "revenue": 3342215000,
    "revenueEstimated": 3619981538,
    "updatedFromDate": "2025-04-25",
    "fiscalDateEnding": "2017-06-30"
  },
  {
    "date": "2017-04-27",
    "symbol": "CBRE",
    "eps": 0.43,
    "epsEstimated": 0.33,
    "time": "bmo",
    "revenue": 2981204000,
    "revenueEstimated": 3108906976,
    "updatedFromDate": "2025-04-25",
    "fiscalDateEnding": "2017-03-31"
  },
  {
    "date": "2017-02-10",
    "symbol": "CBRE",
    "eps": 0.93,
    "epsEstimated": 0.8,
    "time": "bmo",
    "revenue": 3823831000,
    "revenueEstimated": 6986150537,
    "updatedFromDate": "2025-04-25",
    "fiscalDateEnding": "2016-12-31"
  },
  {
    "date": "2016-10-27",
    "symbol": "CBRE",
    "eps": 0.5,
    "epsEstimated": 0.5,
    "time": "bmo",
    "revenue": 3193487000,
    "revenueEstimated": 3193500000,
    "updatedFromDate": "2025-04-25",
    "fiscalDateEnding": "2016-09-30"
  },
  {
    "date": "2016-07-28",
    "symbol": "CBRE",
    "eps": 0.52,
    "epsEstimated": 0.51,
    "time": "bmo",
    "revenue": 3207537000,
    "revenueEstimated": 3145817307,
    "updatedFromDate": "2025-04-25",
    "fiscalDateEnding": "2016-06-30"
  }
]