[
  {
    "date": "2026-04-28",
    "symbol": "CCI",
    "eps": null,
    "epsEstimated": null,
    "time": "amc",
    "revenue": null,
    "revenueEstimated": null,
    "updatedFromDate": "2025-10-02",
    "fiscalDateEnding": "2026-03-30"
  },
  {
    "date": "2025-10-15",
    "symbol": "CCI",
    "eps": null,
    "epsEstimated": 1.04,
    "time": "bmo",
    "revenue": null,
    "revenueEstimated": null,
    "updatedFromDate": "2025-10-02",
    "fiscalDateEnding": "2025-09-30"
  },
  {
    "date": "2025-07-23",
    "symbol": "CCI",
    "eps": 1.02,
    "epsEstimated": 1,
    "time": "amc",
    "revenue": 1060000000,
    "revenueEstimated": 1053772040,
    "updatedFromDate": "2025-10-02",
    "fiscalDateEnding": "2025-06-30"
  },
  {
    "date": "2025-04-30",
    "symbol": "CCI",
    "eps": 1.1,
    "epsEstimated": 1.02,
    "time": "amc",
    "revenue": 1061000000,
    "revenueEstimated": 1040480770,
    "updatedFromDate": "2025-07-30",
    "fiscalDateEnding": "2025-03-31"
  },
  {
    "date": "2025-03-13",
    "symbol": "CCI",
    "eps": 1.8,
    "epsEstimated": 1.82,
    "time": "amc",
    "revenue": 1649000000,
    "revenueEstimated": 1637620970,
    "updatedFromDate": "2025-06-13",
    "fiscalDateEnding": "2024-12-31"
  },
  {
    "date": "2024-10-16",
    "symbol": "CCI",
    "eps": 1.84,
    "epsEstimated": 1.8,
    "time": "amc",
    "revenue": 1652000000,
    "revenueEstimated": 1633560000,
    "updatedFromDate": "2025-04-25",
    "fiscalDateEnding": "2024-09-30"
  },
  {
    "date": "2024-07-17",
    "symbol": "CCI",
    "eps": 1.62,
    "epsEstimated": 1.65,
    "time": "amc",
    "revenue": 1626000000,
    "revenueEstimated": 1614360000,
    "updatedFromDate": "2025-04-25",
    "fiscalDateEnding": "2024-06-30"
  },
  {
    "date": "2024-04-17",
    "symbol": "CCI",
    "eps": 1.72,
    "epsEstimated": 1.71,
    "time": "amc",
    "revenue": 1641000000,
    "revenueEstimated": 1626720000,
    "updatedFromDate": "2025-04-25",
    "fiscalDateEnding": "2024-03-31"
  },
  {
    "date": "2024-01-24",
    "symbol": "CCI",
    "eps": 1.82,
    "epsEstimated": 1.79,
    "time": "amc",
    "revenue": 1674000000,
    "revenueEstimated": 1660360000,
    "updatedFromDate": "2025-04-25",
    "fiscalDateEnding": "2023-12-31"
  },
  {
    "date": "2023-10-18",
    "symbol": "CCI",
    "eps": 1.77,
    "epsEstimated": 1.78,
    "time": "amc",
    "revenue": 1667000000,
    "revenueEstimated": 1680260000,
    "updatedFromDate": "2025-04-25",
    "fiscalDateEnding": "2023-09-30"
  },
  {
    "date": "2023-07-19",
    "symbol": "CCI",
    "eps": 2.05,
    "epsEstimated": 1.99,
    "time": "amc",
    "revenue": 1867000000,
    "revenueEstimated": 1857480000,
    "updatedFromDate": "2025-04-25",
    "fiscalDateEnding": "2023-06-30"
  },
  {
    "date": "2023-04-19",
    "symbol": "CCI",
    "eps": 1.91,
    "epsEstimated": 1.94,
    "time": "amc",
    "revenue": 1773000000,
    "revenueEstimated": 1760990000,
    "updatedFromDate": "2025-04-25",
    "fiscalDateEnding": "2023-03-31"
  },
  {
    "date": "2023-01-25",
    "symbol": "CCI",
    "eps": 1.85,
    "epsEstimated": 1.83,
    "time": "amc",
    "revenue": 1764000000,
    "revenueEstimated": 1744771327,
    "updatedFromDate": "2025-04-25",
    "fiscalDateEnding": "2022-12-31"
  },
  {
    "date": "2022-10-19",
    "symbol": "CCI",
    "eps": 1.85,
    "epsEstimated": 1.83,
    "time": "amc",
    "revenue": 1746000000,
    "revenueEstimated": 1733875928,
    "updatedFromDate": "2025-04-25",
    "fiscalDateEnding": "2022-09-30"
  },
  {
    "date": "2022-07-20",
    "symbol": "CCI",
    "eps": 1.8,
    "epsEstimated": 1.79,
    "time": "amc",
    "revenue": 1734000000,
    "revenueEstimated": 1713209047,
    "updatedFromDate": "2025-04-25",
    "fiscalDateEnding": "2022-06-30"
  },
  {
    "date": "2022-04-20",
    "symbol": "CCI",
    "eps": 1.87,
    "epsEstimated": 1.8,
    "time": "amc",
    "revenue": 1742000000,
    "revenueEstimated": 1694753474,
    "updatedFromDate": "2025-04-25",
    "fiscalDateEnding": "2022-03-31"
  },
  {
    "date": "2022-01-26",
    "symbol": "CCI",
    "eps": 1.77,
    "epsEstimated": 1.71,
    "time": "amc",
    "revenue": 1654000000,
    "revenueEstimated": 1631330000,
    "updatedFromDate": "2025-04-25",
    "fiscalDateEnding": "2021-12-31"
  },
  {
    "date": "2021-10-20",
    "symbol": "CCI",
    "eps": 1.77,
    "epsEstimated": 1.72,
    "time": "amc",
    "revenue": 1618000000,
    "revenueEstimated": 1616530000,
    "updatedFromDate": "2025-04-25",
    "fiscalDateEnding": "2021-09-30"
  },
  {
    "date": "2021-07-21",
    "symbol": "CCI",
    "eps": 1.71,
    "epsEstimated": 1.66,
    "time": "amc",
    "revenue": 1583000000,
    "revenueEstimated": 1616530000,
    "updatedFromDate": "2025-04-25",
    "fiscalDateEnding": "2021-06-30"
  },
  {
    "date": "2021-04-21",
    "symbol": "CCI",
    "eps": 1.71,
    "epsEstimated": 1.61,
    "time": "amc",
    "revenue": 1485000000,
    "revenueEstimated": 1494060000,
    "updatedFromDate": "2025-04-25",
    "fiscalDateEnding": "2021-03-31"
  },
  {
    "date": "2021-01-27",
    "symbol": "CCI",
    "eps": 2.33,
    "epsEstimated": 1.65,
    "time": "amc",
    "revenue": 1493000000,
    "revenueEstimated": 1962228571,
    "updatedFromDate": "2025-04-25",
    "fiscalDateEnding": "2020-12-31"
  },
  {
    "date": "2020-10-21",
    "symbol": "CCI",
    "eps": 1.56,
    "epsEstimated": 1.55,
    "time": "amc",
    "revenue": 1486000000,
    "revenueEstimated": 1864784313,
    "updatedFromDate": "2025-04-25",
    "fiscalDateEnding": "2020-09-30"
  },
  {
    "date": "2020-07-29",
    "symbol": "CCI",
    "eps": 1.45,
    "epsEstimated": 1.48,
    "time": "amc",
    "revenue": 1440000000,
    "revenueEstimated": 1756097560,
    "updatedFromDate": "2025-04-25",
    "fiscalDateEnding": "2020-06-30"
  },
  {
    "date": "2020-04-29",
    "symbol": "CCI",
    "eps": 1.42,
    "epsEstimated": 1.49,
    "time": "amc",
    "revenue": 1421000000,
    "revenueEstimated": 1832342105,
    "updatedFromDate": "2025-04-25",
    "fiscalDateEnding": "2020-03-31"
  },
  {
    "date": "2020-02-26",
    "symbol": "CCI",
    "eps": 1.38,
    "epsEstimated": 1.48,
    "time": "amc",
    "revenue": 1429000000,
    "revenueEstimated": 1591813953,
    "updatedFromDate": "2025-04-25",
    "fiscalDateEnding": "2019-12-31"
  },
  {
    "date": "2019-10-16",
    "symbol": "CCI",
    "eps": 1.55,
    "epsEstimated": 1.48,
    "time": "amc",
    "revenue": 1514000000,
    "revenueEstimated": 1252034482,
    "updatedFromDate": "2025-04-25",
    "fiscalDateEnding": "2019-09-30"
  },
  {
    "date": "2019-07-17",
    "symbol": "CCI",
    "eps": 1.48,
    "epsEstimated": 1.43,
    "time": "amc",
    "revenue": 1478000000,
    "revenueEstimated": 1140903846,
    "updatedFromDate": "2025-04-25",
    "fiscalDateEnding": "2019-06-30"
  },
  {
    "date": "2019-04-17",
    "symbol": "CCI",
    "eps": 1.45,
    "epsEstimated": 1.43,
    "time": "amc",
    "revenue": 1426000000,
    "revenueEstimated": 1280000000,
    "updatedFromDate": "2025-04-25",
    "fiscalDateEnding": "2019-03-31"
  },
  {
    "date": "2019-01-23",
    "symbol": "CCI",
    "eps": 1.42,
    "epsEstimated": 1.44,
    "time": "amc",
    "revenue": 1419000000,
    "revenueEstimated": 1366000000,
    "updatedFromDate": "2025-04-25",
    "fiscalDateEnding": "2018-12-31"
  },
  {
    "date": "2018-10-17",
    "symbol": "CCI",
    "eps": 1.39,
    "epsEstimated": 1.38,
    "time": "amc",
    "revenue": 1375000000,
    "revenueEstimated": 1125000000,
    "updatedFromDate": "2025-04-25",
    "fiscalDateEnding": "2018-09-30"
  },
  {
    "date": "2018-07-18",
    "symbol": "CCI",
    "eps": 1.31,
    "epsEstimated": 1.33,
    "time": "amc",
    "revenue": 1330000000,
    "revenueEstimated": 1145277777,
    "updatedFromDate": "2025-04-25",
    "fiscalDateEnding": "2018-06-30"
  },
  {
    "date": "2018-04-18",
    "symbol": "CCI",
    "eps": 1.36,
    "epsEstimated": 1.34,
    "time": "amc",
    "revenue": 1299000000,
    "revenueEstimated": 1608285714,
    "updatedFromDate": "2025-04-25",
    "fiscalDateEnding": "2018-03-31"
  },
  {
    "date": "2018-01-24",
    "symbol": "CCI",
    "eps": 1.25,
    "epsEstimated": 1.06,
    "time": "amc",
    "revenue": 1238090000,
    "revenueEstimated": 1747905882,
    "updatedFromDate": "2025-04-25",
    "fiscalDateEnding": "2017-12-31"
  },
  {
    "date": "2017-10-18",
    "symbol": "CCI",
    "eps": 1.15,
    "epsEstimated": 1.17,
    "time": "amc",
    "revenue": 1063238000,
    "revenueEstimated": 1215085714,
    "updatedFromDate": "2025-04-25",
    "fiscalDateEnding": "2017-09-30"
  },
  {
    "date": "2017-07-19",
    "symbol": "CCI",
    "eps": 1.2,
    "epsEstimated": 0.28,
    "time": "amc",
    "revenue": 1038335000,
    "revenueEstimated": 937819354,
    "updatedFromDate": "2025-04-25",
    "fiscalDateEnding": "2017-06-30"
  },
  {
    "date": "2017-04-24",
    "symbol": "CCI",
    "eps": 1.24,
    "epsEstimated": 1.23,
    "time": "amc",
    "revenue": 1015942000,
    "revenueEstimated": 861975757,
    "updatedFromDate": "2025-04-25",
    "fiscalDateEnding": "2017-03-31"
  },
  {
    "date": "2017-01-25",
    "symbol": "CCI",
    "eps": 1.15,
    "epsEstimated": 1.06,
    "time": "amc",
    "revenue": 1032416000,
    "revenueEstimated": 796422857,
    "updatedFromDate": "2025-04-25",
    "fiscalDateEnding": "2016-12-31"
  },
  {
    "date": "2016-10-20",
    "symbol": "CCI",
    "eps": 1.09,
    "epsEstimated": 1.19,
    "time": "amc",
    "revenue": 992016000,
    "revenueEstimated": 1030153846,
    "updatedFromDate": "2025-04-25",
    "fiscalDateEnding": "2016-09-30"
  },
  {
    "date": "2016-07-21",
    "symbol": "CCI",
    "eps": 1.16,
    "epsEstimated": 1.15,
    "time": "amc",
    "revenue": 962409000,
    "revenueEstimated": 1137381818,
    "updatedFromDate": "2025-04-25",
    "fiscalDateEnding": "2016-06-30"
  },
  {
    "date": "2016-04-21",
    "symbol": "CCI",
    "eps": 1.18,
    "epsEstimated": 1.14,
    "time": "amc",
    "revenue": 934384000,
    "revenueEstimated": 1868800000,
    "updatedFromDate": "2025-04-25",
    "fiscalDateEnding": "2016-03-31"
  }
]