[
  {
    "date": "2026-03-19",
    "symbol": "CCL",
    "eps": null,
    "epsEstimated": null,
    "time": "bmo",
    "revenue": null,
    "revenueEstimated": null,
    "updatedFromDate": "2025-10-02",
    "fiscalDateEnding": "2026-02-28"
  },
  {
    "date": "2025-12-19",
    "symbol": "CCL",
    "eps": null,
    "epsEstimated": 0.22,
    "time": "bmo",
    "revenue": null,
    "revenueEstimated": 6365467300,
    "updatedFromDate": "2025-10-02",
    "fiscalDateEnding": "2025-11-30"
  },
  {
    "date": "2025-09-29",
    "symbol": "CCL",
    "eps": 1.43,
    "epsEstimated": 1.32,
    "time": "bmo",
    "revenue": 8153000000,
    "revenueEstimated": 8102844537,
    "updatedFromDate": "2025-10-02",
    "fiscalDateEnding": "2025-08-31"
  },
  {
    "date": "2025-06-24",
    "symbol": "CCL",
    "eps": 0.35,
    "epsEstimated": 0.2466,
    "time": "bmo",
    "revenue": 6328000000,
    "revenueEstimated": 6206118332,
    "updatedFromDate": "2025-09-24",
    "fiscalDateEnding": "2025-05-31"
  },
  {
    "date": "2025-03-21",
    "symbol": "CCL",
    "eps": 0.13,
    "epsEstimated": 0.027,
    "time": "bmo",
    "revenue": 5810000000,
    "revenueEstimated": 5746812216,
    "updatedFromDate": "2025-06-21",
    "fiscalDateEnding": "2025-02-28"
  },
  {
    "date": "2024-12-20",
    "symbol": "CCL",
    "eps": 0.14,
    "epsEstimated": 0.06,
    "time": "bmo",
    "revenue": 5938000000,
    "revenueEstimated": 5937892135,
    "updatedFromDate": "2025-04-25",
    "fiscalDateEnding": "2024-11-30"
  },
  {
    "date": "2024-09-30",
    "symbol": "CCL",
    "eps": 1.27,
    "epsEstimated": 1.16,
    "time": "bmo",
    "revenue": 7896000000,
    "revenueEstimated": 7826294893,
    "updatedFromDate": "2025-04-25",
    "fiscalDateEnding": "2024-08-31"
  },
  {
    "date": "2024-06-25",
    "symbol": "CCL",
    "eps": 0.11,
    "epsEstimated": 0.01271,
    "time": "bmo",
    "revenue": 5781000000,
    "revenueEstimated": 5676383001,
    "updatedFromDate": "2025-04-25",
    "fiscalDateEnding": "2024-05-31"
  },
  {
    "date": "2024-03-27",
    "symbol": "CCL",
    "eps": -0.14,
    "epsEstimated": -0.17662,
    "time": "bmo",
    "revenue": 5407000000,
    "revenueEstimated": 5421414296,
    "updatedFromDate": "2025-04-25",
    "fiscalDateEnding": "2024-02-29"
  },
  {
    "date": "2023-12-21",
    "symbol": "CCL",
    "eps": -0.07,
    "epsEstimated": -0.12,
    "time": "bmo",
    "revenue": 5396000000,
    "revenueEstimated": 5435160000,
    "updatedFromDate": "2025-04-25",
    "fiscalDateEnding": "2023-11-30"
  },
  {
    "date": "2023-09-29",
    "symbol": "CCL",
    "eps": 0.86,
    "epsEstimated": 0.75,
    "time": "bmo",
    "revenue": 6854000000,
    "revenueEstimated": 6671310000,
    "updatedFromDate": "2025-04-25",
    "fiscalDateEnding": "2023-08-31"
  },
  {
    "date": "2023-06-26",
    "symbol": "CCL",
    "eps": -0.31,
    "epsEstimated": -0.33,
    "time": "bmo",
    "revenue": 4911000000,
    "revenueEstimated": 6616830000,
    "updatedFromDate": "2025-04-25",
    "fiscalDateEnding": "2023-05-31"
  },
  {
    "date": "2023-03-27",
    "symbol": "CCL",
    "eps": -0.55,
    "epsEstimated": -0.62,
    "time": "bmo",
    "revenue": 4433000000,
    "revenueEstimated": 4332720000,
    "updatedFromDate": "2025-04-25",
    "fiscalDateEnding": "2023-02-28"
  },
  {
    "date": "2022-12-21",
    "symbol": "CCL",
    "eps": -0.85,
    "epsEstimated": -0.89,
    "time": "bmo",
    "revenue": 3839000000,
    "revenueEstimated": 3931120961,
    "updatedFromDate": "2025-04-25",
    "fiscalDateEnding": "2022-11-30"
  },
  {
    "date": "2022-09-30",
    "symbol": "CCL",
    "eps": -0.58,
    "epsEstimated": -0.12,
    "time": "bmo",
    "revenue": 4306000000,
    "revenueEstimated": 5048006829,
    "updatedFromDate": "2025-04-25",
    "fiscalDateEnding": "2022-08-31"
  },
  {
    "date": "2022-06-24",
    "symbol": "CCL",
    "eps": -1.64,
    "epsEstimated": -1.14,
    "time": "bmo",
    "revenue": 2401000000,
    "revenueEstimated": 2720058352,
    "updatedFromDate": "2025-04-25",
    "fiscalDateEnding": "2022-05-31"
  },
  {
    "date": "2022-03-22",
    "symbol": "CCL",
    "eps": -1.65,
    "epsEstimated": -1.23,
    "time": "bmo",
    "revenue": 1623000000,
    "revenueEstimated": 2255673740,
    "updatedFromDate": "2025-04-25",
    "fiscalDateEnding": "2022-02-28"
  },
  {
    "date": "2021-12-20",
    "symbol": "CCL",
    "eps": -1.72,
    "epsEstimated": -1.45,
    "time": "bmo",
    "revenue": 1287000000,
    "revenueEstimated": 2287040000,
    "updatedFromDate": "2025-04-25",
    "fiscalDateEnding": "2021-11-30"
  },
  {
    "date": "2021-09-30",
    "symbol": "CCL",
    "eps": -1.75,
    "epsEstimated": -1.53,
    "time": "bmo",
    "revenue": 546000000,
    "revenueEstimated": 869990000,
    "updatedFromDate": "2025-04-25",
    "fiscalDateEnding": "2021-08-31"
  },
  {
    "date": "2021-06-28",
    "symbol": "CCL",
    "eps": -1.8,
    "epsEstimated": -1.68,
    "time": "bmo",
    "revenue": 49000000,
    "revenueEstimated": 193490000,
    "updatedFromDate": "2025-04-25",
    "fiscalDateEnding": "2021-05-31"
  },
  {
    "date": "2021-04-07",
    "symbol": "CCL",
    "eps": -1.79,
    "epsEstimated": -1.66,
    "time": "bmo",
    "revenue": 26000000,
    "revenueEstimated": 237860000,
    "updatedFromDate": "2025-04-25",
    "fiscalDateEnding": "2021-02-28"
  },
  {
    "date": "2021-01-26",
    "symbol": "CCL",
    "eps": -2.02,
    "epsEstimated": -1.92,
    "time": "bmo",
    "revenue": 33000000,
    "revenueEstimated": 31639175,
    "updatedFromDate": "2025-04-25",
    "fiscalDateEnding": "2020-11-30"
  },
  {
    "date": "2020-10-08",
    "symbol": "CCL",
    "eps": -2.19,
    "epsEstimated": -2.22,
    "time": "bmo",
    "revenue": 31000000,
    "revenueEstimated": 31141552,
    "updatedFromDate": "2025-04-25",
    "fiscalDateEnding": "2020-08-31"
  },
  {
    "date": "2020-07-10",
    "symbol": "CCL",
    "eps": -3.3,
    "epsEstimated": -1.83,
    "time": "bmo",
    "revenue": 740000000,
    "revenueEstimated": 506787878,
    "updatedFromDate": "2025-04-25",
    "fiscalDateEnding": "2020-05-31"
  },
  {
    "date": "2020-04-03",
    "symbol": "CCL",
    "eps": 0.22,
    "epsEstimated": 0.28,
    "time": "bmo",
    "revenue": 4790000000,
    "revenueEstimated": 5877409090,
    "updatedFromDate": "2025-04-25",
    "fiscalDateEnding": "2020-02-29"
  },
  {
    "date": "2019-12-20",
    "symbol": "CCL",
    "eps": 0.62,
    "epsEstimated": 0.5,
    "time": "bmo",
    "revenue": 4781000000,
    "revenueEstimated": 3633560000,
    "updatedFromDate": "2025-04-25",
    "fiscalDateEnding": "2019-11-30"
  },
  {
    "date": "2019-09-26",
    "symbol": "CCL",
    "eps": 2.63,
    "epsEstimated": 2.53,
    "time": "bmo",
    "revenue": 6533000000,
    "revenueEstimated": 6284596958,
    "updatedFromDate": "2025-04-25",
    "fiscalDateEnding": "2019-08-31"
  },
  {
    "date": "2019-06-20",
    "symbol": "CCL",
    "eps": 0.66,
    "epsEstimated": 0.61,
    "time": "bmo",
    "revenue": 4837000000,
    "revenueEstimated": 4471484848,
    "updatedFromDate": "2025-04-25",
    "fiscalDateEnding": "2019-05-31"
  },
  {
    "date": "2019-03-26",
    "symbol": "CCL",
    "eps": 0.49,
    "epsEstimated": 0.44,
    "time": "bmo",
    "revenue": 4673000000,
    "revenueEstimated": 4196163265,
    "updatedFromDate": "2025-04-25",
    "fiscalDateEnding": "2019-02-28"
  },
  {
    "date": "2018-12-20",
    "symbol": "CCL",
    "eps": 0.7,
    "epsEstimated": 0.69,
    "time": "bmo",
    "revenue": 4456000000,
    "revenueEstimated": 4456000000,
    "updatedFromDate": "2025-04-25",
    "fiscalDateEnding": "2018-11-30"
  },
  {
    "date": "2018-09-27",
    "symbol": "CCL",
    "eps": 2.36,
    "epsEstimated": 2.32,
    "time": "bmo",
    "revenue": 5836000000,
    "revenueEstimated": 5737084745,
    "updatedFromDate": "2025-04-25",
    "fiscalDateEnding": "2018-08-31"
  },
  {
    "date": "2018-06-25",
    "symbol": "CCL",
    "eps": 0.68,
    "epsEstimated": 0.6,
    "time": "bmo",
    "revenue": 4357000000,
    "revenueEstimated": 3844411764,
    "updatedFromDate": "2025-04-25",
    "fiscalDateEnding": "2018-05-31"
  },
  {
    "date": "2018-03-22",
    "symbol": "CCL",
    "eps": 0.52,
    "epsEstimated": 0.43,
    "time": "bmo",
    "revenue": 4232000000,
    "revenueEstimated": 3499538461,
    "updatedFromDate": "2025-04-25",
    "fiscalDateEnding": "2018-02-28"
  },
  {
    "date": "2017-12-19",
    "symbol": "CCL",
    "eps": 0.63,
    "epsEstimated": 0.51,
    "time": "bmo",
    "revenue": 4259000000,
    "revenueEstimated": 3256882352,
    "updatedFromDate": "2025-04-25",
    "fiscalDateEnding": "2017-11-30"
  },
  {
    "date": "2017-09-26",
    "symbol": "CCL",
    "eps": 2.29,
    "epsEstimated": 2.2,
    "time": "bmo",
    "revenue": 5515000000,
    "revenueEstimated": 5298253275,
    "updatedFromDate": "2025-04-25",
    "fiscalDateEnding": "2017-08-31"
  },
  {
    "date": "2017-06-22",
    "symbol": "CCL",
    "eps": 0.52,
    "epsEstimated": 0.47,
    "time": "bmo",
    "revenue": 3945000000,
    "revenueEstimated": 3565673076,
    "updatedFromDate": "2025-04-25",
    "fiscalDateEnding": "2017-05-31"
  },
  {
    "date": "2017-03-28",
    "symbol": "CCL",
    "eps": 0.38,
    "epsEstimated": 0.35,
    "time": "bmo",
    "revenue": 3791000000,
    "revenueEstimated": 3491710526,
    "updatedFromDate": "2025-04-25",
    "fiscalDateEnding": "2017-02-28"
  },
  {
    "date": "2016-12-20",
    "symbol": "CCL",
    "eps": 0.67,
    "epsEstimated": 0.58,
    "time": "bmo",
    "revenue": 3935000000,
    "revenueEstimated": 3324396551,
    "updatedFromDate": "2025-04-25",
    "fiscalDateEnding": "2016-11-30"
  },
  {
    "date": "2016-09-26",
    "symbol": "CCL",
    "eps": 1.92,
    "epsEstimated": 1.89,
    "time": "bmo",
    "revenue": 5097000000,
    "revenueEstimated": 5017359375,
    "updatedFromDate": "2025-04-25",
    "fiscalDateEnding": "2016-08-31"
  },
  {
    "date": "2016-06-28",
    "symbol": "CCL",
    "eps": 0.49,
    "epsEstimated": 0.39,
    "time": "bmo",
    "revenue": 3705000000,
    "revenueEstimated": 2948877551,
    "updatedFromDate": "2025-04-25",
    "fiscalDateEnding": "2016-05-31"
  }
]