[
  {
    "date": "2026-04-27",
    "symbol": "CDNS",
    "eps": null,
    "epsEstimated": null,
    "time": "amc",
    "revenue": null,
    "revenueEstimated": null,
    "updatedFromDate": "2025-10-02",
    "fiscalDateEnding": "2026-03-30"
  },
  {
    "date": "2026-02-16",
    "symbol": "CDNS",
    "eps": null,
    "epsEstimated": null,
    "time": "amc",
    "revenue": null,
    "revenueEstimated": null,
    "updatedFromDate": "2025-10-02",
    "fiscalDateEnding": "2025-12-30"
  },
  {
    "date": "2025-10-27",
    "symbol": "CDNS",
    "eps": null,
    "epsEstimated": 1.79,
    "time": "bmo",
    "revenue": null,
    "revenueEstimated": 1323474100,
    "updatedFromDate": "2025-10-02",
    "fiscalDateEnding": "2025-09-30"
  },
  {
    "date": "2025-07-28",
    "symbol": "CDNS",
    "eps": 1.65,
    "epsEstimated": 1.56,
    "time": "amc",
    "revenue": 1275441000,
    "revenueEstimated": 1249960748,
    "updatedFromDate": "2025-10-02",
    "fiscalDateEnding": "2025-06-30"
  },
  {
    "date": "2025-04-28",
    "symbol": "CDNS",
    "eps": 1.57,
    "epsEstimated": 1.49,
    "time": "amc",
    "revenue": 1242366000,
    "revenueEstimated": 1239849406,
    "updatedFromDate": "2025-07-21",
    "fiscalDateEnding": "2025-03-31"
  },
  {
    "date": "2025-02-18",
    "symbol": "CDNS",
    "eps": 1.88,
    "epsEstimated": 1.82,
    "time": "amc",
    "revenue": 1355981000,
    "revenueEstimated": 1345912203,
    "updatedFromDate": "2025-05-18",
    "fiscalDateEnding": "2024-12-31"
  },
  {
    "date": "2024-10-28",
    "symbol": "CDNS",
    "eps": 1.64,
    "epsEstimated": 1.46,
    "time": "amc",
    "revenue": 1215499000,
    "revenueEstimated": 1181212021,
    "updatedFromDate": "2025-04-24",
    "fiscalDateEnding": "2024-09-30"
  },
  {
    "date": "2024-07-22",
    "symbol": "CDNS",
    "eps": 1.28,
    "epsEstimated": 1.23,
    "time": "amc",
    "revenue": 1060681000,
    "revenueEstimated": 1042577722,
    "updatedFromDate": "2025-04-24",
    "fiscalDateEnding": "2024-06-30"
  },
  {
    "date": "2024-04-22",
    "symbol": "CDNS",
    "eps": 1.17,
    "epsEstimated": 1.13,
    "time": "amc",
    "revenue": 1009103000,
    "revenueEstimated": 1002252925,
    "updatedFromDate": "2025-04-24",
    "fiscalDateEnding": "2024-03-31"
  },
  {
    "date": "2024-02-12",
    "symbol": "CDNS",
    "eps": 1.38,
    "epsEstimated": 1.33,
    "time": "amc",
    "revenue": 1068623000,
    "revenueEstimated": 1061000000,
    "updatedFromDate": "2025-04-24",
    "fiscalDateEnding": "2023-12-31"
  },
  {
    "date": "2023-10-23",
    "symbol": "CDNS",
    "eps": 1.26,
    "epsEstimated": 1.21,
    "time": "amc",
    "revenue": 1023094000,
    "revenueEstimated": 1001750000,
    "updatedFromDate": "2025-04-24",
    "fiscalDateEnding": "2023-09-30"
  },
  {
    "date": "2023-07-24",
    "symbol": "CDNS",
    "eps": 1.22,
    "epsEstimated": 1.18,
    "time": "amc",
    "revenue": 976579000,
    "revenueEstimated": 974860000,
    "updatedFromDate": "2025-04-24",
    "fiscalDateEnding": "2023-06-30"
  },
  {
    "date": "2023-04-24",
    "symbol": "CDNS",
    "eps": 1.29,
    "epsEstimated": 1.25,
    "time": "amc",
    "revenue": 1021690000,
    "revenueEstimated": 1008990000,
    "updatedFromDate": "2025-04-24",
    "fiscalDateEnding": "2023-03-31"
  },
  {
    "date": "2023-02-13",
    "symbol": "CDNS",
    "eps": 0.96,
    "epsEstimated": 0.92,
    "time": "amc",
    "revenue": 899877000,
    "revenueEstimated": 884836170,
    "updatedFromDate": "2025-04-24",
    "fiscalDateEnding": "2022-12-31"
  },
  {
    "date": "2022-10-24",
    "symbol": "CDNS",
    "eps": 1.06,
    "epsEstimated": 0.97,
    "time": "amc",
    "revenue": 902554000,
    "revenueEstimated": 871198952,
    "updatedFromDate": "2025-04-24",
    "fiscalDateEnding": "2022-10-01"
  },
  {
    "date": "2022-07-25",
    "symbol": "CDNS",
    "eps": 1.08,
    "epsEstimated": 0.97,
    "time": "amc",
    "revenue": 857521000,
    "revenueEstimated": 834927387,
    "updatedFromDate": "2025-04-24",
    "fiscalDateEnding": "2022-07-02"
  },
  {
    "date": "2022-04-25",
    "symbol": "CDNS",
    "eps": 1.17,
    "epsEstimated": 1.01,
    "time": "amc",
    "revenue": 901766000,
    "revenueEstimated": 857323998,
    "updatedFromDate": "2025-04-24",
    "fiscalDateEnding": "2022-04-02"
  },
  {
    "date": "2022-02-22",
    "symbol": "CDNS",
    "eps": 0.82,
    "epsEstimated": 0.76,
    "time": "amc",
    "revenue": 773036000,
    "revenueEstimated": 757186214,
    "updatedFromDate": "2025-04-24",
    "fiscalDateEnding": "2022-01-01"
  },
  {
    "date": "2021-10-25",
    "symbol": "CDNS",
    "eps": 0.8,
    "epsEstimated": 0.75,
    "time": "amc",
    "revenue": 750895000,
    "revenueEstimated": 744260000,
    "updatedFromDate": "2025-04-24",
    "fiscalDateEnding": "2021-10-02"
  },
  {
    "date": "2021-07-26",
    "symbol": "CDNS",
    "eps": 0.86,
    "epsEstimated": 0.75,
    "time": "amc",
    "revenue": 728285000,
    "revenueEstimated": 742390000,
    "updatedFromDate": "2025-04-24",
    "fiscalDateEnding": "2021-07-03"
  },
  {
    "date": "2021-04-26",
    "symbol": "CDNS",
    "eps": 0.83,
    "epsEstimated": 0.75,
    "time": "amc",
    "revenue": 736028000,
    "revenueEstimated": 732010000,
    "updatedFromDate": "2025-04-24",
    "fiscalDateEnding": "2021-04-03"
  },
  {
    "date": "2021-02-22",
    "symbol": "CDNS",
    "eps": 0.83,
    "epsEstimated": 0.75,
    "time": "amc",
    "revenue": 759909000,
    "revenueEstimated": null,
    "updatedFromDate": "2025-04-24",
    "fiscalDateEnding": "2021-01-02"
  },
  {
    "date": "2020-10-19",
    "symbol": "CDNS",
    "eps": 0.7,
    "epsEstimated": 0.61,
    "time": "amc",
    "revenue": 666607000,
    "revenueEstimated": 549286700,
    "updatedFromDate": "2025-04-24",
    "fiscalDateEnding": "2020-09-26"
  },
  {
    "date": "2020-07-20",
    "symbol": "CDNS",
    "eps": 0.66,
    "epsEstimated": 0.52,
    "time": "amc",
    "revenue": 638418000,
    "revenueEstimated": 502996000,
    "updatedFromDate": "2025-04-24",
    "fiscalDateEnding": "2020-06-27"
  },
  {
    "date": "2020-04-20",
    "symbol": "CDNS",
    "eps": 0.6,
    "epsEstimated": 0.54,
    "time": "amc",
    "revenue": 617957000,
    "revenueEstimated": 556161300,
    "updatedFromDate": "2025-04-24",
    "fiscalDateEnding": "2020-03-28"
  },
  {
    "date": "2020-02-12",
    "symbol": "CDNS",
    "eps": 0.54,
    "epsEstimated": 0.53,
    "time": "amc",
    "revenue": 599555000,
    "revenueEstimated": 588452129,
    "updatedFromDate": "2025-04-24",
    "fiscalDateEnding": "2019-12-28"
  },
  {
    "date": "2019-10-21",
    "symbol": "CDNS",
    "eps": 0.54,
    "epsEstimated": 0.51,
    "time": "amc",
    "revenue": 579603000,
    "revenueEstimated": 547402833,
    "updatedFromDate": "2025-04-24",
    "fiscalDateEnding": "2019-09-28"
  },
  {
    "date": "2019-07-22",
    "symbol": "CDNS",
    "eps": 0.57,
    "epsEstimated": 0.53,
    "time": "amc",
    "revenue": 580419000,
    "revenueEstimated": 539687842,
    "updatedFromDate": "2025-04-24",
    "fiscalDateEnding": "2019-06-29"
  },
  {
    "date": "2019-04-22",
    "symbol": "CDNS",
    "eps": 0.54,
    "epsEstimated": 0.49,
    "time": "amc",
    "revenue": 576742000,
    "revenueEstimated": 523339962,
    "updatedFromDate": "2025-04-24",
    "fiscalDateEnding": "2019-03-30"
  },
  {
    "date": "2019-02-19",
    "symbol": "CDNS",
    "eps": 0.52,
    "epsEstimated": 0.48,
    "time": "amc",
    "revenue": 569850000,
    "revenueEstimated": 515056730,
    "updatedFromDate": "2025-04-24",
    "fiscalDateEnding": "2018-12-29"
  },
  {
    "date": "2018-10-22",
    "symbol": "CDNS",
    "eps": 0.49,
    "epsEstimated": 0.41,
    "time": "amc",
    "revenue": 532468000,
    "revenueEstimated": 445534448,
    "updatedFromDate": "2025-04-24",
    "fiscalDateEnding": "2018-09-29"
  },
  {
    "date": "2018-07-23",
    "symbol": "CDNS",
    "eps": 0.45,
    "epsEstimated": 0.4,
    "time": "amc",
    "revenue": 518391000,
    "revenueEstimated": 460800000,
    "updatedFromDate": "2025-04-24",
    "fiscalDateEnding": "2018-06-30"
  },
  {
    "date": "2018-04-23",
    "symbol": "CDNS",
    "eps": 0.4,
    "epsEstimated": 0.38,
    "time": "amc",
    "revenue": 517313000,
    "revenueEstimated": 478502499,
    "updatedFromDate": "2025-04-24",
    "fiscalDateEnding": "2018-03-31"
  },
  {
    "date": "2018-01-31",
    "symbol": "CDNS",
    "eps": 0.39,
    "epsEstimated": 0.39,
    "time": "amc",
    "revenue": 501722000,
    "revenueEstimated": 501700000,
    "updatedFromDate": "2025-04-24",
    "fiscalDateEnding": "2017-12-30"
  },
  {
    "date": "2017-10-26",
    "symbol": "CDNS",
    "eps": 0.35,
    "epsEstimated": 0.34,
    "time": "amc",
    "revenue": 485398000,
    "revenueEstimated": 471531428,
    "updatedFromDate": "2025-04-24",
    "fiscalDateEnding": "2017-09-30"
  },
  {
    "date": "2017-07-24",
    "symbol": "CDNS",
    "eps": 0.34,
    "epsEstimated": 0.33,
    "time": "amc",
    "revenue": 479001000,
    "revenueEstimated": 450823529,
    "updatedFromDate": "2025-04-24",
    "fiscalDateEnding": "2017-07-01"
  },
  {
    "date": "2017-04-24",
    "symbol": "CDNS",
    "eps": 0.32,
    "epsEstimated": 0.32,
    "time": "amc",
    "revenue": 476911000,
    "revenueEstimated": 476900000,
    "updatedFromDate": "2025-04-24",
    "fiscalDateEnding": "2017-04-01"
  },
  {
    "date": "2017-02-01",
    "symbol": "CDNS",
    "eps": 0.34,
    "epsEstimated": 0.34,
    "time": "amc",
    "revenue": 468980000,
    "revenueEstimated": 455205882,
    "updatedFromDate": "2025-04-24",
    "fiscalDateEnding": "2016-12-31"
  },
  {
    "date": "2016-10-24",
    "symbol": "CDNS",
    "eps": 0.3,
    "epsEstimated": 0.29,
    "time": "amc",
    "revenue": 446220000,
    "revenueEstimated": 416453333,
    "updatedFromDate": "2025-04-24",
    "fiscalDateEnding": "2016-10-01"
  },
  {
    "date": "2016-07-25",
    "symbol": "CDNS",
    "eps": 0.29,
    "epsEstimated": 0.28,
    "time": "amc",
    "revenue": 453021000,
    "revenueEstimated": 437379310,
    "updatedFromDate": "2025-04-24",
    "fiscalDateEnding": "2016-07-02"
  }
]