[
  {
    "date": "2026-05-05",
    "symbol": "CDW",
    "eps": null,
    "epsEstimated": null,
    "time": "bmo",
    "revenue": null,
    "revenueEstimated": null,
    "updatedFromDate": "2025-10-02",
    "fiscalDateEnding": "2026-03-30"
  },
  {
    "date": "2026-02-03",
    "symbol": "CDW",
    "eps": null,
    "epsEstimated": null,
    "time": "bmo",
    "revenue": null,
    "revenueEstimated": null,
    "updatedFromDate": "2025-10-02",
    "fiscalDateEnding": "2025-12-30"
  },
  {
    "date": "2025-10-29",
    "symbol": "CDW",
    "eps": null,
    "epsEstimated": 2.62,
    "time": "bmo",
    "revenue": null,
    "revenueEstimated": null,
    "updatedFromDate": "2025-10-02",
    "fiscalDateEnding": "2025-09-30"
  },
  {
    "date": "2025-08-06",
    "symbol": "CDW",
    "eps": 2.6,
    "epsEstimated": 2.49,
    "time": "bmo",
    "revenue": 5976600000,
    "revenueEstimated": 5512353334,
    "updatedFromDate": "2025-10-02",
    "fiscalDateEnding": "2025-06-30"
  },
  {
    "date": "2025-05-07",
    "symbol": "CDW",
    "eps": 2.15,
    "epsEstimated": 1.96,
    "time": "bmo",
    "revenue": 5199100000,
    "revenueEstimated": 4936350826,
    "updatedFromDate": "2025-08-07",
    "fiscalDateEnding": "2025-03-31"
  },
  {
    "date": "2025-02-05",
    "symbol": "CDW",
    "eps": 2.48,
    "epsEstimated": 2.33,
    "time": "bmo",
    "revenue": 5186000000,
    "revenueEstimated": 4959165575,
    "updatedFromDate": "2025-05-05",
    "fiscalDateEnding": "2024-12-31"
  },
  {
    "date": "2024-10-30",
    "symbol": "CDW",
    "eps": 2.63,
    "epsEstimated": 2.86,
    "time": "bmo",
    "revenue": 5516600000,
    "revenueEstimated": 5719160174,
    "updatedFromDate": "2025-04-25",
    "fiscalDateEnding": "2024-09-30"
  },
  {
    "date": "2024-07-31",
    "symbol": "CDW",
    "eps": 2.5,
    "epsEstimated": 2.53,
    "time": "bmo",
    "revenue": 5423400000,
    "revenueEstimated": 5425110511,
    "updatedFromDate": "2025-04-25",
    "fiscalDateEnding": "2024-06-30"
  },
  {
    "date": "2024-05-01",
    "symbol": "CDW",
    "eps": 1.92,
    "epsEstimated": 2.15,
    "time": "bmo",
    "revenue": 4872700000,
    "revenueEstimated": 5001457000,
    "updatedFromDate": "2025-04-25",
    "fiscalDateEnding": "2024-03-31"
  },
  {
    "date": "2024-02-07",
    "symbol": "CDW",
    "eps": 2.57,
    "epsEstimated": 2.56,
    "time": "bmo",
    "revenue": 5018500000,
    "revenueEstimated": 5323770000,
    "updatedFromDate": "2025-04-25",
    "fiscalDateEnding": "2023-12-31"
  },
  {
    "date": "2023-11-01",
    "symbol": "CDW",
    "eps": 2.72,
    "epsEstimated": 2.6,
    "time": "bmo",
    "revenue": 5628300000,
    "revenueEstimated": 5866880000,
    "updatedFromDate": "2025-04-25",
    "fiscalDateEnding": "2023-09-30"
  },
  {
    "date": "2023-08-02",
    "symbol": "CDW",
    "eps": 2.56,
    "epsEstimated": 2.34,
    "time": "bmo",
    "revenue": 5626100000,
    "revenueEstimated": 5382280000,
    "updatedFromDate": "2025-04-25",
    "fiscalDateEnding": "2023-06-30"
  },
  {
    "date": "2023-05-03",
    "symbol": "CDW",
    "eps": 2.03,
    "epsEstimated": 2.01,
    "time": "bmo",
    "revenue": 5103100000,
    "revenueEstimated": 5099200000,
    "updatedFromDate": "2025-04-25",
    "fiscalDateEnding": "2023-03-31"
  },
  {
    "date": "2023-02-08",
    "symbol": "CDW",
    "eps": 2.5,
    "epsEstimated": 2.48,
    "time": "bmo",
    "revenue": 5438300000,
    "revenueEstimated": 6190803500,
    "updatedFromDate": "2025-04-25",
    "fiscalDateEnding": "2022-12-31"
  },
  {
    "date": "2022-11-02",
    "symbol": "CDW",
    "eps": 2.6,
    "epsEstimated": 2.52,
    "time": "bmo",
    "revenue": 6215500000,
    "revenueEstimated": 6234974256,
    "updatedFromDate": "2025-04-25",
    "fiscalDateEnding": "2022-09-30"
  },
  {
    "date": "2022-08-03",
    "symbol": "CDW",
    "eps": 2.49,
    "epsEstimated": 2.42,
    "time": "bmo",
    "revenue": 6145800000,
    "revenueEstimated": 6178042429,
    "updatedFromDate": "2025-04-25",
    "fiscalDateEnding": "2022-06-30"
  },
  {
    "date": "2022-05-04",
    "symbol": "CDW",
    "eps": 2.2,
    "epsEstimated": 2.01,
    "time": "bmo",
    "revenue": 5949100000,
    "revenueEstimated": 5666131286,
    "updatedFromDate": "2025-04-25",
    "fiscalDateEnding": "2022-03-31"
  },
  {
    "date": "2022-02-09",
    "symbol": "CDW",
    "eps": 2.08,
    "epsEstimated": 1.93,
    "time": "bmo",
    "revenue": 5536900000,
    "revenueEstimated": 5243055429,
    "updatedFromDate": "2025-04-25",
    "fiscalDateEnding": "2021-12-31"
  },
  {
    "date": "2021-11-03",
    "symbol": "CDW",
    "eps": 2.13,
    "epsEstimated": 2.05,
    "time": "bmo",
    "revenue": 5300000000,
    "revenueEstimated": 5352600000,
    "updatedFromDate": "2025-04-25",
    "fiscalDateEnding": "2021-09-30"
  },
  {
    "date": "2021-08-04",
    "symbol": "CDW",
    "eps": 2.02,
    "epsEstimated": 1.8,
    "time": "bmo",
    "revenue": 5146400000,
    "revenueEstimated": 4967490000,
    "updatedFromDate": "2025-04-25",
    "fiscalDateEnding": "2021-06-30"
  },
  {
    "date": "2021-05-05",
    "symbol": "CDW",
    "eps": 1.74,
    "epsEstimated": 1.53,
    "time": "bmo",
    "revenue": 4837500000,
    "revenueEstimated": 4583170000,
    "updatedFromDate": "2025-04-25",
    "fiscalDateEnding": "2021-03-31"
  },
  {
    "date": "2021-02-10",
    "symbol": "CDW",
    "eps": 1.82,
    "epsEstimated": 1.51,
    "time": "bmo",
    "revenue": 4956200000,
    "revenueEstimated": 4360420000,
    "updatedFromDate": "2025-04-25",
    "fiscalDateEnding": "2020-12-31"
  },
  {
    "date": "2020-11-02",
    "symbol": "CDW",
    "eps": 1.83,
    "epsEstimated": 1.5,
    "time": "bmo",
    "revenue": 4756400000,
    "revenueEstimated": 3925174863,
    "updatedFromDate": "2025-04-25",
    "fiscalDateEnding": "2020-09-30"
  },
  {
    "date": "2020-08-05",
    "symbol": "CDW",
    "eps": 1.56,
    "epsEstimated": 1.38,
    "time": "bmo",
    "revenue": 4365700000,
    "revenueEstimated": 3889950641,
    "updatedFromDate": "2025-04-25",
    "fiscalDateEnding": "2020-06-30"
  },
  {
    "date": "2020-05-06",
    "symbol": "CDW",
    "eps": 1.38,
    "epsEstimated": 1.34,
    "time": "bmo",
    "revenue": 4389200000,
    "revenueEstimated": 4261976811,
    "updatedFromDate": "2025-04-25",
    "fiscalDateEnding": "2020-03-31"
  },
  {
    "date": "2020-02-06",
    "symbol": "CDW",
    "eps": 1.57,
    "epsEstimated": 1.48,
    "time": "bmo",
    "revenue": 4536900000,
    "revenueEstimated": 4276822929,
    "updatedFromDate": "2025-04-25",
    "fiscalDateEnding": "2019-12-31"
  },
  {
    "date": "2019-10-31",
    "symbol": "CDW",
    "eps": 1.7,
    "epsEstimated": 1.58,
    "time": "bmo",
    "revenue": 4907700000,
    "revenueEstimated": 4561274117,
    "updatedFromDate": "2025-04-25",
    "fiscalDateEnding": "2019-09-30"
  },
  {
    "date": "2019-07-31",
    "symbol": "CDW",
    "eps": 1.6,
    "epsEstimated": 1.52,
    "time": "bmo",
    "revenue": 4629900000,
    "revenueEstimated": 4398405000,
    "updatedFromDate": "2025-04-25",
    "fiscalDateEnding": "2019-06-30"
  },
  {
    "date": "2019-05-01",
    "symbol": "CDW",
    "eps": 1.24,
    "epsEstimated": 1.11,
    "time": "bmo",
    "revenue": 3957900000,
    "revenueEstimated": 3542958870,
    "updatedFromDate": "2025-04-25",
    "fiscalDateEnding": "2019-03-31"
  },
  {
    "date": "2019-02-07",
    "symbol": "CDW",
    "eps": 1.32,
    "epsEstimated": 1.21,
    "time": "bmo",
    "revenue": 4074800000,
    "revenueEstimated": 3735233333,
    "updatedFromDate": "2025-04-25",
    "fiscalDateEnding": "2018-12-31"
  },
  {
    "date": "2018-10-31",
    "symbol": "CDW",
    "eps": 1.42,
    "epsEstimated": 1.34,
    "time": "bmo",
    "revenue": 4373200000,
    "revenueEstimated": 4126822535,
    "updatedFromDate": "2025-04-25",
    "fiscalDateEnding": "2018-09-30"
  },
  {
    "date": "2018-08-02",
    "symbol": "CDW",
    "eps": 1.38,
    "epsEstimated": 1.28,
    "time": "bmo",
    "revenue": 4186100000,
    "revenueEstimated": 3882759420,
    "updatedFromDate": "2025-04-25",
    "fiscalDateEnding": "2018-06-30"
  },
  {
    "date": "2018-05-02",
    "symbol": "CDW",
    "eps": 1.05,
    "epsEstimated": 0.92,
    "time": "bmo",
    "revenue": 3606400000,
    "revenueEstimated": 3159893333,
    "updatedFromDate": "2025-04-25",
    "fiscalDateEnding": "2018-03-31"
  },
  {
    "date": "2018-02-07",
    "symbol": "CDW",
    "eps": 0.99,
    "epsEstimated": 0.99,
    "time": "bmo",
    "revenue": 3838600000,
    "revenueEstimated": 3752100000,
    "updatedFromDate": "2025-04-25",
    "fiscalDateEnding": "2017-12-31"
  },
  {
    "date": "2017-11-01",
    "symbol": "CDW",
    "eps": 1.08,
    "epsEstimated": 1.07,
    "time": "bmo",
    "revenue": 4033900000,
    "revenueEstimated": 3896781481,
    "updatedFromDate": "2025-04-25",
    "fiscalDateEnding": "2017-09-30"
  },
  {
    "date": "2017-08-03",
    "symbol": "CDW",
    "eps": 1.03,
    "epsEstimated": 1.03,
    "time": "bmo",
    "revenue": 3994400000,
    "revenueEstimated": 3891700000,
    "updatedFromDate": "2025-04-25",
    "fiscalDateEnding": "2017-06-30"
  },
  {
    "date": "2017-05-03",
    "symbol": "CDW",
    "eps": 0.75,
    "epsEstimated": 0.75,
    "time": "bmo",
    "revenue": 3324700000,
    "revenueEstimated": 3256000000,
    "updatedFromDate": "2025-04-25",
    "fiscalDateEnding": "2017-03-31"
  },
  {
    "date": "2017-02-07",
    "symbol": "CDW",
    "eps": 0.86,
    "epsEstimated": 0.79,
    "time": "bmo",
    "revenue": 3492400000,
    "revenueEstimated": 2998130232,
    "updatedFromDate": "2025-04-25",
    "fiscalDateEnding": "2016-12-31"
  },
  {
    "date": "2016-11-02",
    "symbol": "CDW",
    "eps": 0.97,
    "epsEstimated": 0.9,
    "time": "bmo",
    "revenue": 3708200000,
    "revenueEstimated": 3440597938,
    "updatedFromDate": "2025-04-25",
    "fiscalDateEnding": "2016-09-30"
  },
  {
    "date": "2016-08-03",
    "symbol": "CDW",
    "eps": 0.93,
    "epsEstimated": 0.83,
    "time": "bmo",
    "revenue": 3664600000,
    "revenueEstimated": 3349365591,
    "updatedFromDate": "2025-04-25",
    "fiscalDateEnding": "2016-06-30"
  }
]