[
  {
    "date": "2026-02-16",
    "symbol": "CEG",
    "eps": null,
    "epsEstimated": null,
    "time": "bmo",
    "revenue": null,
    "revenueEstimated": null,
    "updatedFromDate": "2025-10-02",
    "fiscalDateEnding": "2025-12-30"
  },
  {
    "date": "2025-11-03",
    "symbol": "CEG",
    "eps": null,
    "epsEstimated": 3.08,
    "time": "bmo",
    "revenue": null,
    "revenueEstimated": 6782633260,
    "updatedFromDate": "2025-10-02",
    "fiscalDateEnding": "2025-09-30"
  },
  {
    "date": "2025-08-07",
    "symbol": "CEG",
    "eps": 1.91,
    "epsEstimated": 1.84,
    "time": "bmo",
    "revenue": 6101000000,
    "revenueEstimated": 4906017368,
    "updatedFromDate": "2025-10-02",
    "fiscalDateEnding": "2025-06-30"
  },
  {
    "date": "2025-05-06",
    "symbol": "CEG",
    "eps": 2.14,
    "epsEstimated": 2.18,
    "time": "bmo",
    "revenue": 6788000000,
    "revenueEstimated": 5560735010,
    "updatedFromDate": "2025-08-27",
    "fiscalDateEnding": "2025-03-31"
  },
  {
    "date": "2025-02-18",
    "symbol": "CEG",
    "eps": 2.44,
    "epsEstimated": 2.16,
    "time": "bmo",
    "revenue": 5382000000,
    "revenueEstimated": 6564139830,
    "updatedFromDate": "2025-08-27",
    "fiscalDateEnding": "2024-12-31"
  },
  {
    "date": "2024-11-04",
    "symbol": "CEG",
    "eps": 2.74,
    "epsEstimated": 2.66,
    "time": "bmo",
    "revenue": 6550000000,
    "revenueEstimated": 5713829536,
    "updatedFromDate": "2025-08-27",
    "fiscalDateEnding": "2024-09-30"
  },
  {
    "date": "2024-08-06",
    "symbol": "CEG",
    "eps": 1.68,
    "epsEstimated": 1.71,
    "time": "bmo",
    "revenue": 5475000000,
    "revenueEstimated": 5550188982,
    "updatedFromDate": "2025-08-27",
    "fiscalDateEnding": "2024-06-30"
  },
  {
    "date": "2024-05-09",
    "symbol": "CEG",
    "eps": 1.82,
    "epsEstimated": 1.3,
    "time": "bmo",
    "revenue": 6161000000,
    "revenueEstimated": 6620790319,
    "updatedFromDate": "2025-08-27",
    "fiscalDateEnding": "2024-03-31"
  },
  {
    "date": "2024-02-27",
    "symbol": "CEG",
    "eps": -0.11,
    "epsEstimated": 1.8,
    "time": "bmo",
    "revenue": 5796000000,
    "revenueEstimated": 7741100613,
    "updatedFromDate": "2025-08-27",
    "fiscalDateEnding": "2023-12-31"
  },
  {
    "date": "2023-11-06",
    "symbol": "CEG",
    "eps": 2.26,
    "epsEstimated": 1.42,
    "time": "bmo",
    "revenue": 6111000000,
    "revenueEstimated": 6703000000,
    "updatedFromDate": "2025-08-27",
    "fiscalDateEnding": "2023-09-30"
  },
  {
    "date": "2023-08-03",
    "symbol": "CEG",
    "eps": 2.56,
    "epsEstimated": 0.73,
    "time": "bmo",
    "revenue": 5446000000,
    "revenueEstimated": 6690110000,
    "updatedFromDate": "2025-08-27",
    "fiscalDateEnding": "2023-06-30"
  },
  {
    "date": "2023-05-04",
    "symbol": "CEG",
    "eps": 0.29,
    "epsEstimated": 0.88,
    "time": "bmo",
    "revenue": 7565000000,
    "revenueEstimated": 4536310000,
    "updatedFromDate": "2025-08-27",
    "fiscalDateEnding": "2023-03-31"
  },
  {
    "date": "2023-02-16",
    "symbol": "CEG",
    "eps": 0.1,
    "epsEstimated": 1.24,
    "time": "bmo",
    "revenue": 7333000000,
    "revenueEstimated": 5881530000,
    "updatedFromDate": "2025-08-27",
    "fiscalDateEnding": "2022-12-31"
  },
  {
    "date": "2022-11-08",
    "symbol": "CEG",
    "eps": -0.57,
    "epsEstimated": 0.76,
    "time": "bmo",
    "revenue": 6051000000,
    "revenueEstimated": 3919987178,
    "updatedFromDate": "2025-08-27",
    "fiscalDateEnding": "2022-09-30"
  },
  {
    "date": "2022-08-04",
    "symbol": "CEG",
    "eps": -0.34,
    "epsEstimated": 0.64,
    "time": "bmo",
    "revenue": 5465000000,
    "revenueEstimated": 3642530782,
    "updatedFromDate": "2025-08-27",
    "fiscalDateEnding": "2022-06-30"
  },
  {
    "date": "2022-05-12",
    "symbol": "CEG",
    "eps": 0.32,
    "epsEstimated": 0.7,
    "time": "bmo",
    "revenue": 5591000000,
    "revenueEstimated": 4892549128,
    "updatedFromDate": "2025-08-27",
    "fiscalDateEnding": "2022-03-31"
  },
  {
    "date": "2022-02-25",
    "symbol": "CEG",
    "eps": 0.13,
    "epsEstimated": 1.19,
    "time": "bmo",
    "revenue": 5532000000,
    "revenueEstimated": 2264541716,
    "updatedFromDate": "2025-08-27",
    "fiscalDateEnding": "2021-12-31"
  },
  {
    "date": "2021-09-29",
    "symbol": "CEG",
    "eps": 1.86,
    "epsEstimated": null,
    "time": "bmo",
    "revenue": 4406000000,
    "revenueEstimated": null,
    "updatedFromDate": "2025-08-27",
    "fiscalDateEnding": "2021-09-30"
  },
  {
    "date": "2021-06-30",
    "symbol": "CEG",
    "eps": -0.18694,
    "epsEstimated": null,
    "time": "bmo",
    "revenue": 4153000000,
    "revenueEstimated": null,
    "updatedFromDate": "2025-08-27",
    "fiscalDateEnding": "2021-06-30"
  },
  {
    "date": "2021-03-31",
    "symbol": "CEG",
    "eps": -2.43028,
    "epsEstimated": null,
    "time": "bmo",
    "revenue": 5559000000,
    "revenueEstimated": null,
    "updatedFromDate": "2025-08-27",
    "fiscalDateEnding": "2021-03-31"
  },
  {
    "date": "2020-12-30",
    "symbol": "CEG",
    "eps": 0.05816,
    "epsEstimated": null,
    "time": "bmo",
    "revenue": 4331000000,
    "revenueEstimated": null,
    "updatedFromDate": "2025-08-27",
    "fiscalDateEnding": "2020-12-31"
  },
  {
    "date": "2020-09-29",
    "symbol": "CEG",
    "eps": 0.1502,
    "epsEstimated": null,
    "time": "bmo",
    "revenue": 4659000000,
    "revenueEstimated": null,
    "updatedFromDate": "2025-08-27",
    "fiscalDateEnding": "2020-09-30"
  },
  {
    "date": "2020-06-29",
    "symbol": "CEG",
    "eps": 1.46,
    "epsEstimated": null,
    "time": "bmo",
    "revenue": 3880000000,
    "revenueEstimated": null,
    "updatedFromDate": "2025-08-27",
    "fiscalDateEnding": "2020-06-30"
  },
  {
    "date": "2020-03-30",
    "symbol": "CEG",
    "eps": 0.1379,
    "epsEstimated": null,
    "time": "bmo",
    "revenue": 4733000000,
    "revenueEstimated": null,
    "updatedFromDate": "2025-08-27",
    "fiscalDateEnding": "2020-03-31"
  },
  {
    "date": "2019-12-30",
    "symbol": "CEG",
    "eps": 1.22,
    "epsEstimated": null,
    "time": "bmo",
    "revenue": 4644000000,
    "revenueEstimated": null,
    "updatedFromDate": "2025-08-27",
    "fiscalDateEnding": "2019-12-31"
  },
  {
    "date": "2019-09-29",
    "symbol": "CEG",
    "eps": 0.787,
    "epsEstimated": null,
    "time": "bmo",
    "revenue": 4774000000,
    "revenueEstimated": null,
    "updatedFromDate": "2025-08-27",
    "fiscalDateEnding": "2019-09-30"
  },
  {
    "date": "2019-06-29",
    "symbol": "CEG",
    "eps": 0.3306,
    "epsEstimated": null,
    "time": "bmo",
    "revenue": 4210000000,
    "revenueEstimated": null,
    "updatedFromDate": "2025-08-27",
    "fiscalDateEnding": "2019-06-30"
  },
  {
    "date": "2019-03-30",
    "symbol": "CEG",
    "eps": 1.11,
    "epsEstimated": null,
    "time": "bmo",
    "revenue": 5296000000,
    "revenueEstimated": null,
    "updatedFromDate": "2025-08-27",
    "fiscalDateEnding": "2019-03-31"
  },
  {
    "date": "2018-12-30",
    "symbol": "CEG",
    "eps": -0.54245,
    "epsEstimated": null,
    "time": "bmo",
    "revenue": 5069000000,
    "revenueEstimated": null,
    "updatedFromDate": "2025-08-27",
    "fiscalDateEnding": "2018-12-31"
  },
  {
    "date": "2018-09-29",
    "symbol": "CEG",
    "eps": 0.717,
    "epsEstimated": null,
    "time": "bmo",
    "revenue": 5278000000,
    "revenueEstimated": null,
    "updatedFromDate": "2025-08-27",
    "fiscalDateEnding": "2018-09-30"
  },
  {
    "date": "2018-06-29",
    "symbol": "CEG",
    "eps": 0.546,
    "epsEstimated": null,
    "time": "bmo",
    "revenue": 4579000000,
    "revenueEstimated": null,
    "updatedFromDate": "2025-08-27",
    "fiscalDateEnding": "2018-06-30"
  },
  {
    "date": "2018-03-30",
    "symbol": "CEG",
    "eps": 0.4168,
    "epsEstimated": null,
    "time": "bmo",
    "revenue": 5512000000,
    "revenueEstimated": null,
    "updatedFromDate": "2025-08-27",
    "fiscalDateEnding": "2018-03-31"
  },
  {
    "date": "2017-12-30",
    "symbol": "CEG",
    "eps": 6.81,
    "epsEstimated": null,
    "time": "bmo",
    "revenue": 4657000000,
    "revenueEstimated": null,
    "updatedFromDate": "2025-08-27",
    "fiscalDateEnding": "2017-12-31"
  },
  {
    "date": "2017-09-29",
    "symbol": "CEG",
    "eps": 0.932,
    "epsEstimated": null,
    "time": "bmo",
    "revenue": 4750000000,
    "revenueEstimated": null,
    "updatedFromDate": "2025-08-27",
    "fiscalDateEnding": "2017-09-30"
  },
  {
    "date": "2017-06-29",
    "symbol": "CEG",
    "eps": -0.7202,
    "epsEstimated": null,
    "time": "bmo",
    "revenue": 4216000000,
    "revenueEstimated": null,
    "updatedFromDate": "2025-08-27",
    "fiscalDateEnding": "2017-06-30"
  },
  {
    "date": "2017-03-30",
    "symbol": "CEG",
    "eps": 1.28,
    "epsEstimated": null,
    "time": "bmo",
    "revenue": 4878000000,
    "revenueEstimated": null,
    "updatedFromDate": "2025-08-27",
    "fiscalDateEnding": "2017-03-31"
  },
  {
    "date": "2016-12-30",
    "symbol": "CEG",
    "eps": -0.12872,
    "epsEstimated": null,
    "time": "bmo",
    "revenue": 4388000000,
    "revenueEstimated": null,
    "updatedFromDate": "2025-08-27",
    "fiscalDateEnding": "2016-12-31"
  },
  {
    "date": "2016-09-29",
    "symbol": "CEG",
    "eps": 0.723,
    "epsEstimated": null,
    "time": "bmo",
    "revenue": 5035000000,
    "revenueEstimated": null,
    "updatedFromDate": "2025-08-27",
    "fiscalDateEnding": "2016-09-30"
  },
  {
    "date": "2016-06-29",
    "symbol": "CEG",
    "eps": -0.02452,
    "epsEstimated": null,
    "time": "bmo",
    "revenue": 3589000000,
    "revenueEstimated": null,
    "updatedFromDate": "2025-08-27",
    "fiscalDateEnding": "2016-06-30"
  },
  {
    "date": "2016-03-30",
    "symbol": "CEG",
    "eps": 0.95,
    "epsEstimated": null,
    "time": "bmo",
    "revenue": 4739000000,
    "revenueEstimated": null,
    "updatedFromDate": "2025-08-27",
    "fiscalDateEnding": "2016-03-31"
  }
]