[
  {
    "date": "2026-05-05",
    "symbol": "CF",
    "eps": null,
    "epsEstimated": null,
    "time": "amc",
    "revenue": null,
    "revenueEstimated": null,
    "updatedFromDate": "2025-10-02",
    "fiscalDateEnding": "2026-03-30"
  },
  {
    "date": "2026-02-17",
    "symbol": "CF",
    "eps": null,
    "epsEstimated": null,
    "time": "amc",
    "revenue": null,
    "revenueEstimated": null,
    "updatedFromDate": "2025-10-02",
    "fiscalDateEnding": "2025-12-30"
  },
  {
    "date": "2025-11-05",
    "symbol": "CF",
    "eps": null,
    "epsEstimated": 1.74,
    "time": "amc",
    "revenue": null,
    "revenueEstimated": 1590866620,
    "updatedFromDate": "2025-10-02",
    "fiscalDateEnding": "2025-09-30"
  },
  {
    "date": "2025-08-06",
    "symbol": "CF",
    "eps": 2.37,
    "epsEstimated": 2.5,
    "time": "amc",
    "revenue": 1890000000,
    "revenueEstimated": 1803740654,
    "updatedFromDate": "2025-10-02",
    "fiscalDateEnding": "2025-06-30"
  },
  {
    "date": "2025-05-07",
    "symbol": "CF",
    "eps": 1.85,
    "epsEstimated": 1.48,
    "time": "amc",
    "revenue": 1663000000,
    "revenueEstimated": 1541109590,
    "updatedFromDate": "2025-08-07",
    "fiscalDateEnding": "2025-03-31"
  },
  {
    "date": "2025-02-19",
    "symbol": "CF",
    "eps": 1.89,
    "epsEstimated": 1.54,
    "time": "amc",
    "revenue": 1524000000,
    "revenueEstimated": 1501827748,
    "updatedFromDate": "2025-05-19",
    "fiscalDateEnding": "2024-12-31"
  },
  {
    "date": "2024-10-30",
    "symbol": "CF",
    "eps": 1.34,
    "epsEstimated": 1.18,
    "time": "amc",
    "revenue": 1370000000,
    "revenueEstimated": 1283590019,
    "updatedFromDate": "2025-04-25",
    "fiscalDateEnding": "2024-09-30"
  },
  {
    "date": "2024-08-07",
    "symbol": "CF",
    "eps": 2.3,
    "epsEstimated": 1.84,
    "time": "amc",
    "revenue": 1572000000,
    "revenueEstimated": 1515128370,
    "updatedFromDate": "2025-04-25",
    "fiscalDateEnding": "2024-06-30"
  },
  {
    "date": "2024-05-01",
    "symbol": "CF",
    "eps": 0.9,
    "epsEstimated": 1.52,
    "time": "amc",
    "revenue": 1470000000,
    "revenueEstimated": 1455819028,
    "updatedFromDate": "2025-04-25",
    "fiscalDateEnding": "2024-03-31"
  },
  {
    "date": "2024-02-14",
    "symbol": "CF",
    "eps": 1.58,
    "epsEstimated": 1.57,
    "time": "amc",
    "revenue": 1571000000,
    "revenueEstimated": 1642680000,
    "updatedFromDate": "2025-04-25",
    "fiscalDateEnding": "2023-12-31"
  },
  {
    "date": "2023-11-01",
    "symbol": "CF",
    "eps": 0.85,
    "epsEstimated": 0.94,
    "time": "amc",
    "revenue": 1273000000,
    "revenueEstimated": 1300920000,
    "updatedFromDate": "2025-04-25",
    "fiscalDateEnding": "2023-09-30"
  },
  {
    "date": "2023-08-02",
    "symbol": "CF",
    "eps": 2.71,
    "epsEstimated": 2.25,
    "time": "amc",
    "revenue": 1775000000,
    "revenueEstimated": 1358000000,
    "updatedFromDate": "2025-04-25",
    "fiscalDateEnding": "2023-06-30"
  },
  {
    "date": "2023-05-01",
    "symbol": "CF",
    "eps": 2.9,
    "epsEstimated": 2.52,
    "time": "amc",
    "revenue": 2012000000,
    "revenueEstimated": 1995490000,
    "updatedFromDate": "2025-04-25",
    "fiscalDateEnding": "2023-03-31"
  },
  {
    "date": "2023-02-15",
    "symbol": "CF",
    "eps": 4.28,
    "epsEstimated": 4.3,
    "time": "amc",
    "revenue": 2608000000,
    "revenueEstimated": 2827266478,
    "updatedFromDate": "2025-04-25",
    "fiscalDateEnding": "2022-12-31"
  },
  {
    "date": "2022-11-02",
    "symbol": "CF",
    "eps": 2.27,
    "epsEstimated": 3.33,
    "time": "amc",
    "revenue": 2321000000,
    "revenueEstimated": 2365610059,
    "updatedFromDate": "2025-04-25",
    "fiscalDateEnding": "2022-09-30"
  },
  {
    "date": "2022-08-01",
    "symbol": "CF",
    "eps": 6.19,
    "epsEstimated": 6.03,
    "time": "amc",
    "revenue": 3389000000,
    "revenueEstimated": 3532987233,
    "updatedFromDate": "2025-04-25",
    "fiscalDateEnding": "2022-06-30"
  },
  {
    "date": "2022-05-04",
    "symbol": "CF",
    "eps": 4.21,
    "epsEstimated": 4.35,
    "time": "amc",
    "revenue": 2868000000,
    "revenueEstimated": 2599514054,
    "updatedFromDate": "2025-04-25",
    "fiscalDateEnding": "2022-03-31"
  },
  {
    "date": "2022-02-15",
    "symbol": "CF",
    "eps": 3.27,
    "epsEstimated": 3.55,
    "time": "amc",
    "revenue": 2540000000,
    "revenueEstimated": 2564056500,
    "updatedFromDate": "2025-04-25",
    "fiscalDateEnding": "2021-12-31"
  },
  {
    "date": "2021-11-03",
    "symbol": "CF",
    "eps": 0.96,
    "epsEstimated": 0.97,
    "time": "amc",
    "revenue": 1362000000,
    "revenueEstimated": 1376041237,
    "updatedFromDate": "2025-04-25",
    "fiscalDateEnding": "2021-09-30"
  },
  {
    "date": "2021-08-09",
    "symbol": "CF",
    "eps": 1.15,
    "epsEstimated": 1.57,
    "time": "amc",
    "revenue": 1588000000,
    "revenueEstimated": 1588000000,
    "updatedFromDate": "2025-04-25",
    "fiscalDateEnding": "2021-06-30"
  },
  {
    "date": "2021-05-05",
    "symbol": "CF",
    "eps": 0.73,
    "epsEstimated": 0.6,
    "time": "amc",
    "revenue": 1048000000,
    "revenueEstimated": 1075100000,
    "updatedFromDate": "2025-04-25",
    "fiscalDateEnding": "2021-03-31"
  },
  {
    "date": "2021-02-17",
    "symbol": "CF",
    "eps": 0.4,
    "epsEstimated": 0.11,
    "time": "amc",
    "revenue": 1102000000,
    "revenueEstimated": 999640000,
    "updatedFromDate": "2025-04-25",
    "fiscalDateEnding": "2020-12-31"
  },
  {
    "date": "2020-11-04",
    "symbol": "CF",
    "eps": -0.13,
    "epsEstimated": 0.05,
    "time": "amc",
    "revenue": 847000000,
    "revenueEstimated": 456076923,
    "updatedFromDate": "2025-04-25",
    "fiscalDateEnding": "2020-09-30"
  },
  {
    "date": "2020-08-05",
    "symbol": "CF",
    "eps": 0.89,
    "epsEstimated": 0.65,
    "time": "amc",
    "revenue": 1204000000,
    "revenueEstimated": 879325842,
    "updatedFromDate": "2025-04-25",
    "fiscalDateEnding": "2020-06-30"
  },
  {
    "date": "2020-05-06",
    "symbol": "CF",
    "eps": 0.31,
    "epsEstimated": 0.25,
    "time": "amc",
    "revenue": 971000000,
    "revenueEstimated": 783064516,
    "updatedFromDate": "2025-04-25",
    "fiscalDateEnding": "2020-03-31"
  },
  {
    "date": "2020-02-12",
    "symbol": "CF",
    "eps": 0.25,
    "epsEstimated": 0.26,
    "time": "amc",
    "revenue": 1049000000,
    "revenueEstimated": 826484848,
    "updatedFromDate": "2025-04-25",
    "fiscalDateEnding": "2019-12-31"
  },
  {
    "date": "2019-10-30",
    "symbol": "CF",
    "eps": 0.37,
    "epsEstimated": 0.35,
    "time": "amc",
    "revenue": 1038000000,
    "revenueEstimated": 1252758620,
    "updatedFromDate": "2025-04-25",
    "fiscalDateEnding": "2019-09-30"
  },
  {
    "date": "2019-07-31",
    "symbol": "CF",
    "eps": 1.12,
    "epsEstimated": 0.86,
    "time": "amc",
    "revenue": 1502000000,
    "revenueEstimated": 1009156250,
    "updatedFromDate": "2025-04-25",
    "fiscalDateEnding": "2019-06-30"
  },
  {
    "date": "2019-05-01",
    "symbol": "CF",
    "eps": 0.27,
    "epsEstimated": 0.28,
    "time": "amc",
    "revenue": 1001000000,
    "revenueEstimated": 875874999,
    "updatedFromDate": "2025-04-25",
    "fiscalDateEnding": "2019-03-31"
  },
  {
    "date": "2019-02-13",
    "symbol": "CF",
    "eps": 0.21,
    "epsEstimated": 0.45,
    "time": "amc",
    "revenue": 1132000000,
    "revenueEstimated": 2425714285,
    "updatedFromDate": "2025-04-25",
    "fiscalDateEnding": "2018-12-31"
  },
  {
    "date": "2018-10-31",
    "symbol": "CF",
    "eps": 0.13,
    "epsEstimated": 0.14,
    "time": "amc",
    "revenue": 1040000000,
    "revenueEstimated": 1120000000,
    "updatedFromDate": "2025-04-25",
    "fiscalDateEnding": "2018-09-30"
  },
  {
    "date": "2018-08-01",
    "symbol": "CF",
    "eps": 0.63,
    "epsEstimated": 0.45,
    "time": "amc",
    "revenue": 1300000000,
    "revenueEstimated": 928571428,
    "updatedFromDate": "2025-04-25",
    "fiscalDateEnding": "2018-06-30"
  },
  {
    "date": "2018-05-02",
    "symbol": "CF",
    "eps": 0.24,
    "epsEstimated": 0.26,
    "time": "amc",
    "revenue": 957000000,
    "revenueEstimated": 921555555,
    "updatedFromDate": "2025-04-25",
    "fiscalDateEnding": "2018-03-31"
  },
  {
    "date": "2018-02-14",
    "symbol": "CF",
    "eps": -0.02,
    "epsEstimated": -0.11,
    "time": "amc",
    "revenue": 1099000000,
    "revenueEstimated": 4396000000,
    "updatedFromDate": "2025-04-25",
    "fiscalDateEnding": "2017-12-31"
  },
  {
    "date": "2017-11-01",
    "symbol": "CF",
    "eps": -0.39,
    "epsEstimated": -0.55,
    "time": "amc",
    "revenue": 870000000,
    "revenueEstimated": 1204615384,
    "updatedFromDate": "2025-04-25",
    "fiscalDateEnding": "2017-09-30"
  },
  {
    "date": "2017-08-02",
    "symbol": "CF",
    "eps": 0.1,
    "epsEstimated": -0.08,
    "time": "amc",
    "revenue": 1124000000,
    "revenueEstimated": 449600000,
    "updatedFromDate": "2025-04-25",
    "fiscalDateEnding": "2017-06-30"
  },
  {
    "date": "2017-05-03",
    "symbol": "CF",
    "eps": 0.05,
    "epsEstimated": 0.09,
    "time": "amc",
    "revenue": 1037000000,
    "revenueEstimated": 414800000,
    "updatedFromDate": "2025-04-25",
    "fiscalDateEnding": "2017-03-31"
  },
  {
    "date": "2017-02-15",
    "symbol": "CF",
    "eps": -0.39,
    "epsEstimated": -0.06,
    "time": "amc",
    "revenue": 867000000,
    "revenueEstimated": 111153846,
    "updatedFromDate": "2025-04-25",
    "fiscalDateEnding": "2016-12-31"
  },
  {
    "date": "2016-11-02",
    "symbol": "CF",
    "eps": 0.13,
    "epsEstimated": 0.05,
    "time": "amc",
    "revenue": 680000000,
    "revenueEstimated": 104615384,
    "updatedFromDate": "2025-04-25",
    "fiscalDateEnding": "2016-09-30"
  },
  {
    "date": "2016-08-03",
    "symbol": "CF",
    "eps": 0.33,
    "epsEstimated": 0.68,
    "time": "amc",
    "revenue": 1134000000,
    "revenueEstimated": 2336727272,
    "updatedFromDate": "2025-04-25",
    "fiscalDateEnding": "2016-06-30"
  }
]