[
  {
    "date": "2026-04-29",
    "symbol": "CHD",
    "eps": null,
    "epsEstimated": null,
    "time": "bmo",
    "revenue": null,
    "revenueEstimated": null,
    "updatedFromDate": "2025-10-02",
    "fiscalDateEnding": "2026-03-30"
  },
  {
    "date": "2026-01-29",
    "symbol": "CHD",
    "eps": null,
    "epsEstimated": null,
    "time": "bmo",
    "revenue": null,
    "revenueEstimated": null,
    "updatedFromDate": "2025-10-02",
    "fiscalDateEnding": "2025-12-30"
  },
  {
    "date": "2025-10-31",
    "symbol": "CHD",
    "eps": null,
    "epsEstimated": 0.75,
    "time": "bmo",
    "revenue": null,
    "revenueEstimated": 1537225060,
    "updatedFromDate": "2025-10-02",
    "fiscalDateEnding": "2025-09-30"
  },
  {
    "date": "2025-08-01",
    "symbol": "CHD",
    "eps": 0.94,
    "epsEstimated": 0.857,
    "time": "bmo",
    "revenue": 1506300000,
    "revenueEstimated": 1487228617,
    "updatedFromDate": "2025-10-02",
    "fiscalDateEnding": "2025-06-30"
  },
  {
    "date": "2025-05-01",
    "symbol": "CHD",
    "eps": 0.91,
    "epsEstimated": 0.896,
    "time": "bmo",
    "revenue": 1467100000,
    "revenueEstimated": 1510920619,
    "updatedFromDate": "2025-08-01",
    "fiscalDateEnding": "2025-03-31"
  },
  {
    "date": "2025-01-31",
    "symbol": "CHD",
    "eps": 0.77,
    "epsEstimated": 0.77,
    "time": "bmo",
    "revenue": 1582000000,
    "revenueEstimated": 1564841976,
    "updatedFromDate": "2025-05-01",
    "fiscalDateEnding": "2024-12-31"
  },
  {
    "date": "2024-11-01",
    "symbol": "CHD",
    "eps": 0.79,
    "epsEstimated": 0.682,
    "time": "bmo",
    "revenue": 1510600000,
    "revenueEstimated": 1495132848,
    "updatedFromDate": "2025-04-25",
    "fiscalDateEnding": "2024-09-30"
  },
  {
    "date": "2024-08-02",
    "symbol": "CHD",
    "eps": 0.93,
    "epsEstimated": 0.84,
    "time": "bmo",
    "revenue": 1511200000,
    "revenueEstimated": 1511206786,
    "updatedFromDate": "2025-04-25",
    "fiscalDateEnding": "2024-06-30"
  },
  {
    "date": "2024-05-02",
    "symbol": "CHD",
    "eps": 0.96,
    "epsEstimated": 0.87,
    "time": "bmo",
    "revenue": 1503300000,
    "revenueEstimated": 1493723796,
    "updatedFromDate": "2025-04-25",
    "fiscalDateEnding": "2024-03-31"
  },
  {
    "date": "2024-02-02",
    "symbol": "CHD",
    "eps": 0.65,
    "epsEstimated": 0.65,
    "time": "bmo",
    "revenue": 1528000000,
    "revenueEstimated": 1512125805,
    "updatedFromDate": "2025-04-25",
    "fiscalDateEnding": "2023-12-31"
  },
  {
    "date": "2023-11-03",
    "symbol": "CHD",
    "eps": 0.74,
    "epsEstimated": 0.69,
    "time": "bmo",
    "revenue": 1455900000,
    "revenueEstimated": 1431130000,
    "updatedFromDate": "2025-04-25",
    "fiscalDateEnding": "2023-09-30"
  },
  {
    "date": "2023-07-28",
    "symbol": "CHD",
    "eps": 0.89,
    "epsEstimated": 0.79,
    "time": "bmo",
    "revenue": 1454200000,
    "revenueEstimated": 1422020000,
    "updatedFromDate": "2025-04-25",
    "fiscalDateEnding": "2023-06-30"
  },
  {
    "date": "2023-04-27",
    "symbol": "CHD",
    "eps": 0.82,
    "epsEstimated": 0.78,
    "time": "bmo",
    "revenue": 1429800000,
    "revenueEstimated": 1352950000,
    "updatedFromDate": "2025-04-25",
    "fiscalDateEnding": "2023-03-31"
  },
  {
    "date": "2023-02-03",
    "symbol": "CHD",
    "eps": 0.62,
    "epsEstimated": 0.6,
    "time": "bmo",
    "revenue": 1436000000,
    "revenueEstimated": 1398627198,
    "updatedFromDate": "2025-04-25",
    "fiscalDateEnding": "2022-12-31"
  },
  {
    "date": "2022-10-28",
    "symbol": "CHD",
    "eps": 0.76,
    "epsEstimated": 0.65,
    "time": "bmo",
    "revenue": 1317300000,
    "revenueEstimated": 1305035594,
    "updatedFromDate": "2025-04-25",
    "fiscalDateEnding": "2022-09-30"
  },
  {
    "date": "2022-07-29",
    "symbol": "CHD",
    "eps": 0.76,
    "epsEstimated": 0.72,
    "time": "bmo",
    "revenue": 1325100000,
    "revenueEstimated": 1338335525,
    "updatedFromDate": "2025-04-25",
    "fiscalDateEnding": "2022-06-30"
  },
  {
    "date": "2022-04-28",
    "symbol": "CHD",
    "eps": 0.83,
    "epsEstimated": 0.77,
    "time": "bmo",
    "revenue": 1297200000,
    "revenueEstimated": 1285622514,
    "updatedFromDate": "2025-04-25",
    "fiscalDateEnding": "2022-03-31"
  },
  {
    "date": "2022-01-28",
    "symbol": "CHD",
    "eps": 0.64,
    "epsEstimated": 0.6,
    "time": "bmo",
    "revenue": 1368700000,
    "revenueEstimated": 1345296792,
    "updatedFromDate": "2025-04-25",
    "fiscalDateEnding": "2021-12-31"
  },
  {
    "date": "2021-10-29",
    "symbol": "CHD",
    "eps": 0.8,
    "epsEstimated": 0.71,
    "time": "bmo",
    "revenue": 1311400000,
    "revenueEstimated": 1280850000,
    "updatedFromDate": "2025-04-25",
    "fiscalDateEnding": "2021-09-30"
  },
  {
    "date": "2021-07-30",
    "symbol": "CHD",
    "eps": 0.76,
    "epsEstimated": 0.7,
    "time": "bmo",
    "revenue": 1271100000,
    "revenueEstimated": 1271100000,
    "updatedFromDate": "2025-04-25",
    "fiscalDateEnding": "2021-06-30"
  },
  {
    "date": "2021-04-29",
    "symbol": "CHD",
    "eps": 0.83,
    "epsEstimated": 0.81,
    "time": "bmo",
    "revenue": 1238900000,
    "revenueEstimated": 1217470000,
    "updatedFromDate": "2025-04-25",
    "fiscalDateEnding": "2021-03-31"
  },
  {
    "date": "2021-01-29",
    "symbol": "CHD",
    "eps": 0.53,
    "epsEstimated": 0.52,
    "time": "bmo",
    "revenue": 1295300000,
    "revenueEstimated": 1270390384,
    "updatedFromDate": "2025-04-25",
    "fiscalDateEnding": "2020-12-31"
  },
  {
    "date": "2020-10-29",
    "symbol": "CHD",
    "eps": 0.7,
    "epsEstimated": 0.67,
    "time": "bmo",
    "revenue": 1241000000,
    "revenueEstimated": 1187814285,
    "updatedFromDate": "2025-04-25",
    "fiscalDateEnding": "2020-09-30"
  },
  {
    "date": "2020-07-31",
    "symbol": "CHD",
    "eps": 0.77,
    "epsEstimated": 0.63,
    "time": "bmo",
    "revenue": 1194300000,
    "revenueEstimated": 977154545,
    "updatedFromDate": "2025-04-25",
    "fiscalDateEnding": "2020-06-30"
  },
  {
    "date": "2020-04-30",
    "symbol": "CHD",
    "eps": 0.83,
    "epsEstimated": 0.77,
    "time": "bmo",
    "revenue": 1165200000,
    "revenueEstimated": 1080968674,
    "updatedFromDate": "2025-04-25",
    "fiscalDateEnding": "2020-03-31"
  },
  {
    "date": "2020-01-31",
    "symbol": "CHD",
    "eps": 0.55,
    "epsEstimated": 0.55,
    "time": "bmo",
    "revenue": 1144200000,
    "revenueEstimated": 1144200000,
    "updatedFromDate": "2025-04-25",
    "fiscalDateEnding": "2019-12-31"
  },
  {
    "date": "2019-10-31",
    "symbol": "CHD",
    "eps": 0.66,
    "epsEstimated": 0.61,
    "time": "bmo",
    "revenue": 1089400000,
    "revenueEstimated": 1006869696,
    "updatedFromDate": "2025-04-25",
    "fiscalDateEnding": "2019-09-30"
  },
  {
    "date": "2019-07-31",
    "symbol": "CHD",
    "eps": 0.57,
    "epsEstimated": 0.52,
    "time": "bmo",
    "revenue": 1079400000,
    "revenueEstimated": 984715789,
    "updatedFromDate": "2025-04-25",
    "fiscalDateEnding": "2019-06-30"
  },
  {
    "date": "2019-05-02",
    "symbol": "CHD",
    "eps": 0.7,
    "epsEstimated": 0.66,
    "time": "bmo",
    "revenue": 1044700000,
    "revenueEstimated": 985002857,
    "updatedFromDate": "2025-04-25",
    "fiscalDateEnding": "2019-03-31"
  },
  {
    "date": "2019-02-05",
    "symbol": "CHD",
    "eps": 0.57,
    "epsEstimated": 0.58,
    "time": "bmo",
    "revenue": 1074400000,
    "revenueEstimated": 1093249122,
    "updatedFromDate": "2025-04-25",
    "fiscalDateEnding": "2018-12-31"
  },
  {
    "date": "2018-11-01",
    "symbol": "CHD",
    "eps": 0.58,
    "epsEstimated": 0.54,
    "time": "bmo",
    "revenue": 1037600000,
    "revenueEstimated": 966041379,
    "updatedFromDate": "2025-04-25",
    "fiscalDateEnding": "2018-09-30"
  },
  {
    "date": "2018-08-02",
    "symbol": "CHD",
    "eps": 0.49,
    "epsEstimated": 0.47,
    "time": "bmo",
    "revenue": 1027900000,
    "revenueEstimated": 985944897,
    "updatedFromDate": "2025-04-25",
    "fiscalDateEnding": "2018-06-30"
  },
  {
    "date": "2018-05-03",
    "symbol": "CHD",
    "eps": 0.63,
    "epsEstimated": 0.61,
    "time": "bmo",
    "revenue": 1006000000,
    "revenueEstimated": 974063492,
    "updatedFromDate": "2025-04-25",
    "fiscalDateEnding": "2018-03-31"
  },
  {
    "date": "2018-02-05",
    "symbol": "CHD",
    "eps": 0.52,
    "epsEstimated": 0.5,
    "time": "bmo",
    "revenue": 1033100000,
    "revenueEstimated": 993365384,
    "updatedFromDate": "2025-04-25",
    "fiscalDateEnding": "2017-12-31"
  },
  {
    "date": "2017-11-02",
    "symbol": "CHD",
    "eps": 0.49,
    "epsEstimated": 0.47,
    "time": "bmo",
    "revenue": 967900000,
    "revenueEstimated": 928393877,
    "updatedFromDate": "2025-04-25",
    "fiscalDateEnding": "2017-09-30"
  },
  {
    "date": "2017-08-03",
    "symbol": "CHD",
    "eps": 0.41,
    "epsEstimated": 0.39,
    "time": "bmo",
    "revenue": 898000000,
    "revenueEstimated": 854195121,
    "updatedFromDate": "2025-04-25",
    "fiscalDateEnding": "2017-06-30"
  },
  {
    "date": "2017-05-04",
    "symbol": "CHD",
    "eps": 0.52,
    "epsEstimated": 0.46,
    "time": "bmo",
    "revenue": 877200000,
    "revenueEstimated": 775984615,
    "updatedFromDate": "2025-04-25",
    "fiscalDateEnding": "2017-03-31"
  },
  {
    "date": "2017-02-07",
    "symbol": "CHD",
    "eps": 0.44,
    "epsEstimated": 0.42,
    "time": "bmo",
    "revenue": 896000000,
    "revenueEstimated": 855272727,
    "updatedFromDate": "2025-04-25",
    "fiscalDateEnding": "2016-12-31"
  },
  {
    "date": "2016-11-03",
    "symbol": "CHD",
    "eps": 0.47,
    "epsEstimated": 0.47,
    "time": "bmo",
    "revenue": 870700000,
    "revenueEstimated": 870700000,
    "updatedFromDate": "2025-04-25",
    "fiscalDateEnding": "2016-09-30"
  },
  {
    "date": "2016-08-04",
    "symbol": "CHD",
    "eps": 0.43,
    "epsEstimated": 0.4,
    "time": "bmo",
    "revenue": 877400000,
    "revenueEstimated": 816186046,
    "updatedFromDate": "2025-04-25",
    "fiscalDateEnding": "2016-06-30"
  }
]