[
  {
    "date": "2026-04-28",
    "symbol": "CHRW",
    "eps": null,
    "epsEstimated": null,
    "time": "amc",
    "revenue": null,
    "revenueEstimated": null,
    "updatedFromDate": "2025-10-02",
    "fiscalDateEnding": "2026-03-30"
  },
  {
    "date": "2026-01-27",
    "symbol": "CHRW",
    "eps": null,
    "epsEstimated": null,
    "time": "amc",
    "revenue": null,
    "revenueEstimated": null,
    "updatedFromDate": "2025-10-02",
    "fiscalDateEnding": "2025-12-30"
  },
  {
    "date": "2025-10-29",
    "symbol": "CHRW",
    "eps": null,
    "epsEstimated": 1.31,
    "time": "bmo",
    "revenue": null,
    "revenueEstimated": 4241301190,
    "updatedFromDate": "2025-10-02",
    "fiscalDateEnding": "2025-09-30"
  },
  {
    "date": "2025-07-30",
    "symbol": "CHRW",
    "eps": 1.29,
    "epsEstimated": 1.16,
    "time": "amc",
    "revenue": 4136543000,
    "revenueEstimated": 4168259438,
    "updatedFromDate": "2025-10-02",
    "fiscalDateEnding": "2025-06-30"
  },
  {
    "date": "2025-04-30",
    "symbol": "CHRW",
    "eps": 1.17,
    "epsEstimated": 1.05,
    "time": "amc",
    "revenue": 4046740000,
    "revenueEstimated": 4253967211,
    "updatedFromDate": "2025-07-30",
    "fiscalDateEnding": "2025-03-31"
  },
  {
    "date": "2025-01-29",
    "symbol": "CHRW",
    "eps": 1.21,
    "epsEstimated": 1.1,
    "time": "amc",
    "revenue": 4184656000,
    "revenueEstimated": 4435736560,
    "updatedFromDate": "2025-04-29",
    "fiscalDateEnding": "2024-12-31"
  },
  {
    "date": "2024-10-30",
    "symbol": "CHRW",
    "eps": 1.28,
    "epsEstimated": 1.15,
    "time": "amc",
    "revenue": 4644641000,
    "revenueEstimated": 4528964144,
    "updatedFromDate": "2025-04-25",
    "fiscalDateEnding": "2024-09-30"
  },
  {
    "date": "2024-07-31",
    "symbol": "CHRW",
    "eps": 1.15,
    "epsEstimated": 0.96,
    "time": "amc",
    "revenue": 4483348000,
    "revenueEstimated": 4532300000,
    "updatedFromDate": "2025-04-25",
    "fiscalDateEnding": "2024-06-30"
  },
  {
    "date": "2024-05-01",
    "symbol": "CHRW",
    "eps": 0.86,
    "epsEstimated": 0.62,
    "time": "amc",
    "revenue": 4412311000,
    "revenueEstimated": 4269819674,
    "updatedFromDate": "2025-04-25",
    "fiscalDateEnding": "2024-03-31"
  },
  {
    "date": "2024-01-31",
    "symbol": "CHRW",
    "eps": 0.5,
    "epsEstimated": 0.8,
    "time": "amc",
    "revenue": 4221886999,
    "revenueEstimated": 4342040000,
    "updatedFromDate": "2025-04-25",
    "fiscalDateEnding": "2023-12-31"
  },
  {
    "date": "2023-11-01",
    "symbol": "CHRW",
    "eps": 0.84,
    "epsEstimated": 0.82,
    "time": "amc",
    "revenue": 4341030000,
    "revenueEstimated": 4362750000,
    "updatedFromDate": "2025-04-25",
    "fiscalDateEnding": "2023-09-30"
  },
  {
    "date": "2023-08-02",
    "symbol": "CHRW",
    "eps": 0.9,
    "epsEstimated": 0.91,
    "time": "amc",
    "revenue": 4421856000,
    "revenueEstimated": 4655710000,
    "updatedFromDate": "2025-04-25",
    "fiscalDateEnding": "2023-06-30"
  },
  {
    "date": "2023-04-26",
    "symbol": "CHRW",
    "eps": 0.98,
    "epsEstimated": 0.99,
    "time": "amc",
    "revenue": 4611670000,
    "revenueEstimated": 4821260000,
    "updatedFromDate": "2025-04-25",
    "fiscalDateEnding": "2023-03-31"
  },
  {
    "date": "2023-02-01",
    "symbol": "CHRW",
    "eps": 1.03,
    "epsEstimated": 1.38,
    "time": "amc",
    "revenue": 5066821000,
    "revenueEstimated": 5683693669,
    "updatedFromDate": "2025-04-25",
    "fiscalDateEnding": "2022-12-31"
  },
  {
    "date": "2022-11-02",
    "symbol": "CHRW",
    "eps": 1.78,
    "epsEstimated": 2.17,
    "time": "bmo",
    "revenue": 6015376000,
    "revenueEstimated": 6340542606,
    "updatedFromDate": "2025-04-25",
    "fiscalDateEnding": "2022-09-30"
  },
  {
    "date": "2022-07-27",
    "symbol": "CHRW",
    "eps": 2.67,
    "epsEstimated": 1.98,
    "time": "amc",
    "revenue": 6798475000,
    "revenueEstimated": 6770164960,
    "updatedFromDate": "2025-04-25",
    "fiscalDateEnding": "2022-06-30"
  },
  {
    "date": "2022-04-27",
    "symbol": "CHRW",
    "eps": 2.05,
    "epsEstimated": 1.54,
    "time": "amc",
    "revenue": 6815953000,
    "revenueEstimated": 5961303143,
    "updatedFromDate": "2025-04-25",
    "fiscalDateEnding": "2022-03-31"
  },
  {
    "date": "2022-02-02",
    "symbol": "CHRW",
    "eps": 1.74,
    "epsEstimated": 1.85,
    "time": "bmo",
    "revenue": 6501848000,
    "revenueEstimated": 6217748657,
    "updatedFromDate": "2025-04-25",
    "fiscalDateEnding": "2021-12-31"
  },
  {
    "date": "2021-10-26",
    "symbol": "CHRW",
    "eps": 1.85,
    "epsEstimated": 1.42,
    "time": "amc",
    "revenue": 6263695000,
    "revenueEstimated": 5394730000,
    "updatedFromDate": "2025-04-25",
    "fiscalDateEnding": "2021-09-30"
  },
  {
    "date": "2021-07-27",
    "symbol": "CHRW",
    "eps": 1.44,
    "epsEstimated": 1.33,
    "time": "amc",
    "revenue": 5532726000,
    "revenueEstimated": 5394730000,
    "updatedFromDate": "2025-04-25",
    "fiscalDateEnding": "2021-06-30"
  },
  {
    "date": "2021-04-27",
    "symbol": "CHRW",
    "eps": 1.28,
    "epsEstimated": 0.98,
    "time": "amc",
    "revenue": 4803869000,
    "revenueEstimated": 4353520000,
    "updatedFromDate": "2025-04-25",
    "fiscalDateEnding": "2021-03-31"
  },
  {
    "date": "2021-01-26",
    "symbol": "CHRW",
    "eps": 1.08,
    "epsEstimated": 0.97,
    "time": "amc",
    "revenue": 4549452000,
    "revenueEstimated": 4033534762,
    "updatedFromDate": "2025-04-25",
    "fiscalDateEnding": "2020-12-31"
  },
  {
    "date": "2020-10-27",
    "symbol": "CHRW",
    "eps": 1,
    "epsEstimated": 0.97,
    "time": "amc",
    "revenue": 4224800000,
    "revenueEstimated": 4098056000,
    "updatedFromDate": "2025-04-25",
    "fiscalDateEnding": "2020-09-30"
  },
  {
    "date": "2020-07-28",
    "symbol": "CHRW",
    "eps": 1.06,
    "epsEstimated": 0.6,
    "time": "amc",
    "revenue": 3627846000,
    "revenueEstimated": 3142621594,
    "updatedFromDate": "2025-04-25",
    "fiscalDateEnding": "2020-06-30"
  },
  {
    "date": "2020-04-28",
    "symbol": "CHRW",
    "eps": 0.57,
    "epsEstimated": 0.68,
    "time": "amc",
    "revenue": 3805008000,
    "revenueEstimated": 4539307789,
    "updatedFromDate": "2025-04-25",
    "fiscalDateEnding": "2020-03-31"
  },
  {
    "date": "2020-01-28",
    "symbol": "CHRW",
    "eps": 0.73,
    "epsEstimated": 0.96,
    "time": "amc",
    "revenue": 3793326000,
    "revenueEstimated": 4988483506,
    "updatedFromDate": "2025-04-25",
    "fiscalDateEnding": "2019-12-31"
  },
  {
    "date": "2019-10-29",
    "symbol": "CHRW",
    "eps": 1.07,
    "epsEstimated": 1.14,
    "time": "amc",
    "revenue": 3856132000,
    "revenueEstimated": 4108402317,
    "updatedFromDate": "2025-04-25",
    "fiscalDateEnding": "2019-09-30"
  },
  {
    "date": "2019-07-30",
    "symbol": "CHRW",
    "eps": 1.22,
    "epsEstimated": 1.22,
    "time": "amc",
    "revenue": 3908840000,
    "revenueEstimated": 3908840000,
    "updatedFromDate": "2025-04-25",
    "fiscalDateEnding": "2019-06-30"
  },
  {
    "date": "2019-04-30",
    "symbol": "CHRW",
    "eps": 1.16,
    "epsEstimated": 1.14,
    "time": "amc",
    "revenue": 3751210000,
    "revenueEstimated": 3686533965,
    "updatedFromDate": "2025-04-25",
    "fiscalDateEnding": "2019-03-31"
  },
  {
    "date": "2019-01-29",
    "symbol": "CHRW",
    "eps": 1.34,
    "epsEstimated": 1.21,
    "time": "amc",
    "revenue": 4137908000,
    "revenueEstimated": 3736469164,
    "updatedFromDate": "2025-04-25",
    "fiscalDateEnding": "2018-12-31"
  },
  {
    "date": "2018-10-30",
    "symbol": "CHRW",
    "eps": 1.25,
    "epsEstimated": 1.17,
    "time": "amc",
    "revenue": 4291900000,
    "revenueEstimated": 4017218399,
    "updatedFromDate": "2025-04-25",
    "fiscalDateEnding": "2018-09-30"
  },
  {
    "date": "2018-07-31",
    "symbol": "CHRW",
    "eps": 1.13,
    "epsEstimated": 1.06,
    "time": "amc",
    "revenue": 4276037000,
    "revenueEstimated": 4011115044,
    "updatedFromDate": "2025-04-25",
    "fiscalDateEnding": "2018-06-30"
  },
  {
    "date": "2018-05-01",
    "symbol": "CHRW",
    "eps": 1.01,
    "epsEstimated": 1,
    "time": "amc",
    "revenue": 3925327000,
    "revenueEstimated": 3886435643,
    "updatedFromDate": "2025-04-25",
    "fiscalDateEnding": "2018-03-31"
  },
  {
    "date": "2018-01-30",
    "symbol": "CHRW",
    "eps": 0.86,
    "epsEstimated": 0.84,
    "time": "amc",
    "revenue": 3959786000,
    "revenueEstimated": 3867711627,
    "updatedFromDate": "2025-04-25",
    "fiscalDateEnding": "2017-12-31"
  },
  {
    "date": "2017-10-31",
    "symbol": "CHRW",
    "eps": 0.85,
    "epsEstimated": 0.82,
    "time": "amc",
    "revenue": 3784451000,
    "revenueEstimated": 3650929411,
    "updatedFromDate": "2025-04-25",
    "fiscalDateEnding": "2017-09-30"
  },
  {
    "date": "2017-07-19",
    "symbol": "CHRW",
    "eps": 0.78,
    "epsEstimated": 0.9,
    "time": "amc",
    "revenue": 3710018000,
    "revenueEstimated": 4280769230,
    "updatedFromDate": "2025-04-25",
    "fiscalDateEnding": "2017-06-30"
  },
  {
    "date": "2017-04-25",
    "symbol": "CHRW",
    "eps": 0.86,
    "epsEstimated": 0.81,
    "time": "amc",
    "revenue": 3415125000,
    "revenueEstimated": 3216547674,
    "updatedFromDate": "2025-04-25",
    "fiscalDateEnding": "2017-03-31"
  },
  {
    "date": "2017-01-31",
    "symbol": "CHRW",
    "eps": 0.86,
    "epsEstimated": 0.84,
    "time": "amc",
    "revenue": 3414975000,
    "revenueEstimated": 3333666071,
    "updatedFromDate": "2025-04-25",
    "fiscalDateEnding": "2016-12-31"
  },
  {
    "date": "2016-10-25",
    "symbol": "CHRW",
    "eps": 0.9,
    "epsEstimated": 0.96,
    "time": "amc",
    "revenue": 3355754000,
    "revenueEstimated": 3579520000,
    "updatedFromDate": "2025-04-25",
    "fiscalDateEnding": "2016-09-30"
  },
  {
    "date": "2016-07-26",
    "symbol": "CHRW",
    "eps": 1,
    "epsEstimated": 1,
    "time": "amc",
    "revenue": 3299741000,
    "revenueEstimated": 3299700000,
    "updatedFromDate": "2025-04-25",
    "fiscalDateEnding": "2016-06-30"
  }
]