[
  {
    "date": "2026-04-23",
    "symbol": "CHTR",
    "eps": null,
    "epsEstimated": null,
    "time": "bmo",
    "revenue": null,
    "revenueEstimated": null,
    "updatedFromDate": "2025-10-02",
    "fiscalDateEnding": "2026-03-30"
  },
  {
    "date": "2026-01-29",
    "symbol": "CHTR",
    "eps": null,
    "epsEstimated": null,
    "time": "bmo",
    "revenue": null,
    "revenueEstimated": null,
    "updatedFromDate": "2025-10-02",
    "fiscalDateEnding": "2025-12-30"
  },
  {
    "date": "2025-10-31",
    "symbol": "CHTR",
    "eps": null,
    "epsEstimated": 9.66,
    "time": "bmo",
    "revenue": null,
    "revenueEstimated": 13758916410,
    "updatedFromDate": "2025-10-02",
    "fiscalDateEnding": "2025-09-30"
  },
  {
    "date": "2025-07-25",
    "symbol": "CHTR",
    "eps": 9.18,
    "epsEstimated": 9.58,
    "time": "bmo",
    "revenue": 13766000000,
    "revenueEstimated": 13765354498,
    "updatedFromDate": "2025-10-02",
    "fiscalDateEnding": "2025-06-30"
  },
  {
    "date": "2025-04-25",
    "symbol": "CHTR",
    "eps": 8.42,
    "epsEstimated": 8.43,
    "time": "bmo",
    "revenue": 13735000000,
    "revenueEstimated": 13670298488,
    "updatedFromDate": "2025-07-25",
    "fiscalDateEnding": "2025-03-31"
  },
  {
    "date": "2025-01-31",
    "symbol": "CHTR",
    "eps": 10.1,
    "epsEstimated": 9.19,
    "time": "bmo",
    "revenue": 13926000000,
    "revenueEstimated": 13879196308,
    "updatedFromDate": "2025-04-30",
    "fiscalDateEnding": "2024-12-31"
  },
  {
    "date": "2024-11-01",
    "symbol": "CHTR",
    "eps": 8.82,
    "epsEstimated": 8.62,
    "time": "bmo",
    "revenue": 13795000000,
    "revenueEstimated": 13658671234,
    "updatedFromDate": "2025-03-24",
    "fiscalDateEnding": "2024-09-30"
  },
  {
    "date": "2024-07-26",
    "symbol": "CHTR",
    "eps": 8.49,
    "epsEstimated": 7.98,
    "time": "bmo",
    "revenue": 13685000000,
    "revenueEstimated": 13592440923,
    "updatedFromDate": "2025-03-24",
    "fiscalDateEnding": "2024-06-30"
  },
  {
    "date": "2024-04-26",
    "symbol": "CHTR",
    "eps": 7.55,
    "epsEstimated": 7.92,
    "time": "bmo",
    "revenue": 13679000000,
    "revenueEstimated": 13746147799,
    "updatedFromDate": "2025-03-24",
    "fiscalDateEnding": "2024-03-31"
  },
  {
    "date": "2024-02-02",
    "symbol": "CHTR",
    "eps": 7.07,
    "epsEstimated": 8.73,
    "time": "bmo",
    "revenue": 13711000000,
    "revenueEstimated": 13702200000,
    "updatedFromDate": "2025-03-24",
    "fiscalDateEnding": "2023-12-31"
  },
  {
    "date": "2023-10-27",
    "symbol": "CHTR",
    "eps": 8.25,
    "epsEstimated": 7.94,
    "time": "bmo",
    "revenue": 13584000000,
    "revenueEstimated": 13632700000,
    "updatedFromDate": "2025-03-24",
    "fiscalDateEnding": "2023-09-30"
  },
  {
    "date": "2023-07-28",
    "symbol": "CHTR",
    "eps": 8.05,
    "epsEstimated": 7.96,
    "time": "bmo",
    "revenue": 13659000000,
    "revenueEstimated": 13835300000,
    "updatedFromDate": "2025-03-24",
    "fiscalDateEnding": "2023-06-30"
  },
  {
    "date": "2023-04-28",
    "symbol": "CHTR",
    "eps": 6.65,
    "epsEstimated": 7.48,
    "time": "bmo",
    "revenue": 13653000000,
    "revenueEstimated": 13619900000,
    "updatedFromDate": "2025-03-24",
    "fiscalDateEnding": "2023-03-31"
  },
  {
    "date": "2023-01-27",
    "symbol": "CHTR",
    "eps": 7.69,
    "epsEstimated": 8.79,
    "time": "bmo",
    "revenue": 13674000000,
    "revenueEstimated": 13739919412,
    "updatedFromDate": "2025-03-24",
    "fiscalDateEnding": "2022-12-31"
  },
  {
    "date": "2022-10-28",
    "symbol": "CHTR",
    "eps": 7.38,
    "epsEstimated": 8.23,
    "time": "bmo",
    "revenue": 13550000000,
    "revenueEstimated": 13677578701,
    "updatedFromDate": "2025-03-24",
    "fiscalDateEnding": "2022-09-30"
  },
  {
    "date": "2022-07-29",
    "symbol": "CHTR",
    "eps": 8.8,
    "epsEstimated": 6.89,
    "time": "bmo",
    "revenue": 13598000000,
    "revenueEstimated": 13432370085,
    "updatedFromDate": "2025-03-24",
    "fiscalDateEnding": "2022-06-30"
  },
  {
    "date": "2022-04-29",
    "symbol": "CHTR",
    "eps": 6.9,
    "epsEstimated": 6.47,
    "time": "bmo",
    "revenue": 13200000000,
    "revenueEstimated": 13206437083,
    "updatedFromDate": "2025-03-24",
    "fiscalDateEnding": "2022-03-31"
  },
  {
    "date": "2022-01-28",
    "symbol": "CHTR",
    "eps": 8.93,
    "epsEstimated": 6.89,
    "time": "bmo",
    "revenue": 13212000000,
    "revenueEstimated": 13255845669,
    "updatedFromDate": "2025-03-24",
    "fiscalDateEnding": "2021-12-31"
  },
  {
    "date": "2021-10-29",
    "symbol": "CHTR",
    "eps": 6.5,
    "epsEstimated": 5.71,
    "time": "bmo",
    "revenue": 13146000000,
    "revenueEstimated": 12930500000,
    "updatedFromDate": "2025-03-24",
    "fiscalDateEnding": "2021-09-30"
  },
  {
    "date": "2021-07-30",
    "symbol": "CHTR",
    "eps": 5.29,
    "epsEstimated": 4.78,
    "time": "bmo",
    "revenue": 12802000000,
    "revenueEstimated": 12802000000,
    "updatedFromDate": "2025-03-24",
    "fiscalDateEnding": "2021-06-30"
  },
  {
    "date": "2021-04-30",
    "symbol": "CHTR",
    "eps": 4.11,
    "epsEstimated": 4.26,
    "time": "bmo",
    "revenue": 12522000000,
    "revenueEstimated": 12500600000,
    "updatedFromDate": "2025-03-24",
    "fiscalDateEnding": "2021-03-31"
  },
  {
    "date": "2021-01-29",
    "symbol": "CHTR",
    "eps": 6.05,
    "epsEstimated": 4.89,
    "time": "bmo",
    "revenue": 12624000000,
    "revenueEstimated": 9629349693,
    "updatedFromDate": "2025-03-24",
    "fiscalDateEnding": "2020-12-31"
  },
  {
    "date": "2020-10-30",
    "symbol": "CHTR",
    "eps": 3.9,
    "epsEstimated": 3.03,
    "time": "bmo",
    "revenue": 12039000000,
    "revenueEstimated": 9353376923,
    "updatedFromDate": "2025-03-24",
    "fiscalDateEnding": "2020-09-30"
  },
  {
    "date": "2020-07-31",
    "symbol": "CHTR",
    "eps": 3.63,
    "epsEstimated": 2.44,
    "time": "bmo",
    "revenue": 11696000000,
    "revenueEstimated": 7861774104,
    "updatedFromDate": "2025-03-24",
    "fiscalDateEnding": "2020-06-30"
  },
  {
    "date": "2020-05-01",
    "symbol": "CHTR",
    "eps": 1.86,
    "epsEstimated": 2.73,
    "time": "bmo",
    "revenue": 11738000000,
    "revenueEstimated": 17228354838,
    "updatedFromDate": "2025-03-24",
    "fiscalDateEnding": "2020-03-31"
  },
  {
    "date": "2020-01-31",
    "symbol": "CHTR",
    "eps": 3.28,
    "epsEstimated": 2.49,
    "time": "bmo",
    "revenue": 11761000000,
    "revenueEstimated": 8928320121,
    "updatedFromDate": "2025-03-24",
    "fiscalDateEnding": "2019-12-31"
  },
  {
    "date": "2019-10-25",
    "symbol": "CHTR",
    "eps": 1.74,
    "epsEstimated": 1.67,
    "time": "bmo",
    "revenue": 11450000000,
    "revenueEstimated": 10989367816,
    "updatedFromDate": "2025-03-24",
    "fiscalDateEnding": "2019-09-30"
  },
  {
    "date": "2019-07-26",
    "symbol": "CHTR",
    "eps": 1.39,
    "epsEstimated": 1.85,
    "time": "bmo",
    "revenue": 11347000000,
    "revenueEstimated": 15102122302,
    "updatedFromDate": "2025-03-24",
    "fiscalDateEnding": "2019-06-30"
  },
  {
    "date": "2019-04-30",
    "symbol": "CHTR",
    "eps": 1.11,
    "epsEstimated": 1.42,
    "time": "bmo",
    "revenue": 11206000000,
    "revenueEstimated": 14335603603,
    "updatedFromDate": "2025-03-24",
    "fiscalDateEnding": "2019-03-31"
  },
  {
    "date": "2019-01-31",
    "symbol": "CHTR",
    "eps": 1.29,
    "epsEstimated": 1.51,
    "time": "bmo",
    "revenue": 11231000000,
    "revenueEstimated": 13146364341,
    "updatedFromDate": "2025-03-24",
    "fiscalDateEnding": "2018-12-31"
  },
  {
    "date": "2018-10-26",
    "symbol": "CHTR",
    "eps": 2.11,
    "epsEstimated": 1.04,
    "time": "bmo",
    "revenue": 10892000000,
    "revenueEstimated": 8857645706,
    "updatedFromDate": "2025-03-24",
    "fiscalDateEnding": "2018-09-30"
  },
  {
    "date": "2018-07-31",
    "symbol": "CHTR",
    "eps": 1.15,
    "epsEstimated": 0.99,
    "time": "bmo",
    "revenue": 10854000000,
    "revenueEstimated": 9438260869,
    "updatedFromDate": "2025-03-24",
    "fiscalDateEnding": "2018-06-30"
  },
  {
    "date": "2018-04-27",
    "symbol": "CHTR",
    "eps": 0.7,
    "epsEstimated": 0.52,
    "time": "bmo",
    "revenue": 10657000000,
    "revenueEstimated": 7916628571,
    "updatedFromDate": "2025-03-24",
    "fiscalDateEnding": "2018-03-31"
  },
  {
    "date": "2018-02-02",
    "symbol": "CHTR",
    "eps": 0.86,
    "epsEstimated": 0.85,
    "time": "bmo",
    "revenue": 10602000000,
    "revenueEstimated": 8091000000,
    "updatedFromDate": "2025-03-24",
    "fiscalDateEnding": "2017-12-31"
  },
  {
    "date": "2017-10-26",
    "symbol": "CHTR",
    "eps": 0.19,
    "epsEstimated": 1.02,
    "time": "bmo",
    "revenue": 10458000000,
    "revenueEstimated": 56142947368,
    "updatedFromDate": "2025-03-24",
    "fiscalDateEnding": "2017-09-30"
  },
  {
    "date": "2017-07-27",
    "symbol": "CHTR",
    "eps": 0.52,
    "epsEstimated": 0.87,
    "time": "bmo",
    "revenue": 10357000000,
    "revenueEstimated": 17328057692,
    "updatedFromDate": "2025-03-24",
    "fiscalDateEnding": "2017-06-30"
  },
  {
    "date": "2017-05-02",
    "symbol": "CHTR",
    "eps": 0.57,
    "epsEstimated": 0.96,
    "time": "bmo",
    "revenue": 10164000000,
    "revenueEstimated": 17118315789,
    "updatedFromDate": "2025-03-24",
    "fiscalDateEnding": "2017-03-31"
  },
  {
    "date": "2017-02-16",
    "symbol": "CHTR",
    "eps": 0.33,
    "epsEstimated": 1,
    "time": "bmo",
    "revenue": 10275000000,
    "revenueEstimated": 8392106250,
    "updatedFromDate": "2025-03-24",
    "fiscalDateEnding": "2016-12-31"
  },
  {
    "date": "2016-11-03",
    "symbol": "CHTR",
    "eps": 0.69,
    "epsEstimated": 0.63,
    "time": "bmo",
    "revenue": 10037000000,
    "revenueEstimated": 9164217391,
    "updatedFromDate": "2025-03-24",
    "fiscalDateEnding": "2016-09-30"
  },
  {
    "date": "2016-08-09",
    "symbol": "CHTR",
    "eps": 0.99,
    "epsEstimated": 0.22,
    "time": "bmo",
    "revenue": 6161000000,
    "revenueEstimated": null,
    "updatedFromDate": "2025-03-24",
    "fiscalDateEnding": "2016-06-30"
  }
]