[
  {
    "date": "2026-04-30",
    "symbol": "CI",
    "eps": null,
    "epsEstimated": null,
    "time": "bmo",
    "revenue": null,
    "revenueEstimated": null,
    "updatedFromDate": "2025-10-02",
    "fiscalDateEnding": "2026-03-30"
  },
  {
    "date": "2026-01-28",
    "symbol": "CI",
    "eps": null,
    "epsEstimated": null,
    "time": "bmo",
    "revenue": null,
    "revenueEstimated": null,
    "updatedFromDate": "2025-10-02",
    "fiscalDateEnding": "2025-12-30"
  },
  {
    "date": "2025-10-30",
    "symbol": "CI",
    "eps": null,
    "epsEstimated": 7.7,
    "time": "bmo",
    "revenue": null,
    "revenueEstimated": 66395358250,
    "updatedFromDate": "2025-10-02",
    "fiscalDateEnding": "2025-09-30"
  },
  {
    "date": "2025-07-31",
    "symbol": "CI",
    "eps": 7.2,
    "epsEstimated": 7.16,
    "time": "bmo",
    "revenue": 67230000000,
    "revenueEstimated": 63044857657,
    "updatedFromDate": "2025-10-02",
    "fiscalDateEnding": "2025-06-30"
  },
  {
    "date": "2025-05-02",
    "symbol": "CI",
    "eps": 6.74,
    "epsEstimated": 6.35,
    "time": "bmo",
    "revenue": 65500000000,
    "revenueEstimated": 60198365217,
    "updatedFromDate": "2025-08-02",
    "fiscalDateEnding": "2025-03-31"
  },
  {
    "date": "2025-01-30",
    "symbol": "CI",
    "eps": 6.64,
    "epsEstimated": 7.84,
    "time": "bmo",
    "revenue": 65717000000,
    "revenueEstimated": 63439878581,
    "updatedFromDate": "2025-04-30",
    "fiscalDateEnding": "2024-12-31"
  },
  {
    "date": "2024-10-31",
    "symbol": "CI",
    "eps": 7.51,
    "epsEstimated": 7.23,
    "time": "bmo",
    "revenue": 62773000000,
    "revenueEstimated": 59471379356,
    "updatedFromDate": "2025-04-25",
    "fiscalDateEnding": "2024-09-30"
  },
  {
    "date": "2024-08-01",
    "symbol": "CI",
    "eps": 6.72,
    "epsEstimated": 6.41,
    "time": "bmo",
    "revenue": 60475000000,
    "revenueEstimated": 58257541910,
    "updatedFromDate": "2025-04-25",
    "fiscalDateEnding": "2024-06-30"
  },
  {
    "date": "2024-05-02",
    "symbol": "CI",
    "eps": 6.47,
    "epsEstimated": 6.22,
    "time": "bmo",
    "revenue": 55419000000,
    "revenueEstimated": 56530077630,
    "updatedFromDate": "2025-04-25",
    "fiscalDateEnding": "2024-03-31"
  },
  {
    "date": "2024-02-02",
    "symbol": "CI",
    "eps": 6.79,
    "epsEstimated": 6.54,
    "time": "bmo",
    "revenue": 51080000000,
    "revenueEstimated": 48906876359,
    "updatedFromDate": "2025-04-25",
    "fiscalDateEnding": "2023-12-31"
  },
  {
    "date": "2023-11-02",
    "symbol": "CI",
    "eps": 6.77,
    "epsEstimated": 6.66,
    "time": "bmo",
    "revenue": 49034000000,
    "revenueEstimated": 48199900000,
    "updatedFromDate": "2025-04-25",
    "fiscalDateEnding": "2023-09-30"
  },
  {
    "date": "2023-08-03",
    "symbol": "CI",
    "eps": 6.13,
    "epsEstimated": 6.02,
    "time": "bmo",
    "revenue": 48612000000,
    "revenueEstimated": 47188100000,
    "updatedFromDate": "2025-04-25",
    "fiscalDateEnding": "2023-06-30"
  },
  {
    "date": "2023-05-05",
    "symbol": "CI",
    "eps": 5.41,
    "epsEstimated": 5.22,
    "time": "bmo",
    "revenue": 46461000000,
    "revenueEstimated": 45534700000,
    "updatedFromDate": "2025-04-25",
    "fiscalDateEnding": "2023-03-31"
  },
  {
    "date": "2023-02-03",
    "symbol": "CI",
    "eps": 4.96,
    "epsEstimated": 4.86,
    "time": "bmo",
    "revenue": 45759000000,
    "revenueEstimated": 45878886605,
    "updatedFromDate": "2025-04-25",
    "fiscalDateEnding": "2022-12-31"
  },
  {
    "date": "2022-11-03",
    "symbol": "CI",
    "eps": 6.04,
    "epsEstimated": 5.7,
    "time": "bmo",
    "revenue": 45199000000,
    "revenueEstimated": 44773778091,
    "updatedFromDate": "2025-04-25",
    "fiscalDateEnding": "2022-09-30"
  },
  {
    "date": "2022-08-04",
    "symbol": "CI",
    "eps": 6.22,
    "epsEstimated": 5.48,
    "time": "bmo",
    "revenue": 45389000000,
    "revenueEstimated": 44486302758,
    "updatedFromDate": "2025-04-25",
    "fiscalDateEnding": "2022-06-30"
  },
  {
    "date": "2022-05-06",
    "symbol": "CI",
    "eps": 6.01,
    "epsEstimated": 5.13,
    "time": "bmo",
    "revenue": 43684000000,
    "revenueEstimated": 43375438799,
    "updatedFromDate": "2025-04-25",
    "fiscalDateEnding": "2022-03-31"
  },
  {
    "date": "2022-02-03",
    "symbol": "CI",
    "eps": 4.77,
    "epsEstimated": 4.68,
    "time": "bmo",
    "revenue": 45756000000,
    "revenueEstimated": 43913685088,
    "updatedFromDate": "2025-04-25",
    "fiscalDateEnding": "2021-12-31"
  },
  {
    "date": "2021-11-04",
    "symbol": "CI",
    "eps": 5.73,
    "epsEstimated": 5.23,
    "time": "bmo",
    "revenue": 44356000000,
    "revenueEstimated": 42861600000,
    "updatedFromDate": "2025-04-25",
    "fiscalDateEnding": "2021-09-30"
  },
  {
    "date": "2021-08-05",
    "symbol": "CI",
    "eps": 5.24,
    "epsEstimated": 4.96,
    "time": "bmo",
    "revenue": 43190000000,
    "revenueEstimated": 43107000000,
    "updatedFromDate": "2025-04-25",
    "fiscalDateEnding": "2021-06-30"
  },
  {
    "date": "2021-05-07",
    "symbol": "CI",
    "eps": 4.73,
    "epsEstimated": 4.42,
    "time": "bmo",
    "revenue": 40972000000,
    "revenueEstimated": 37706262557,
    "updatedFromDate": "2025-04-25",
    "fiscalDateEnding": "2021-03-31"
  },
  {
    "date": "2021-02-04",
    "symbol": "CI",
    "eps": 3.51,
    "epsEstimated": 3.66,
    "time": "bmo",
    "revenue": 41879000000,
    "revenueEstimated": 43798980978,
    "updatedFromDate": "2025-04-25",
    "fiscalDateEnding": "2020-12-31"
  },
  {
    "date": "2020-11-05",
    "symbol": "CI",
    "eps": 4.41,
    "epsEstimated": 4.24,
    "time": "bmo",
    "revenue": 40987000000,
    "revenueEstimated": 39376235827,
    "updatedFromDate": "2025-04-25",
    "fiscalDateEnding": "2020-09-30"
  },
  {
    "date": "2020-07-30",
    "symbol": "CI",
    "eps": 5.81,
    "epsEstimated": 5.15,
    "time": "bmo",
    "revenue": 39303000000,
    "revenueEstimated": 34606936316,
    "updatedFromDate": "2025-04-25",
    "fiscalDateEnding": "2020-06-30"
  },
  {
    "date": "2020-04-30",
    "symbol": "CI",
    "eps": 4.69,
    "epsEstimated": 4.44,
    "time": "bmo",
    "revenue": 38381000000,
    "revenueEstimated": 35291577825,
    "updatedFromDate": "2025-04-25",
    "fiscalDateEnding": "2020-03-31"
  },
  {
    "date": "2020-02-06",
    "symbol": "CI",
    "eps": 4.31,
    "epsEstimated": 4.19,
    "time": "bmo",
    "revenue": 38338000000,
    "revenueEstimated": 36922969837,
    "updatedFromDate": "2025-04-25",
    "fiscalDateEnding": "2019-12-31"
  },
  {
    "date": "2019-10-31",
    "symbol": "CI",
    "eps": 4.54,
    "epsEstimated": 4.36,
    "time": "bmo",
    "revenue": 38607000000,
    "revenueEstimated": 36692185022,
    "updatedFromDate": "2025-04-25",
    "fiscalDateEnding": "2019-09-30"
  },
  {
    "date": "2019-08-01",
    "symbol": "CI",
    "eps": 4.19,
    "epsEstimated": 3.74,
    "time": "bmo",
    "revenue": 38842000000,
    "revenueEstimated": 33467781395,
    "updatedFromDate": "2025-04-25",
    "fiscalDateEnding": "2019-06-30"
  },
  {
    "date": "2019-05-02",
    "symbol": "CI",
    "eps": 3.9,
    "epsEstimated": 3.73,
    "time": "bmo",
    "revenue": 37956000000,
    "revenueEstimated": 35961025641,
    "updatedFromDate": "2025-04-25",
    "fiscalDateEnding": "2019-03-31"
  },
  {
    "date": "2019-02-01",
    "symbol": "CI",
    "eps": 2.46,
    "epsEstimated": 2.53,
    "time": "bmo",
    "revenue": 14255000000,
    "revenueEstimated": 14019380165,
    "updatedFromDate": "2025-04-25",
    "fiscalDateEnding": "2018-12-31"
  },
  {
    "date": "2018-11-01",
    "symbol": "CI",
    "eps": 3.84,
    "epsEstimated": 3.44,
    "time": "bmo",
    "revenue": 11457000000,
    "revenueEstimated": 10124790697,
    "updatedFromDate": "2025-04-25",
    "fiscalDateEnding": "2018-09-30"
  },
  {
    "date": "2018-08-02",
    "symbol": "CI",
    "eps": 3.89,
    "epsEstimated": 3.21,
    "time": "bmo",
    "revenue": 11477000000,
    "revenueEstimated": 9546933933,
    "updatedFromDate": "2025-04-25",
    "fiscalDateEnding": "2018-06-30"
  },
  {
    "date": "2018-05-03",
    "symbol": "CI",
    "eps": 4.11,
    "epsEstimated": 3.44,
    "time": "bmo",
    "revenue": 11380000000,
    "revenueEstimated": 8963008849,
    "updatedFromDate": "2025-04-25",
    "fiscalDateEnding": "2018-03-31"
  },
  {
    "date": "2018-02-01",
    "symbol": "CI",
    "eps": 1.94,
    "epsEstimated": 1.87,
    "time": "bmo",
    "revenue": 10655000000,
    "revenueEstimated": 10252402116,
    "updatedFromDate": "2025-04-25",
    "fiscalDateEnding": "2017-12-31"
  },
  {
    "date": "2017-11-02",
    "symbol": "CI",
    "eps": 2.83,
    "epsEstimated": 2.36,
    "time": "bmo",
    "revenue": 10489000000,
    "revenueEstimated": 8314398305,
    "updatedFromDate": "2025-04-25",
    "fiscalDateEnding": "2017-09-30"
  },
  {
    "date": "2017-08-04",
    "symbol": "CI",
    "eps": 2.91,
    "epsEstimated": 2.48,
    "time": "bmo",
    "revenue": 10425000000,
    "revenueEstimated": 8528991935,
    "updatedFromDate": "2025-04-25",
    "fiscalDateEnding": "2017-06-30"
  },
  {
    "date": "2017-05-05",
    "symbol": "CI",
    "eps": 2.77,
    "epsEstimated": 2.45,
    "time": "bmo",
    "revenue": 10474000000,
    "revenueEstimated": 9028591836,
    "updatedFromDate": "2025-04-25",
    "fiscalDateEnding": "2017-03-31"
  },
  {
    "date": "2017-02-02",
    "symbol": "CI",
    "eps": 1.87,
    "epsEstimated": 1.74,
    "time": "bmo",
    "revenue": 9944000000,
    "revenueEstimated": 9201057471,
    "updatedFromDate": "2025-04-25",
    "fiscalDateEnding": "2016-12-31"
  },
  {
    "date": "2016-11-03",
    "symbol": "CI",
    "eps": 1.94,
    "epsEstimated": 1.91,
    "time": "bmo",
    "revenue": 9880000000,
    "revenueEstimated": 9724816753,
    "updatedFromDate": "2025-04-25",
    "fiscalDateEnding": "2016-09-30"
  },
  {
    "date": "2016-07-29",
    "symbol": "CI",
    "eps": 1.98,
    "epsEstimated": 2.39,
    "time": "bmo",
    "revenue": 9960000000,
    "revenueEstimated": 11668619246,
    "updatedFromDate": "2025-04-25",
    "fiscalDateEnding": "2016-06-30"
  }
]