[
  {
    "date": "2026-04-27",
    "symbol": "CINF",
    "eps": null,
    "epsEstimated": null,
    "time": "amc",
    "revenue": null,
    "revenueEstimated": null,
    "updatedFromDate": "2025-10-02",
    "fiscalDateEnding": "2026-03-30"
  },
  {
    "date": "2026-02-09",
    "symbol": "CINF",
    "eps": null,
    "epsEstimated": null,
    "time": "amc",
    "revenue": null,
    "revenueEstimated": null,
    "updatedFromDate": "2025-10-02",
    "fiscalDateEnding": "2025-12-30"
  },
  {
    "date": "2025-10-23",
    "symbol": "CINF",
    "eps": null,
    "epsEstimated": 1.78,
    "time": "bmo",
    "revenue": null,
    "revenueEstimated": 2866175000,
    "updatedFromDate": "2025-10-02",
    "fiscalDateEnding": "2025-09-30"
  },
  {
    "date": "2025-07-28",
    "symbol": "CINF",
    "eps": 1.97,
    "epsEstimated": 1.41,
    "time": "amc",
    "revenue": 3248000000,
    "revenueEstimated": 2528368333,
    "updatedFromDate": "2025-10-02",
    "fiscalDateEnding": "2025-06-30"
  },
  {
    "date": "2025-04-28",
    "symbol": "CINF",
    "eps": -0.24,
    "epsEstimated": -0.62038,
    "time": "amc",
    "revenue": 2566000000,
    "revenueEstimated": 2403828571,
    "updatedFromDate": "2025-07-28",
    "fiscalDateEnding": "2025-03-31"
  },
  {
    "date": "2025-02-10",
    "symbol": "CINF",
    "eps": 3.14,
    "epsEstimated": 1.9,
    "time": "amc",
    "revenue": 2538000000,
    "revenueEstimated": 2327296786,
    "updatedFromDate": "2025-05-10",
    "fiscalDateEnding": "2024-12-31"
  },
  {
    "date": "2024-10-24",
    "symbol": "CINF",
    "eps": 1.42,
    "epsEstimated": 1.46,
    "time": "amc",
    "revenue": 3320000000,
    "revenueEstimated": 2254000000,
    "updatedFromDate": "2025-04-25",
    "fiscalDateEnding": "2024-09-30"
  },
  {
    "date": "2024-07-25",
    "symbol": "CINF",
    "eps": 1.29,
    "epsEstimated": 0.961,
    "time": "amc",
    "revenue": 2544000000,
    "revenueEstimated": 2211151143,
    "updatedFromDate": "2025-04-25",
    "fiscalDateEnding": "2024-06-30"
  },
  {
    "date": "2024-04-25",
    "symbol": "CINF",
    "eps": 1.72,
    "epsEstimated": 1.69,
    "time": "amc",
    "revenue": 2935000000,
    "revenueEstimated": 2126028570,
    "updatedFromDate": "2025-04-25",
    "fiscalDateEnding": "2024-03-31"
  },
  {
    "date": "2024-02-06",
    "symbol": "CINF",
    "eps": 2.28,
    "epsEstimated": 1.93,
    "time": "amc",
    "revenue": 3356000000,
    "revenueEstimated": 2473740000,
    "updatedFromDate": "2025-04-25",
    "fiscalDateEnding": "2023-12-31"
  },
  {
    "date": "2023-10-26",
    "symbol": "CINF",
    "eps": 1.66,
    "epsEstimated": 1.07,
    "time": "amc",
    "revenue": 1811000000,
    "revenueEstimated": 2239670000,
    "updatedFromDate": "2025-04-25",
    "fiscalDateEnding": "2023-09-30"
  },
  {
    "date": "2023-07-27",
    "symbol": "CINF",
    "eps": 1.21,
    "epsEstimated": 0.72,
    "time": "amc",
    "revenue": 2605000000,
    "revenueEstimated": 1866000000,
    "updatedFromDate": "2025-04-25",
    "fiscalDateEnding": "2023-06-30"
  },
  {
    "date": "2023-04-27",
    "symbol": "CINF",
    "eps": 0.89,
    "epsEstimated": 0.68,
    "time": "amc",
    "revenue": 2241000000,
    "revenueEstimated": 2177770000,
    "updatedFromDate": "2025-04-25",
    "fiscalDateEnding": "2023-03-31"
  },
  {
    "date": "2023-02-06",
    "symbol": "CINF",
    "eps": 1.27,
    "epsEstimated": 1.28,
    "time": "amc",
    "revenue": 3114000000,
    "revenueEstimated": 1866120000,
    "updatedFromDate": "2025-04-25",
    "fiscalDateEnding": "2022-12-31"
  },
  {
    "date": "2022-10-31",
    "symbol": "CINF",
    "eps": 0.73,
    "epsEstimated": 0.71,
    "time": "amc",
    "revenue": 1410000000,
    "revenueEstimated": 1853920000,
    "updatedFromDate": "2025-04-25",
    "fiscalDateEnding": "2022-09-30"
  },
  {
    "date": "2022-07-27",
    "symbol": "CINF",
    "eps": 0.65,
    "epsEstimated": 1.05,
    "time": "amc",
    "revenue": 820000000,
    "revenueEstimated": 1744275000,
    "updatedFromDate": "2025-04-25",
    "fiscalDateEnding": "2022-06-30"
  },
  {
    "date": "2022-04-28",
    "symbol": "CINF",
    "eps": 1.58,
    "epsEstimated": 1.48,
    "time": "amc",
    "revenue": 1218000000,
    "revenueEstimated": 1654100000,
    "updatedFromDate": "2025-04-25",
    "fiscalDateEnding": "2022-03-31"
  },
  {
    "date": "2022-02-15",
    "symbol": "CINF",
    "eps": 1.97,
    "epsEstimated": 1.5,
    "time": "amc",
    "revenue": 3323000000,
    "revenueEstimated": 1611150000,
    "updatedFromDate": "2025-04-25",
    "fiscalDateEnding": "2021-12-31"
  },
  {
    "date": "2021-10-27",
    "symbol": "CINF",
    "eps": 1.28,
    "epsEstimated": 1.15,
    "time": "amc",
    "revenue": 1785000000,
    "revenueEstimated": 1762730000,
    "updatedFromDate": "2025-04-25",
    "fiscalDateEnding": "2021-09-30"
  },
  {
    "date": "2021-07-28",
    "symbol": "CINF",
    "eps": 1.79,
    "epsEstimated": 0.99,
    "time": "amc",
    "revenue": 2295000000,
    "revenueEstimated": 1635187496,
    "updatedFromDate": "2025-04-25",
    "fiscalDateEnding": "2021-06-30"
  },
  {
    "date": "2021-04-28",
    "symbol": "CINF",
    "eps": 1.37,
    "epsEstimated": 1.05,
    "time": "amc",
    "revenue": 2227000000,
    "revenueEstimated": 1679070000,
    "updatedFromDate": "2025-04-25",
    "fiscalDateEnding": "2021-03-31"
  },
  {
    "date": "2021-02-10",
    "symbol": "CINF",
    "eps": 1.61,
    "epsEstimated": 1.17,
    "time": "amc",
    "revenue": 2694000000,
    "revenueEstimated": 1655200000,
    "updatedFromDate": "2025-04-25",
    "fiscalDateEnding": "2020-12-31"
  },
  {
    "date": "2020-10-26",
    "symbol": "CINF",
    "eps": 0.39,
    "epsEstimated": 0.41,
    "time": "amc",
    "revenue": 2227000000,
    "revenueEstimated": 1884384615,
    "updatedFromDate": "2025-04-25",
    "fiscalDateEnding": "2020-09-30"
  },
  {
    "date": "2020-07-27",
    "symbol": "CINF",
    "eps": 0.44,
    "epsEstimated": 0.41,
    "time": "amc",
    "revenue": 2714000000,
    "revenueEstimated": 1318909090,
    "updatedFromDate": "2025-04-25",
    "fiscalDateEnding": "2020-06-30"
  },
  {
    "date": "2020-04-27",
    "symbol": "CINF",
    "eps": 0.84,
    "epsEstimated": 1.1,
    "time": "amc",
    "revenue": -99000000,
    "revenueEstimated": 1826250000,
    "updatedFromDate": "2025-04-25",
    "fiscalDateEnding": "2020-03-31"
  },
  {
    "date": "2020-02-05",
    "symbol": "CINF",
    "eps": 1.23,
    "epsEstimated": 1.11,
    "time": "amc",
    "revenue": 2152000000,
    "revenueEstimated": 1305829268,
    "updatedFromDate": "2025-04-25",
    "fiscalDateEnding": "2019-12-31"
  },
  {
    "date": "2019-10-24",
    "symbol": "CINF",
    "eps": 1.08,
    "epsEstimated": 0.89,
    "time": "amc",
    "revenue": 1700000000,
    "revenueEstimated": 1197379629,
    "updatedFromDate": "2025-04-25",
    "fiscalDateEnding": "2019-09-30"
  },
  {
    "date": "2019-07-30",
    "symbol": "CINF",
    "eps": 0.85,
    "epsEstimated": 0.64,
    "time": "amc",
    "revenue": 1913000000,
    "revenueEstimated": 1062176470,
    "updatedFromDate": "2025-04-25",
    "fiscalDateEnding": "2019-06-30"
  },
  {
    "date": "2019-04-24",
    "symbol": "CINF",
    "eps": 1.05,
    "epsEstimated": 0.94,
    "time": "amc",
    "revenue": 2159000000,
    "revenueEstimated": 1122209523,
    "updatedFromDate": "2025-04-25",
    "fiscalDateEnding": "2019-03-31"
  },
  {
    "date": "2019-02-06",
    "symbol": "CINF",
    "eps": 0.98,
    "epsEstimated": 0.8,
    "time": "amc",
    "revenue": 710000000,
    "revenueEstimated": 1134000000,
    "updatedFromDate": "2025-04-25",
    "fiscalDateEnding": "2018-12-31"
  },
  {
    "date": "2018-10-25",
    "symbol": "CINF",
    "eps": 0.84,
    "epsEstimated": 0.75,
    "time": "amc",
    "revenue": 1915000000,
    "revenueEstimated": 1178904761,
    "updatedFromDate": "2025-04-25",
    "fiscalDateEnding": "2018-09-30"
  },
  {
    "date": "2018-07-26",
    "symbol": "CINF",
    "eps": 0.81,
    "epsEstimated": 0.54,
    "time": "amc",
    "revenue": 1558000000,
    "revenueEstimated": 946185185,
    "updatedFromDate": "2025-04-25",
    "fiscalDateEnding": "2018-06-30"
  },
  {
    "date": "2018-04-25",
    "symbol": "CINF",
    "eps": 0.72,
    "epsEstimated": 0.82,
    "time": "amc",
    "revenue": 1224000000,
    "revenueEstimated": 1405555555,
    "updatedFromDate": "2025-04-25",
    "fiscalDateEnding": "2018-03-31"
  },
  {
    "date": "2018-02-07",
    "symbol": "CINF",
    "eps": 0.93,
    "epsEstimated": 0.86,
    "time": "amc",
    "revenue": 1411000000,
    "revenueEstimated": 1167935483,
    "updatedFromDate": "2025-04-25",
    "fiscalDateEnding": "2017-12-31"
  },
  {
    "date": "2017-10-26",
    "symbol": "CINF",
    "eps": 0.58,
    "epsEstimated": 0.52,
    "time": "amc",
    "revenue": 1412000000,
    "revenueEstimated": 1122482758,
    "updatedFromDate": "2025-04-25",
    "fiscalDateEnding": "2017-09-30"
  },
  {
    "date": "2017-08-02",
    "symbol": "CINF",
    "eps": 0.64,
    "epsEstimated": 0.51,
    "time": "amc",
    "revenue": 1386000000,
    "revenueEstimated": 992906250,
    "updatedFromDate": "2025-04-25",
    "fiscalDateEnding": "2017-06-30"
  },
  {
    "date": "2017-04-26",
    "symbol": "CINF",
    "eps": 0.59,
    "epsEstimated": 0.54,
    "time": "amc",
    "revenue": 1523000000,
    "revenueEstimated": 1049389830,
    "updatedFromDate": "2025-04-25",
    "fiscalDateEnding": "2017-03-31"
  },
  {
    "date": "2017-02-08",
    "symbol": "CINF",
    "eps": 0.75,
    "epsEstimated": 0.66,
    "time": "amc",
    "revenue": 1312000000,
    "revenueEstimated": 1052480000,
    "updatedFromDate": "2025-04-25",
    "fiscalDateEnding": "2016-12-31"
  },
  {
    "date": "2016-10-25",
    "symbol": "CINF",
    "eps": 0.86,
    "epsEstimated": 0.78,
    "time": "amc",
    "revenue": 1402000000,
    "revenueEstimated": 1086558139,
    "updatedFromDate": "2025-04-25",
    "fiscalDateEnding": "2016-09-30"
  },
  {
    "date": "2016-07-26",
    "symbol": "CINF",
    "eps": 0.57,
    "epsEstimated": 0.43,
    "time": "amc",
    "revenue": 1371000000,
    "revenueEstimated": 888666666,
    "updatedFromDate": "2025-04-25",
    "fiscalDateEnding": "2016-06-30"
  }
]