[
  {
    "date": "2026-04-23",
    "symbol": "CL",
    "eps": null,
    "epsEstimated": null,
    "time": "bmo",
    "revenue": null,
    "revenueEstimated": null,
    "updatedFromDate": "2025-10-02",
    "fiscalDateEnding": "2026-03-30"
  },
  {
    "date": "2026-01-29",
    "symbol": "CL",
    "eps": null,
    "epsEstimated": null,
    "time": "bmo",
    "revenue": null,
    "revenueEstimated": null,
    "updatedFromDate": "2025-10-02",
    "fiscalDateEnding": "2025-12-30"
  },
  {
    "date": "2025-10-31",
    "symbol": "CL",
    "eps": null,
    "epsEstimated": 0.91,
    "time": "bmo",
    "revenue": null,
    "revenueEstimated": 5170749000,
    "updatedFromDate": "2025-10-02",
    "fiscalDateEnding": "2025-09-30"
  },
  {
    "date": "2025-08-01",
    "symbol": "CL",
    "eps": 0.92,
    "epsEstimated": 0.897,
    "time": "bmo",
    "revenue": 5110000000,
    "revenueEstimated": 5035560065,
    "updatedFromDate": "2025-10-02",
    "fiscalDateEnding": "2025-06-30"
  },
  {
    "date": "2025-04-25",
    "symbol": "CL",
    "eps": 0.91,
    "epsEstimated": 0.856,
    "time": "bmo",
    "revenue": 4911000000,
    "revenueEstimated": 4866430171,
    "updatedFromDate": "2025-07-25",
    "fiscalDateEnding": "2025-03-31"
  },
  {
    "date": "2025-01-31",
    "symbol": "CL",
    "eps": 0.91,
    "epsEstimated": 0.9,
    "time": "bmo",
    "revenue": 4945000000,
    "revenueEstimated": 4979520162,
    "updatedFromDate": "2025-05-01",
    "fiscalDateEnding": "2024-12-31"
  },
  {
    "date": "2024-10-25",
    "symbol": "CL",
    "eps": 0.91,
    "epsEstimated": 0.89,
    "time": "bmo",
    "revenue": 5033000000,
    "revenueEstimated": 5006002409,
    "updatedFromDate": "2025-04-25",
    "fiscalDateEnding": "2024-09-30"
  },
  {
    "date": "2024-07-26",
    "symbol": "CL",
    "eps": 0.91,
    "epsEstimated": 0.87,
    "time": "bmo",
    "revenue": 5058000000,
    "revenueEstimated": 5004255952,
    "updatedFromDate": "2025-04-25",
    "fiscalDateEnding": "2024-06-30"
  },
  {
    "date": "2024-04-26",
    "symbol": "CL",
    "eps": 0.86,
    "epsEstimated": 0.81,
    "time": "bmo",
    "revenue": 5065000000,
    "revenueEstimated": 4959767795,
    "updatedFromDate": "2025-04-25",
    "fiscalDateEnding": "2024-03-31"
  },
  {
    "date": "2024-01-26",
    "symbol": "CL",
    "eps": 0.87,
    "epsEstimated": 0.85,
    "time": "bmo",
    "revenue": 4950000000,
    "revenueEstimated": 4890170000,
    "updatedFromDate": "2025-04-25",
    "fiscalDateEnding": "2023-12-31"
  },
  {
    "date": "2023-10-27",
    "symbol": "CL",
    "eps": 0.86,
    "epsEstimated": 0.8,
    "time": "bmo",
    "revenue": 4915000000,
    "revenueEstimated": 4817870000,
    "updatedFromDate": "2025-04-25",
    "fiscalDateEnding": "2023-09-30"
  },
  {
    "date": "2023-07-28",
    "symbol": "CL",
    "eps": 0.77,
    "epsEstimated": 0.75,
    "time": "bmo",
    "revenue": 4822000000,
    "revenueEstimated": 4694440000,
    "updatedFromDate": "2025-04-25",
    "fiscalDateEnding": "2023-06-30"
  },
  {
    "date": "2023-04-28",
    "symbol": "CL",
    "eps": 0.73,
    "epsEstimated": 0.7,
    "time": "bmo",
    "revenue": 4770000000,
    "revenueEstimated": 4580770000,
    "updatedFromDate": "2025-04-25",
    "fiscalDateEnding": "2023-03-31"
  },
  {
    "date": "2023-01-27",
    "symbol": "CL",
    "eps": 0.77,
    "epsEstimated": 0.77,
    "time": "bmo",
    "revenue": 4629000000,
    "revenueEstimated": 4594050464,
    "updatedFromDate": "2025-04-25",
    "fiscalDateEnding": "2022-12-31"
  },
  {
    "date": "2022-10-28",
    "symbol": "CL",
    "eps": 0.74,
    "epsEstimated": 0.73,
    "time": "bmo",
    "revenue": 4455000000,
    "revenueEstimated": 4471683677,
    "updatedFromDate": "2025-04-25",
    "fiscalDateEnding": "2022-09-30"
  },
  {
    "date": "2022-07-29",
    "symbol": "CL",
    "eps": 0.72,
    "epsEstimated": 0.71,
    "time": "bmo",
    "revenue": 4484000000,
    "revenueEstimated": 4350413000,
    "updatedFromDate": "2025-04-25",
    "fiscalDateEnding": "2022-06-30"
  },
  {
    "date": "2022-04-29",
    "symbol": "CL",
    "eps": 0.74,
    "epsEstimated": 0.74,
    "time": "bmo",
    "revenue": 4399000000,
    "revenueEstimated": 4398031786,
    "updatedFromDate": "2025-04-25",
    "fiscalDateEnding": "2022-03-31"
  },
  {
    "date": "2022-01-28",
    "symbol": "CL",
    "eps": 0.79,
    "epsEstimated": 0.79,
    "time": "bmo",
    "revenue": 4403000000,
    "revenueEstimated": 4417052462,
    "updatedFromDate": "2025-04-25",
    "fiscalDateEnding": "2021-12-31"
  },
  {
    "date": "2021-10-29",
    "symbol": "CL",
    "eps": 0.81,
    "epsEstimated": 0.79,
    "time": "bmo",
    "revenue": 4414000000,
    "revenueEstimated": 4402450000,
    "updatedFromDate": "2025-04-25",
    "fiscalDateEnding": "2021-09-30"
  },
  {
    "date": "2021-07-30",
    "symbol": "CL",
    "eps": 0.8,
    "epsEstimated": 0.8,
    "time": "bmo",
    "revenue": 4260000000,
    "revenueEstimated": 4260000000,
    "updatedFromDate": "2025-04-25",
    "fiscalDateEnding": "2021-06-30"
  },
  {
    "date": "2021-04-30",
    "symbol": "CL",
    "eps": 0.8,
    "epsEstimated": 0.79,
    "time": "bmo",
    "revenue": 4344000000,
    "revenueEstimated": 4289012658,
    "updatedFromDate": "2025-04-25",
    "fiscalDateEnding": "2021-03-31"
  },
  {
    "date": "2021-01-29",
    "symbol": "CL",
    "eps": 0.77,
    "epsEstimated": 0.76,
    "time": "bmo",
    "revenue": 4324000000,
    "revenueEstimated": 4267105263,
    "updatedFromDate": "2025-04-25",
    "fiscalDateEnding": "2020-12-31"
  },
  {
    "date": "2020-10-30",
    "symbol": "CL",
    "eps": 0.79,
    "epsEstimated": 0.7,
    "time": "bmo",
    "revenue": 4153000000,
    "revenueEstimated": 3679873417,
    "updatedFromDate": "2025-04-25",
    "fiscalDateEnding": "2020-09-30"
  },
  {
    "date": "2020-07-31",
    "symbol": "CL",
    "eps": 0.74,
    "epsEstimated": 0.7,
    "time": "bmo",
    "revenue": 3897000000,
    "revenueEstimated": 3686351351,
    "updatedFromDate": "2025-04-25",
    "fiscalDateEnding": "2020-06-30"
  },
  {
    "date": "2020-05-01",
    "symbol": "CL",
    "eps": 0.75,
    "epsEstimated": 0.74,
    "time": "bmo",
    "revenue": 4097000000,
    "revenueEstimated": 4042373333,
    "updatedFromDate": "2025-04-25",
    "fiscalDateEnding": "2020-03-31"
  },
  {
    "date": "2020-01-31",
    "symbol": "CL",
    "eps": 0.73,
    "epsEstimated": 0.73,
    "time": "bmo",
    "revenue": 4015000000,
    "revenueEstimated": 4015000000,
    "updatedFromDate": "2025-04-25",
    "fiscalDateEnding": "2019-12-31"
  },
  {
    "date": "2019-11-01",
    "symbol": "CL",
    "eps": 0.71,
    "epsEstimated": 0.7,
    "time": "bmo",
    "revenue": 3928000000,
    "revenueEstimated": 3872676056,
    "updatedFromDate": "2025-04-25",
    "fiscalDateEnding": "2019-09-30"
  },
  {
    "date": "2019-07-26",
    "symbol": "CL",
    "eps": 0.72,
    "epsEstimated": 0.72,
    "time": "bmo",
    "revenue": 3866000000,
    "revenueEstimated": 3919694444,
    "updatedFromDate": "2025-04-25",
    "fiscalDateEnding": "2019-06-30"
  },
  {
    "date": "2019-04-26",
    "symbol": "CL",
    "eps": 0.67,
    "epsEstimated": 0.66,
    "time": "bmo",
    "revenue": 3884000000,
    "revenueEstimated": 3826029850,
    "updatedFromDate": "2025-04-25",
    "fiscalDateEnding": "2019-03-31"
  },
  {
    "date": "2019-01-25",
    "symbol": "CL",
    "eps": 0.74,
    "epsEstimated": 0.73,
    "time": "bmo",
    "revenue": 3811000000,
    "revenueEstimated": 3759500000,
    "updatedFromDate": "2025-04-25",
    "fiscalDateEnding": "2018-12-31"
  },
  {
    "date": "2018-10-26",
    "symbol": "CL",
    "eps": 0.72,
    "epsEstimated": 0.72,
    "time": "bmo",
    "revenue": 3845000000,
    "revenueEstimated": 3845000000,
    "updatedFromDate": "2025-04-25",
    "fiscalDateEnding": "2018-09-30"
  },
  {
    "date": "2018-07-27",
    "symbol": "CL",
    "eps": 0.77,
    "epsEstimated": 0.77,
    "time": "bmo",
    "revenue": 3886000000,
    "revenueEstimated": 3886000000,
    "updatedFromDate": "2025-04-25",
    "fiscalDateEnding": "2018-06-30"
  },
  {
    "date": "2018-04-27",
    "symbol": "CL",
    "eps": 0.74,
    "epsEstimated": 0.72,
    "time": "bmo",
    "revenue": 4002000000,
    "revenueEstimated": 3947918918,
    "updatedFromDate": "2025-04-25",
    "fiscalDateEnding": "2018-03-31"
  },
  {
    "date": "2018-01-26",
    "symbol": "CL",
    "eps": 0.75,
    "epsEstimated": 0.75,
    "time": "bmo",
    "revenue": 3892000000,
    "revenueEstimated": 3892000000,
    "updatedFromDate": "2025-04-25",
    "fiscalDateEnding": "2017-12-31"
  },
  {
    "date": "2017-10-27",
    "symbol": "CL",
    "eps": 0.73,
    "epsEstimated": 0.73,
    "time": "bmo",
    "revenue": 3974000000,
    "revenueEstimated": 3974000000,
    "updatedFromDate": "2025-04-25",
    "fiscalDateEnding": "2017-09-30"
  },
  {
    "date": "2017-07-21",
    "symbol": "CL",
    "eps": 0.72,
    "epsEstimated": 0.72,
    "time": "bmo",
    "revenue": 3826000000,
    "revenueEstimated": 3826000000,
    "updatedFromDate": "2025-04-25",
    "fiscalDateEnding": "2017-06-30"
  },
  {
    "date": "2017-04-28",
    "symbol": "CL",
    "eps": 0.67,
    "epsEstimated": 0.66,
    "time": "bmo",
    "revenue": 3762000000,
    "revenueEstimated": 3705850746,
    "updatedFromDate": "2025-04-25",
    "fiscalDateEnding": "2017-03-31"
  },
  {
    "date": "2017-01-27",
    "symbol": "CL",
    "eps": 0.75,
    "epsEstimated": 0.75,
    "time": "bmo",
    "revenue": 3721000000,
    "revenueEstimated": 3721000000,
    "updatedFromDate": "2025-04-25",
    "fiscalDateEnding": "2016-12-31"
  },
  {
    "date": "2016-10-27",
    "symbol": "CL",
    "eps": 0.73,
    "epsEstimated": 0.73,
    "time": "bmo",
    "revenue": 3867000000,
    "revenueEstimated": 3867000000,
    "updatedFromDate": "2025-04-25",
    "fiscalDateEnding": "2016-09-30"
  },
  {
    "date": "2016-07-28",
    "symbol": "CL",
    "eps": 0.7,
    "epsEstimated": 0.69,
    "time": "bmo",
    "revenue": 3845000000,
    "revenueEstimated": 3790071428,
    "updatedFromDate": "2025-04-25",
    "fiscalDateEnding": "2016-06-30"
  }
]