[
  {
    "date": "2026-05-04",
    "symbol": "CLX",
    "eps": null,
    "epsEstimated": null,
    "time": "amc",
    "revenue": null,
    "revenueEstimated": null,
    "updatedFromDate": "2025-10-02",
    "fiscalDateEnding": "2026-03-30"
  },
  {
    "date": "2026-02-02",
    "symbol": "CLX",
    "eps": null,
    "epsEstimated": null,
    "time": "amc",
    "revenue": null,
    "revenueEstimated": null,
    "updatedFromDate": "2025-10-02",
    "fiscalDateEnding": "2025-12-30"
  },
  {
    "date": "2025-10-29",
    "symbol": "CLX",
    "eps": null,
    "epsEstimated": 0.83,
    "time": "bmo",
    "revenue": null,
    "revenueEstimated": 1409825710,
    "updatedFromDate": "2025-10-02",
    "fiscalDateEnding": "2025-09-30"
  },
  {
    "date": "2025-07-31",
    "symbol": "CLX",
    "eps": 2.87,
    "epsEstimated": 2.2,
    "time": "amc",
    "revenue": 1988000000,
    "revenueEstimated": 1928654767,
    "updatedFromDate": "2025-10-02",
    "fiscalDateEnding": "2025-06-30"
  },
  {
    "date": "2025-05-05",
    "symbol": "CLX",
    "eps": 1.45,
    "epsEstimated": 1.55,
    "time": "amc",
    "revenue": 1668000000,
    "revenueEstimated": 1715148337,
    "updatedFromDate": "2025-08-05",
    "fiscalDateEnding": "2025-03-31"
  },
  {
    "date": "2025-02-03",
    "symbol": "CLX",
    "eps": 1.55,
    "epsEstimated": 1.39,
    "time": "amc",
    "revenue": 1686000000,
    "revenueEstimated": 1761272940,
    "updatedFromDate": "2025-05-02",
    "fiscalDateEnding": "2024-12-31"
  },
  {
    "date": "2024-10-30",
    "symbol": "CLX",
    "eps": 1.86,
    "epsEstimated": 1.41,
    "time": "amc",
    "revenue": 1762000000,
    "revenueEstimated": 1648172795,
    "updatedFromDate": "2025-04-25",
    "fiscalDateEnding": "2024-09-30"
  },
  {
    "date": "2024-08-01",
    "symbol": "CLX",
    "eps": 1.82,
    "epsEstimated": 1.56,
    "time": "amc",
    "revenue": 1903000000,
    "revenueEstimated": 1948741886,
    "updatedFromDate": "2025-04-25",
    "fiscalDateEnding": "2024-06-30"
  },
  {
    "date": "2024-04-30",
    "symbol": "CLX",
    "eps": 1.71,
    "epsEstimated": 1.36,
    "time": "amc",
    "revenue": 1814000000,
    "revenueEstimated": 1869768333,
    "updatedFromDate": "2025-04-25",
    "fiscalDateEnding": "2024-03-31"
  },
  {
    "date": "2024-02-01",
    "symbol": "CLX",
    "eps": 2.16,
    "epsEstimated": 1.08,
    "time": "amc",
    "revenue": 1990000000,
    "revenueEstimated": 1803790000,
    "updatedFromDate": "2025-04-25",
    "fiscalDateEnding": "2023-12-31"
  },
  {
    "date": "2023-11-01",
    "symbol": "CLX",
    "eps": 0.49,
    "epsEstimated": -0.2,
    "time": "amc",
    "revenue": 1386000000,
    "revenueEstimated": 1307580000,
    "updatedFromDate": "2025-04-25",
    "fiscalDateEnding": "2023-09-30"
  },
  {
    "date": "2023-08-02",
    "symbol": "CLX",
    "eps": 1.67,
    "epsEstimated": 1.18,
    "time": "amc",
    "revenue": 2019000000,
    "revenueEstimated": 1876700000,
    "updatedFromDate": "2025-04-25",
    "fiscalDateEnding": "2023-06-30"
  },
  {
    "date": "2023-05-02",
    "symbol": "CLX",
    "eps": 1.51,
    "epsEstimated": 1.2,
    "time": "amc",
    "revenue": 1915000000,
    "revenueEstimated": 1818290000,
    "updatedFromDate": "2025-04-25",
    "fiscalDateEnding": "2023-03-31"
  },
  {
    "date": "2023-02-02",
    "symbol": "CLX",
    "eps": 0.98,
    "epsEstimated": 0.65,
    "time": "amc",
    "revenue": 1715000000,
    "revenueEstimated": 1659187462,
    "updatedFromDate": "2025-04-25",
    "fiscalDateEnding": "2022-12-31"
  },
  {
    "date": "2022-11-01",
    "symbol": "CLX",
    "eps": 0.93,
    "epsEstimated": 0.73,
    "time": "amc",
    "revenue": 1740000000,
    "revenueEstimated": 1693242251,
    "updatedFromDate": "2025-04-25",
    "fiscalDateEnding": "2022-09-30"
  },
  {
    "date": "2022-08-03",
    "symbol": "CLX",
    "eps": 0.93,
    "epsEstimated": 0.93,
    "time": "amc",
    "revenue": 1801000000,
    "revenueEstimated": 1864862500,
    "updatedFromDate": "2025-04-25",
    "fiscalDateEnding": "2022-06-30"
  },
  {
    "date": "2022-05-02",
    "symbol": "CLX",
    "eps": 1.31,
    "epsEstimated": 0.97,
    "time": "amc",
    "revenue": 1809000000,
    "revenueEstimated": 1793912364,
    "updatedFromDate": "2025-04-25",
    "fiscalDateEnding": "2022-03-31"
  },
  {
    "date": "2022-02-03",
    "symbol": "CLX",
    "eps": 0.66,
    "epsEstimated": 0.84,
    "time": "amc",
    "revenue": 1691000000,
    "revenueEstimated": 1667935000,
    "updatedFromDate": "2025-04-25",
    "fiscalDateEnding": "2021-12-31"
  },
  {
    "date": "2021-11-01",
    "symbol": "CLX",
    "eps": 1.21,
    "epsEstimated": 1.03,
    "time": "amc",
    "revenue": 1806000000,
    "revenueEstimated": 1686300000,
    "updatedFromDate": "2025-04-25",
    "fiscalDateEnding": "2021-09-30"
  },
  {
    "date": "2021-08-03",
    "symbol": "CLX",
    "eps": 0.95,
    "epsEstimated": 1.35,
    "time": "bmo",
    "revenue": 1802000000,
    "revenueEstimated": 1802000000,
    "updatedFromDate": "2025-04-25",
    "fiscalDateEnding": "2021-06-30"
  },
  {
    "date": "2021-04-30",
    "symbol": "CLX",
    "eps": 1.62,
    "epsEstimated": 1.47,
    "time": "bmo",
    "revenue": 1781000000,
    "revenueEstimated": 1862180000,
    "updatedFromDate": "2025-04-25",
    "fiscalDateEnding": "2021-03-31"
  },
  {
    "date": "2021-02-04",
    "symbol": "CLX",
    "eps": 2.03,
    "epsEstimated": 1.78,
    "time": "bmo",
    "revenue": 1842000000,
    "revenueEstimated": 1583292134,
    "updatedFromDate": "2025-04-25",
    "fiscalDateEnding": "2020-12-31"
  },
  {
    "date": "2020-11-02",
    "symbol": "CLX",
    "eps": 3.22,
    "epsEstimated": 2.32,
    "time": "bmo",
    "revenue": 1916000000,
    "revenueEstimated": 1759086205,
    "updatedFromDate": "2025-04-25",
    "fiscalDateEnding": "2020-09-30"
  },
  {
    "date": "2020-08-03",
    "symbol": "CLX",
    "eps": 2.41,
    "epsEstimated": 1.99,
    "time": "bmo",
    "revenue": 1983000000,
    "revenueEstimated": 1637414937,
    "updatedFromDate": "2025-04-25",
    "fiscalDateEnding": "2020-06-30"
  },
  {
    "date": "2020-05-01",
    "symbol": "CLX",
    "eps": 1.89,
    "epsEstimated": 1.67,
    "time": "bmo",
    "revenue": 1783000000,
    "revenueEstimated": 1575455026,
    "updatedFromDate": "2025-04-25",
    "fiscalDateEnding": "2020-03-31"
  },
  {
    "date": "2020-02-04",
    "symbol": "CLX",
    "eps": 1.46,
    "epsEstimated": 1.31,
    "time": "bmo",
    "revenue": 1449000000,
    "revenueEstimated": 1300130136,
    "updatedFromDate": "2025-04-25",
    "fiscalDateEnding": "2019-12-31"
  },
  {
    "date": "2019-10-31",
    "symbol": "CLX",
    "eps": 1.59,
    "epsEstimated": 1.54,
    "time": "bmo",
    "revenue": 1506000000,
    "revenueEstimated": 1458641509,
    "updatedFromDate": "2025-04-25",
    "fiscalDateEnding": "2019-09-30"
  },
  {
    "date": "2019-08-01",
    "symbol": "CLX",
    "eps": 1.88,
    "epsEstimated": 1.83,
    "time": "bmo",
    "revenue": 1627000000,
    "revenueEstimated": 1583728723,
    "updatedFromDate": "2025-04-25",
    "fiscalDateEnding": "2019-06-30"
  },
  {
    "date": "2019-05-01",
    "symbol": "CLX",
    "eps": 1.44,
    "epsEstimated": 1.45,
    "time": "bmo",
    "revenue": 1551000000,
    "revenueEstimated": 1561770833,
    "updatedFromDate": "2025-04-25",
    "fiscalDateEnding": "2019-03-31"
  },
  {
    "date": "2019-02-04",
    "symbol": "CLX",
    "eps": 1.4,
    "epsEstimated": 1.3,
    "time": "bmo",
    "revenue": 1473000000,
    "revenueEstimated": 1367785714,
    "updatedFromDate": "2025-04-25",
    "fiscalDateEnding": "2018-12-31"
  },
  {
    "date": "2018-10-31",
    "symbol": "CLX",
    "eps": 1.62,
    "epsEstimated": 1.58,
    "time": "bmo",
    "revenue": 1563000000,
    "revenueEstimated": 1524407407,
    "updatedFromDate": "2025-04-25",
    "fiscalDateEnding": "2018-09-30"
  },
  {
    "date": "2018-08-02",
    "symbol": "CLX",
    "eps": 1.58,
    "epsEstimated": 1.57,
    "time": "bmo",
    "revenue": 1691000000,
    "revenueEstimated": 1680297468,
    "updatedFromDate": "2025-04-25",
    "fiscalDateEnding": "2018-06-30"
  },
  {
    "date": "2018-05-02",
    "symbol": "CLX",
    "eps": 1.37,
    "epsEstimated": 1.31,
    "time": "bmo",
    "revenue": 1517000000,
    "revenueEstimated": 1450562043,
    "updatedFromDate": "2025-04-25",
    "fiscalDateEnding": "2018-03-31"
  },
  {
    "date": "2018-02-02",
    "symbol": "CLX",
    "eps": 1.23,
    "epsEstimated": 1.22,
    "time": "bmo",
    "revenue": 1416000000,
    "revenueEstimated": 983999999,
    "updatedFromDate": "2025-04-25",
    "fiscalDateEnding": "2017-12-31"
  },
  {
    "date": "2017-11-01",
    "symbol": "CLX",
    "eps": 1.46,
    "epsEstimated": 1.41,
    "time": "bmo",
    "revenue": 1500000000,
    "revenueEstimated": 1458904109,
    "updatedFromDate": "2025-04-25",
    "fiscalDateEnding": "2017-09-30"
  },
  {
    "date": "2017-08-03",
    "symbol": "CLX",
    "eps": 1.52,
    "epsEstimated": 1.49,
    "time": "bmo",
    "revenue": 1647000000,
    "revenueEstimated": 1614493421,
    "updatedFromDate": "2025-04-25",
    "fiscalDateEnding": "2017-06-30"
  },
  {
    "date": "2017-05-03",
    "symbol": "CLX",
    "eps": 1.31,
    "epsEstimated": 1.3,
    "time": "bmo",
    "revenue": 1477000000,
    "revenueEstimated": 1465725190,
    "updatedFromDate": "2025-04-25",
    "fiscalDateEnding": "2017-03-31"
  },
  {
    "date": "2017-02-03",
    "symbol": "CLX",
    "eps": 1.25,
    "epsEstimated": 1.22,
    "time": "bmo",
    "revenue": 1406000000,
    "revenueEstimated": 1504666666,
    "updatedFromDate": "2025-04-25",
    "fiscalDateEnding": "2016-12-31"
  },
  {
    "date": "2016-11-02",
    "symbol": "CLX",
    "eps": 1.32,
    "epsEstimated": 1.42,
    "time": "bmo",
    "revenue": 1443000000,
    "revenueEstimated": 1506661764,
    "updatedFromDate": "2025-04-25",
    "fiscalDateEnding": "2016-09-30"
  },
  {
    "date": "2016-08-03",
    "symbol": "CLX",
    "eps": 1.3,
    "epsEstimated": 1.28,
    "time": "bmo",
    "revenue": 1600000000,
    "revenueEstimated": 1575384615,
    "updatedFromDate": "2025-04-25",
    "fiscalDateEnding": "2016-06-30"
  }
]