[
  {
    "date": "2026-04-22",
    "symbol": "CMCSA",
    "eps": null,
    "epsEstimated": null,
    "time": "bmo",
    "revenue": null,
    "revenueEstimated": null,
    "updatedFromDate": "2025-10-01",
    "fiscalDateEnding": "2026-03-30"
  },
  {
    "date": "2026-01-28",
    "symbol": "CMCSA",
    "eps": null,
    "epsEstimated": null,
    "time": "bmo",
    "revenue": null,
    "revenueEstimated": null,
    "updatedFromDate": "2025-10-01",
    "fiscalDateEnding": "2025-12-30"
  },
  {
    "date": "2025-10-30",
    "symbol": "CMCSA",
    "eps": null,
    "epsEstimated": 1.11,
    "time": "bmo",
    "revenue": null,
    "revenueEstimated": 30743190640,
    "updatedFromDate": "2025-10-01",
    "fiscalDateEnding": "2025-09-30"
  },
  {
    "date": "2025-07-31",
    "symbol": "CMCSA",
    "eps": 1.25,
    "epsEstimated": 1.16,
    "time": "bmo",
    "revenue": 30313000000,
    "revenueEstimated": 29801566786,
    "updatedFromDate": "2025-10-01",
    "fiscalDateEnding": "2025-06-30"
  },
  {
    "date": "2025-04-24",
    "symbol": "CMCSA",
    "eps": 1.09,
    "epsEstimated": 0.987,
    "time": "bmo",
    "revenue": 29887000000,
    "revenueEstimated": 29768319028,
    "updatedFromDate": "2025-07-24",
    "fiscalDateEnding": "2025-03-31"
  },
  {
    "date": "2025-01-30",
    "symbol": "CMCSA",
    "eps": 0.96,
    "epsEstimated": 0.862,
    "time": "bmo",
    "revenue": 31915000000,
    "revenueEstimated": 31609110215,
    "updatedFromDate": "2025-04-30",
    "fiscalDateEnding": "2024-12-31"
  },
  {
    "date": "2024-10-31",
    "symbol": "CMCSA",
    "eps": 1.12,
    "epsEstimated": 1.06,
    "time": "bmo",
    "revenue": 32070000000,
    "revenueEstimated": 31786853468,
    "updatedFromDate": "2025-04-25",
    "fiscalDateEnding": "2024-09-30"
  },
  {
    "date": "2024-07-23",
    "symbol": "CMCSA",
    "eps": 1.21,
    "epsEstimated": 1.12,
    "time": "bmo",
    "revenue": 29688000000,
    "revenueEstimated": 30034583424,
    "updatedFromDate": "2025-04-25",
    "fiscalDateEnding": "2024-06-30"
  },
  {
    "date": "2024-04-25",
    "symbol": "CMCSA",
    "eps": 1.04,
    "epsEstimated": 0.99,
    "time": "bmo",
    "revenue": 30058000000,
    "revenueEstimated": 29829235216,
    "updatedFromDate": "2025-04-25",
    "fiscalDateEnding": "2024-03-31"
  },
  {
    "date": "2024-01-25",
    "symbol": "CMCSA",
    "eps": 0.84,
    "epsEstimated": 0.79,
    "time": "bmo",
    "revenue": 31253000000,
    "revenueEstimated": 30495500000,
    "updatedFromDate": "2025-04-25",
    "fiscalDateEnding": "2023-12-31"
  },
  {
    "date": "2023-10-26",
    "symbol": "CMCSA",
    "eps": 1.08,
    "epsEstimated": 0.95,
    "time": "bmo",
    "revenue": 30115000000,
    "revenueEstimated": 29718000000,
    "updatedFromDate": "2025-04-25",
    "fiscalDateEnding": "2023-09-30"
  },
  {
    "date": "2023-07-27",
    "symbol": "CMCSA",
    "eps": 1.13,
    "epsEstimated": 0.97,
    "time": "bmo",
    "revenue": 30513000000,
    "revenueEstimated": 30132000000,
    "updatedFromDate": "2025-04-25",
    "fiscalDateEnding": "2023-06-30"
  },
  {
    "date": "2023-04-27",
    "symbol": "CMCSA",
    "eps": 0.92,
    "epsEstimated": 0.82,
    "time": "bmo",
    "revenue": 29691000000,
    "revenueEstimated": 29302900000,
    "updatedFromDate": "2025-04-25",
    "fiscalDateEnding": "2023-03-31"
  },
  {
    "date": "2023-01-26",
    "symbol": "CMCSA",
    "eps": 0.82,
    "epsEstimated": 0.77,
    "time": "bmo",
    "revenue": 30552000000,
    "revenueEstimated": 30353425111,
    "updatedFromDate": "2025-04-25",
    "fiscalDateEnding": "2022-12-31"
  },
  {
    "date": "2022-10-27",
    "symbol": "CMCSA",
    "eps": 0.96,
    "epsEstimated": 0.89,
    "time": "bmo",
    "revenue": 29849000000,
    "revenueEstimated": 29565813090,
    "updatedFromDate": "2025-04-25",
    "fiscalDateEnding": "2022-09-30"
  },
  {
    "date": "2022-07-28",
    "symbol": "CMCSA",
    "eps": 1.01,
    "epsEstimated": 0.91,
    "time": "bmo",
    "revenue": 30016000000,
    "revenueEstimated": 29730571205,
    "updatedFromDate": "2025-04-25",
    "fiscalDateEnding": "2022-06-30"
  },
  {
    "date": "2022-04-28",
    "symbol": "CMCSA",
    "eps": 0.86,
    "epsEstimated": 0.8,
    "time": "bmo",
    "revenue": 31010000000,
    "revenueEstimated": 30499742984,
    "updatedFromDate": "2025-04-25",
    "fiscalDateEnding": "2022-03-31"
  },
  {
    "date": "2022-01-27",
    "symbol": "CMCSA",
    "eps": 0.77,
    "epsEstimated": 0.73,
    "time": "bmo",
    "revenue": 30336000000,
    "revenueEstimated": 30461100000,
    "updatedFromDate": "2025-04-25",
    "fiscalDateEnding": "2021-12-31"
  },
  {
    "date": "2021-10-28",
    "symbol": "CMCSA",
    "eps": 0.87,
    "epsEstimated": 0.75,
    "time": "bmo",
    "revenue": 30298000000,
    "revenueEstimated": 29765700000,
    "updatedFromDate": "2025-04-25",
    "fiscalDateEnding": "2021-09-30"
  },
  {
    "date": "2021-07-29",
    "symbol": "CMCSA",
    "eps": 0.84,
    "epsEstimated": 0.67,
    "time": "bmo",
    "revenue": 28546000000,
    "revenueEstimated": 27174600000,
    "updatedFromDate": "2025-04-25",
    "fiscalDateEnding": "2021-06-30"
  },
  {
    "date": "2021-04-29",
    "symbol": "CMCSA",
    "eps": 0.76,
    "epsEstimated": 0.59,
    "time": "bmo",
    "revenue": 27205000000,
    "revenueEstimated": 26809200000,
    "updatedFromDate": "2025-04-25",
    "fiscalDateEnding": "2021-03-31"
  },
  {
    "date": "2021-01-28",
    "symbol": "CMCSA",
    "eps": 0.56,
    "epsEstimated": 0.48,
    "time": "bmo",
    "revenue": 27708000000,
    "revenueEstimated": 23089999999,
    "updatedFromDate": "2025-04-25",
    "fiscalDateEnding": "2020-12-31"
  },
  {
    "date": "2020-10-29",
    "symbol": "CMCSA",
    "eps": 0.65,
    "epsEstimated": 0.51,
    "time": "bmo",
    "revenue": 25532000000,
    "revenueEstimated": 19149000000,
    "updatedFromDate": "2025-04-25",
    "fiscalDateEnding": "2020-09-30"
  },
  {
    "date": "2020-07-30",
    "symbol": "CMCSA",
    "eps": 0.69,
    "epsEstimated": 0.55,
    "time": "bmo",
    "revenue": 23715000000,
    "revenueEstimated": 18903260869,
    "updatedFromDate": "2025-04-25",
    "fiscalDateEnding": "2020-06-30"
  },
  {
    "date": "2020-04-30",
    "symbol": "CMCSA",
    "eps": 0.71,
    "epsEstimated": 0.69,
    "time": "bmo",
    "revenue": 26609000000,
    "revenueEstimated": 25484676056,
    "updatedFromDate": "2025-04-25",
    "fiscalDateEnding": "2020-03-31"
  },
  {
    "date": "2020-01-23",
    "symbol": "CMCSA",
    "eps": 0.79,
    "epsEstimated": 0.76,
    "time": "bmo",
    "revenue": 28398000000,
    "revenueEstimated": 27319594936,
    "updatedFromDate": "2025-04-25",
    "fiscalDateEnding": "2019-12-31"
  },
  {
    "date": "2019-10-24",
    "symbol": "CMCSA",
    "eps": 0.79,
    "epsEstimated": 0.75,
    "time": "bmo",
    "revenue": 26827000000,
    "revenueEstimated": 25468670886,
    "updatedFromDate": "2025-04-25",
    "fiscalDateEnding": "2019-09-30"
  },
  {
    "date": "2019-07-25",
    "symbol": "CMCSA",
    "eps": 0.78,
    "epsEstimated": 0.75,
    "time": "bmo",
    "revenue": 26858000000,
    "revenueEstimated": 25824999999,
    "updatedFromDate": "2025-04-25",
    "fiscalDateEnding": "2019-06-30"
  },
  {
    "date": "2019-04-25",
    "symbol": "CMCSA",
    "eps": 0.76,
    "epsEstimated": 0.68,
    "time": "bmo",
    "revenue": 26859000000,
    "revenueEstimated": 24031736842,
    "updatedFromDate": "2025-04-25",
    "fiscalDateEnding": "2019-03-31"
  },
  {
    "date": "2019-01-23",
    "symbol": "CMCSA",
    "eps": 0.64,
    "epsEstimated": 0.62,
    "time": "bmo",
    "revenue": 27846000000,
    "revenueEstimated": 26975812500,
    "updatedFromDate": "2025-04-25",
    "fiscalDateEnding": "2018-12-31"
  },
  {
    "date": "2018-10-25",
    "symbol": "CMCSA",
    "eps": 0.65,
    "epsEstimated": 0.61,
    "time": "bmo",
    "revenue": 22135000000,
    "revenueEstimated": 20772846153,
    "updatedFromDate": "2025-04-25",
    "fiscalDateEnding": "2018-09-30"
  },
  {
    "date": "2018-07-26",
    "symbol": "CMCSA",
    "eps": 0.65,
    "epsEstimated": 0.6,
    "time": "bmo",
    "revenue": 21735000000,
    "revenueEstimated": 20063076923,
    "updatedFromDate": "2025-04-25",
    "fiscalDateEnding": "2018-06-30"
  },
  {
    "date": "2018-04-25",
    "symbol": "CMCSA",
    "eps": 0.62,
    "epsEstimated": 0.59,
    "time": "bmo",
    "revenue": 22791000000,
    "revenueEstimated": 21688209677,
    "updatedFromDate": "2025-04-25",
    "fiscalDateEnding": "2018-03-31"
  },
  {
    "date": "2018-01-24",
    "symbol": "CMCSA",
    "eps": 0.49,
    "epsEstimated": 0.47,
    "time": "bmo",
    "revenue": 21915000000,
    "revenueEstimated": 21173979591,
    "updatedFromDate": "2025-04-25",
    "fiscalDateEnding": "2017-12-31"
  },
  {
    "date": "2017-10-26",
    "symbol": "CMCSA",
    "eps": 0.52,
    "epsEstimated": 0.5,
    "time": "bmo",
    "revenue": 20983000000,
    "revenueEstimated": 20270192307,
    "updatedFromDate": "2025-04-25",
    "fiscalDateEnding": "2017-09-30"
  },
  {
    "date": "2017-07-27",
    "symbol": "CMCSA",
    "eps": 0.52,
    "epsEstimated": 0.48,
    "time": "bmo",
    "revenue": 21165000000,
    "revenueEstimated": 19648615384,
    "updatedFromDate": "2025-04-25",
    "fiscalDateEnding": "2017-06-30"
  },
  {
    "date": "2017-04-27",
    "symbol": "CMCSA",
    "eps": 0.53,
    "epsEstimated": 0.44,
    "time": "bmo",
    "revenue": 20463000000,
    "revenueEstimated": 17479528301,
    "updatedFromDate": "2025-04-25",
    "fiscalDateEnding": "2017-03-31"
  },
  {
    "date": "2017-01-26",
    "symbol": "CMCSA",
    "eps": 0.45,
    "epsEstimated": 0.43,
    "time": "bmo",
    "revenue": 21025000000,
    "revenueEstimated": 20090555555,
    "updatedFromDate": "2025-04-25",
    "fiscalDateEnding": "2016-12-31"
  },
  {
    "date": "2016-10-26",
    "symbol": "CMCSA",
    "eps": 0.46,
    "epsEstimated": 0.46,
    "time": "bmo",
    "revenue": 21319000000,
    "revenueEstimated": 21319000000,
    "updatedFromDate": "2025-04-25",
    "fiscalDateEnding": "2016-09-30"
  },
  {
    "date": "2016-07-27",
    "symbol": "CMCSA",
    "eps": 0.42,
    "epsEstimated": 0.4,
    "time": "bmo",
    "revenue": 19269000000,
    "revenueEstimated": 18351428571,
    "updatedFromDate": "2025-04-25",
    "fiscalDateEnding": "2016-06-30"
  }
]