[
  {
    "date": "2026-04-21",
    "symbol": "CME",
    "eps": null,
    "epsEstimated": null,
    "time": "bmo",
    "revenue": null,
    "revenueEstimated": null,
    "updatedFromDate": "2025-10-02",
    "fiscalDateEnding": "2026-03-30"
  },
  {
    "date": "2026-02-10",
    "symbol": "CME",
    "eps": null,
    "epsEstimated": null,
    "time": "bmo",
    "revenue": null,
    "revenueEstimated": null,
    "updatedFromDate": "2025-10-02",
    "fiscalDateEnding": "2025-12-30"
  },
  {
    "date": "2025-10-22",
    "symbol": "CME",
    "eps": null,
    "epsEstimated": 2.73,
    "time": "bmo",
    "revenue": null,
    "revenueEstimated": 1568805700,
    "updatedFromDate": "2025-10-02",
    "fiscalDateEnding": "2025-09-30"
  },
  {
    "date": "2025-07-23",
    "symbol": "CME",
    "eps": 2.96,
    "epsEstimated": 2.91,
    "time": "bmo",
    "revenue": 1692000000,
    "revenueEstimated": 1685518277,
    "updatedFromDate": "2025-10-02",
    "fiscalDateEnding": "2025-06-30"
  },
  {
    "date": "2025-04-23",
    "symbol": "CME",
    "eps": 2.8,
    "epsEstimated": 2.8,
    "time": "bmo",
    "revenue": 1642300000,
    "revenueEstimated": 1644806673,
    "updatedFromDate": "2025-07-23",
    "fiscalDateEnding": "2025-03-31"
  },
  {
    "date": "2025-02-12",
    "symbol": "CME",
    "eps": 2.52,
    "epsEstimated": 2.46,
    "time": "bmo",
    "revenue": 1525300000,
    "revenueEstimated": 1514517535,
    "updatedFromDate": "2025-05-11",
    "fiscalDateEnding": "2024-12-31"
  },
  {
    "date": "2024-10-23",
    "symbol": "CME",
    "eps": 2.68,
    "epsEstimated": 2.66,
    "time": "bmo",
    "revenue": 1584400000,
    "revenueEstimated": 1588665198,
    "updatedFromDate": "2025-04-25",
    "fiscalDateEnding": "2024-09-30"
  },
  {
    "date": "2024-07-24",
    "symbol": "CME",
    "eps": 2.56,
    "epsEstimated": 2.53,
    "time": "bmo",
    "revenue": 1532500000,
    "revenueEstimated": 1533393935,
    "updatedFromDate": "2025-04-25",
    "fiscalDateEnding": "2024-06-30"
  },
  {
    "date": "2024-04-24",
    "symbol": "CME",
    "eps": 2.5,
    "epsEstimated": 2.45,
    "time": "bmo",
    "revenue": 1487900000,
    "revenueEstimated": 1476141150,
    "updatedFromDate": "2025-04-25",
    "fiscalDateEnding": "2024-03-31"
  },
  {
    "date": "2024-02-14",
    "symbol": "CME",
    "eps": 2.37,
    "epsEstimated": 2.28,
    "time": "bmo",
    "revenue": 1439300000,
    "revenueEstimated": 1428300000,
    "updatedFromDate": "2025-04-25",
    "fiscalDateEnding": "2023-12-31"
  },
  {
    "date": "2023-10-25",
    "symbol": "CME",
    "eps": 2.25,
    "epsEstimated": 2.22,
    "time": "bmo",
    "revenue": 1337800000,
    "revenueEstimated": 1341770000,
    "updatedFromDate": "2025-04-25",
    "fiscalDateEnding": "2023-09-30"
  },
  {
    "date": "2023-07-26",
    "symbol": "CME",
    "eps": 2.3,
    "epsEstimated": 2.2,
    "time": "bmo",
    "revenue": 1360200000,
    "revenueEstimated": 1340500000,
    "updatedFromDate": "2025-04-25",
    "fiscalDateEnding": "2023-06-30"
  },
  {
    "date": "2023-04-26",
    "symbol": "CME",
    "eps": 2.42,
    "epsEstimated": 2.38,
    "time": "bmo",
    "revenue": 1441600000,
    "revenueEstimated": 1392500000,
    "updatedFromDate": "2025-04-25",
    "fiscalDateEnding": "2023-03-31"
  },
  {
    "date": "2023-02-08",
    "symbol": "CME",
    "eps": 1.92,
    "epsEstimated": 1.88,
    "time": "bmo",
    "revenue": 1207800000,
    "revenueEstimated": 1211223120,
    "updatedFromDate": "2025-04-25",
    "fiscalDateEnding": "2022-12-31"
  },
  {
    "date": "2022-10-26",
    "symbol": "CME",
    "eps": 1.98,
    "epsEstimated": 1.94,
    "time": "bmo",
    "revenue": 1227800000,
    "revenueEstimated": 1221102197,
    "updatedFromDate": "2025-04-25",
    "fiscalDateEnding": "2022-09-30"
  },
  {
    "date": "2022-07-27",
    "symbol": "CME",
    "eps": 1.97,
    "epsEstimated": 1.93,
    "time": "bmo",
    "revenue": 1237200000,
    "revenueEstimated": 1245679444,
    "updatedFromDate": "2025-04-25",
    "fiscalDateEnding": "2022-06-30"
  },
  {
    "date": "2022-04-27",
    "symbol": "CME",
    "eps": 2.11,
    "epsEstimated": 2,
    "time": "bmo",
    "revenue": 1346600000,
    "revenueEstimated": 1326096206,
    "updatedFromDate": "2025-04-25",
    "fiscalDateEnding": "2022-03-31"
  },
  {
    "date": "2022-02-09",
    "symbol": "CME",
    "eps": 1.66,
    "epsEstimated": 1.64,
    "time": "bmo",
    "revenue": 1147300000,
    "revenueEstimated": 1168774241,
    "updatedFromDate": "2025-04-25",
    "fiscalDateEnding": "2021-12-31"
  },
  {
    "date": "2021-10-27",
    "symbol": "CME",
    "eps": 1.6,
    "epsEstimated": 1.55,
    "time": "bmo",
    "revenue": 1109900000,
    "revenueEstimated": 1185580000,
    "updatedFromDate": "2025-04-25",
    "fiscalDateEnding": "2021-09-30"
  },
  {
    "date": "2021-07-28",
    "symbol": "CME",
    "eps": 1.64,
    "epsEstimated": 1.61,
    "time": "bmo",
    "revenue": 1179200000,
    "revenueEstimated": 1187340000,
    "updatedFromDate": "2025-04-25",
    "fiscalDateEnding": "2021-06-30"
  },
  {
    "date": "2021-04-28",
    "symbol": "CME",
    "eps": 1.79,
    "epsEstimated": 1.75,
    "time": "bmo",
    "revenue": 1253300000,
    "revenueEstimated": 1224653142,
    "updatedFromDate": "2025-04-25",
    "fiscalDateEnding": "2021-03-31"
  },
  {
    "date": "2021-02-10",
    "symbol": "CME",
    "eps": 1.39,
    "epsEstimated": 1.37,
    "time": "bmo",
    "revenue": 1098500000,
    "revenueEstimated": 1082463503,
    "updatedFromDate": "2025-04-25",
    "fiscalDateEnding": "2020-12-31"
  },
  {
    "date": "2020-10-28",
    "symbol": "CME",
    "eps": 1.38,
    "epsEstimated": 1.41,
    "time": "bmo",
    "revenue": 1080700000,
    "revenueEstimated": 1103478260,
    "updatedFromDate": "2025-04-25",
    "fiscalDateEnding": "2020-09-30"
  },
  {
    "date": "2020-07-29",
    "symbol": "CME",
    "eps": 1.63,
    "epsEstimated": 1.62,
    "time": "bmo",
    "revenue": 1182300000,
    "revenueEstimated": 1175046625,
    "updatedFromDate": "2025-04-25",
    "fiscalDateEnding": "2020-06-30"
  },
  {
    "date": "2020-04-29",
    "symbol": "CME",
    "eps": 2.33,
    "epsEstimated": 2.23,
    "time": "bmo",
    "revenue": 1522100000,
    "revenueEstimated": 1456773819,
    "updatedFromDate": "2025-04-25",
    "fiscalDateEnding": "2020-03-31"
  },
  {
    "date": "2020-02-12",
    "symbol": "CME",
    "eps": 1.52,
    "epsEstimated": 1.54,
    "time": "bmo",
    "revenue": 1138400000,
    "revenueEstimated": 1153378947,
    "updatedFromDate": "2025-04-25",
    "fiscalDateEnding": "2019-12-31"
  },
  {
    "date": "2019-10-30",
    "symbol": "CME",
    "eps": 1.9,
    "epsEstimated": 1.76,
    "time": "bmo",
    "revenue": 1277300000,
    "revenueEstimated": 1183183157,
    "updatedFromDate": "2025-04-25",
    "fiscalDateEnding": "2019-09-30"
  },
  {
    "date": "2019-07-31",
    "symbol": "CME",
    "eps": 1.76,
    "epsEstimated": 1.76,
    "time": "bmo",
    "revenue": 1272700000,
    "revenueEstimated": 1279931250,
    "updatedFromDate": "2025-04-25",
    "fiscalDateEnding": "2019-06-30"
  },
  {
    "date": "2019-05-01",
    "symbol": "CME",
    "eps": 1.62,
    "epsEstimated": 1.6,
    "time": "bmo",
    "revenue": 1179600000,
    "revenueEstimated": 1165037037,
    "updatedFromDate": "2025-04-25",
    "fiscalDateEnding": "2019-03-31"
  },
  {
    "date": "2019-02-14",
    "symbol": "CME",
    "eps": 1.77,
    "epsEstimated": 1.75,
    "time": "bmo",
    "revenue": 1236600000,
    "revenueEstimated": 1201667796,
    "updatedFromDate": "2025-04-25",
    "fiscalDateEnding": "2018-12-31"
  },
  {
    "date": "2018-10-25",
    "symbol": "CME",
    "eps": 1.45,
    "epsEstimated": 1.43,
    "time": "bmo",
    "revenue": 904200000,
    "revenueEstimated": 891728275,
    "updatedFromDate": "2025-04-25",
    "fiscalDateEnding": "2018-09-30"
  },
  {
    "date": "2018-07-26",
    "symbol": "CME",
    "eps": 1.74,
    "epsEstimated": 1.72,
    "time": "bmo",
    "revenue": 1059600000,
    "revenueEstimated": 1047420689,
    "updatedFromDate": "2025-04-25",
    "fiscalDateEnding": "2018-06-30"
  },
  {
    "date": "2018-04-26",
    "symbol": "CME",
    "eps": 1.86,
    "epsEstimated": 1.83,
    "time": "bmo",
    "revenue": 1109000000,
    "revenueEstimated": 1091112903,
    "updatedFromDate": "2025-04-25",
    "fiscalDateEnding": "2018-03-31"
  },
  {
    "date": "2018-02-01",
    "symbol": "CME",
    "eps": 1.12,
    "epsEstimated": 1.1,
    "time": "bmo",
    "revenue": 900000000,
    "revenueEstimated": 875892857,
    "updatedFromDate": "2025-04-25",
    "fiscalDateEnding": "2017-12-31"
  },
  {
    "date": "2017-10-26",
    "symbol": "CME",
    "eps": 1.19,
    "epsEstimated": 1.16,
    "time": "bmo",
    "revenue": 890800000,
    "revenueEstimated": 868342857,
    "updatedFromDate": "2025-04-25",
    "fiscalDateEnding": "2017-09-30"
  },
  {
    "date": "2017-08-01",
    "symbol": "CME",
    "eps": 1.23,
    "epsEstimated": 1.21,
    "time": "bmo",
    "revenue": 924600000,
    "revenueEstimated": 909565853,
    "updatedFromDate": "2025-04-25",
    "fiscalDateEnding": "2017-06-30"
  },
  {
    "date": "2017-04-27",
    "symbol": "CME",
    "eps": 1.22,
    "epsEstimated": 1.2,
    "time": "bmo",
    "revenue": 929300000,
    "revenueEstimated": 914065573,
    "updatedFromDate": "2025-04-25",
    "fiscalDateEnding": "2017-03-31"
  },
  {
    "date": "2017-02-02",
    "symbol": "CME",
    "eps": 1.14,
    "epsEstimated": 1.11,
    "time": "bmo",
    "revenue": 912900000,
    "revenueEstimated": 888876315,
    "updatedFromDate": "2025-04-25",
    "fiscalDateEnding": "2016-12-31"
  },
  {
    "date": "2016-10-27",
    "symbol": "CME",
    "eps": 1.05,
    "epsEstimated": 1.04,
    "time": "bmo",
    "revenue": 841700000,
    "revenueEstimated": 833683809,
    "updatedFromDate": "2025-04-25",
    "fiscalDateEnding": "2016-09-30"
  },
  {
    "date": "2016-07-28",
    "symbol": "CME",
    "eps": 1.14,
    "epsEstimated": 1.11,
    "time": "bmo",
    "revenue": 906400000,
    "revenueEstimated": 882547368,
    "updatedFromDate": "2025-04-25",
    "fiscalDateEnding": "2016-06-30"
  }
]