[
  {
    "date": "2026-04-21",
    "symbol": "CMG",
    "eps": null,
    "epsEstimated": null,
    "time": "amc",
    "revenue": null,
    "revenueEstimated": null,
    "updatedFromDate": "2025-10-02",
    "fiscalDateEnding": "2026-03-30"
  },
  {
    "date": "2026-02-02",
    "symbol": "CMG",
    "eps": null,
    "epsEstimated": null,
    "time": "amc",
    "revenue": null,
    "revenueEstimated": null,
    "updatedFromDate": "2025-10-02",
    "fiscalDateEnding": "2025-12-30"
  },
  {
    "date": "2025-10-29",
    "symbol": "CMG",
    "eps": null,
    "epsEstimated": 0.29,
    "time": "amc",
    "revenue": null,
    "revenueEstimated": 3056022720,
    "updatedFromDate": "2025-10-02",
    "fiscalDateEnding": "2025-09-30"
  },
  {
    "date": "2025-07-23",
    "symbol": "CMG",
    "eps": 0.33,
    "epsEstimated": 0.326,
    "time": "amc",
    "revenue": 3063393000,
    "revenueEstimated": 3112073684,
    "updatedFromDate": "2025-10-02",
    "fiscalDateEnding": "2025-06-30"
  },
  {
    "date": "2025-04-23",
    "symbol": "CMG",
    "eps": 0.29,
    "epsEstimated": 0.277,
    "time": "amc",
    "revenue": 2875253000,
    "revenueEstimated": 2944484567,
    "updatedFromDate": "2025-07-21",
    "fiscalDateEnding": "2025-03-31"
  },
  {
    "date": "2025-02-04",
    "symbol": "CMG",
    "eps": 0.25,
    "epsEstimated": 0.24,
    "time": "amc",
    "revenue": 2845310000,
    "revenueEstimated": 2848533715,
    "updatedFromDate": "2025-05-04",
    "fiscalDateEnding": "2024-12-31"
  },
  {
    "date": "2024-10-29",
    "symbol": "CMG",
    "eps": 0.27,
    "epsEstimated": 0.25,
    "time": "amc",
    "revenue": 2793576000,
    "revenueEstimated": 2817040816,
    "updatedFromDate": "2025-04-24",
    "fiscalDateEnding": "2024-09-30"
  },
  {
    "date": "2024-07-24",
    "symbol": "CMG",
    "eps": 0.34,
    "epsEstimated": 0.32,
    "time": "amc",
    "revenue": 2973117000,
    "revenueEstimated": 2940180901,
    "updatedFromDate": "2025-04-24",
    "fiscalDateEnding": "2024-06-30"
  },
  {
    "date": "2024-04-24",
    "symbol": "CMG",
    "eps": 0.27,
    "epsEstimated": 0.2338,
    "time": "amc",
    "revenue": 2701848000,
    "revenueEstimated": 2676151097,
    "updatedFromDate": "2025-04-24",
    "fiscalDateEnding": "2024-03-31"
  },
  {
    "date": "2024-02-06",
    "symbol": "CMG",
    "eps": 0.21,
    "epsEstimated": 0.19,
    "time": "amc",
    "revenue": 2516320000,
    "revenueEstimated": 2488500000,
    "updatedFromDate": "2025-04-24",
    "fiscalDateEnding": "2023-12-31"
  },
  {
    "date": "2023-10-26",
    "symbol": "CMG",
    "eps": 0.23,
    "epsEstimated": 0.21,
    "time": "amc",
    "revenue": 2471948000,
    "revenueEstimated": 2471540000,
    "updatedFromDate": "2025-04-24",
    "fiscalDateEnding": "2023-09-30"
  },
  {
    "date": "2023-07-26",
    "symbol": "CMG",
    "eps": 0.25,
    "epsEstimated": 0.25,
    "time": "amc",
    "revenue": 2514801000,
    "revenueEstimated": 2526160000,
    "updatedFromDate": "2025-04-24",
    "fiscalDateEnding": "2023-06-30"
  },
  {
    "date": "2023-04-25",
    "symbol": "CMG",
    "eps": 0.21,
    "epsEstimated": 0.18,
    "time": "amc",
    "revenue": 2368580000,
    "revenueEstimated": 2338970000,
    "updatedFromDate": "2025-04-24",
    "fiscalDateEnding": "2023-03-31"
  },
  {
    "date": "2023-02-07",
    "symbol": "CMG",
    "eps": 0.17,
    "epsEstimated": 0.18,
    "time": "amc",
    "revenue": 2180599000,
    "revenueEstimated": 2231504406,
    "updatedFromDate": "2025-04-24",
    "fiscalDateEnding": "2022-12-31"
  },
  {
    "date": "2022-10-25",
    "symbol": "CMG",
    "eps": 0.19,
    "epsEstimated": 0.18,
    "time": "amc",
    "revenue": 2220175000,
    "revenueEstimated": 2234318455,
    "updatedFromDate": "2025-04-24",
    "fiscalDateEnding": "2022-09-30"
  },
  {
    "date": "2022-07-26",
    "symbol": "CMG",
    "eps": 0.19,
    "epsEstimated": 0.18,
    "time": "amc",
    "revenue": 2213339000,
    "revenueEstimated": 2245013459,
    "updatedFromDate": "2025-04-24",
    "fiscalDateEnding": "2022-06-30"
  },
  {
    "date": "2022-04-26",
    "symbol": "CMG",
    "eps": 0.11,
    "epsEstimated": 0.11,
    "time": "amc",
    "revenue": 2020539000,
    "revenueEstimated": 2006120069,
    "updatedFromDate": "2025-04-24",
    "fiscalDateEnding": "2022-03-31"
  },
  {
    "date": "2022-02-08",
    "symbol": "CMG",
    "eps": 0.11,
    "epsEstimated": 0.1,
    "time": "amc",
    "revenue": 1960633000,
    "revenueEstimated": 1959884943,
    "updatedFromDate": "2025-04-24",
    "fiscalDateEnding": "2021-12-31"
  },
  {
    "date": "2021-10-21",
    "symbol": "CMG",
    "eps": 0.14,
    "epsEstimated": 0.12,
    "time": "amc",
    "revenue": 1952315000,
    "revenueEstimated": 1931320000,
    "updatedFromDate": "2025-04-24",
    "fiscalDateEnding": "2021-09-30"
  },
  {
    "date": "2021-07-20",
    "symbol": "CMG",
    "eps": 0.15,
    "epsEstimated": 0.13,
    "time": "amc",
    "revenue": 1892538000,
    "revenueEstimated": 1930210000,
    "updatedFromDate": "2025-04-24",
    "fiscalDateEnding": "2021-06-30"
  },
  {
    "date": "2021-04-21",
    "symbol": "CMG",
    "eps": 0.11,
    "epsEstimated": 0.1,
    "time": "amc",
    "revenue": 1741575000,
    "revenueEstimated": 1574184355,
    "updatedFromDate": "2025-04-24",
    "fiscalDateEnding": "2021-03-31"
  },
  {
    "date": "2021-02-02",
    "symbol": "CMG",
    "eps": 0.07,
    "epsEstimated": 0.07,
    "time": "amc",
    "revenue": 1607710000,
    "revenueEstimated": 1715465361,
    "updatedFromDate": "2025-04-24",
    "fiscalDateEnding": "2020-12-31"
  },
  {
    "date": "2020-10-21",
    "symbol": "CMG",
    "eps": 0.08,
    "epsEstimated": 0.07,
    "time": "amc",
    "revenue": 1601414000,
    "revenueEstimated": 1477900686,
    "updatedFromDate": "2025-04-24",
    "fiscalDateEnding": "2020-09-30"
  },
  {
    "date": "2020-07-22",
    "symbol": "CMG",
    "eps": 0.01,
    "epsEstimated": 0.00883,
    "time": "amc",
    "revenue": 1364738000,
    "revenueEstimated": 1194145749,
    "updatedFromDate": "2025-04-24",
    "fiscalDateEnding": "2020-06-30"
  },
  {
    "date": "2020-04-21",
    "symbol": "CMG",
    "eps": 0.06,
    "epsEstimated": 0.05,
    "time": "amc",
    "revenue": 1410772000,
    "revenueEstimated": 1332904714,
    "updatedFromDate": "2025-04-24",
    "fiscalDateEnding": "2020-03-31"
  },
  {
    "date": "2020-02-04",
    "symbol": "CMG",
    "eps": 0.06,
    "epsEstimated": 0.05,
    "time": "amc",
    "revenue": 1440224000,
    "revenueEstimated": 1384830769,
    "updatedFromDate": "2025-04-24",
    "fiscalDateEnding": "2019-12-31"
  },
  {
    "date": "2019-10-22",
    "symbol": "CMG",
    "eps": 0.08,
    "epsEstimated": 0.06,
    "time": "amc",
    "revenue": 1403697000,
    "revenueEstimated": 1183221031,
    "updatedFromDate": "2025-04-24",
    "fiscalDateEnding": "2019-09-30"
  },
  {
    "date": "2019-07-23",
    "symbol": "CMG",
    "eps": 0.08,
    "epsEstimated": 0.07,
    "time": "amc",
    "revenue": 1434231000,
    "revenueEstimated": 1351556030,
    "updatedFromDate": "2025-04-24",
    "fiscalDateEnding": "2019-06-30"
  },
  {
    "date": "2019-04-24",
    "symbol": "CMG",
    "eps": 0.07,
    "epsEstimated": 0.06,
    "time": "amc",
    "revenue": 1308217000,
    "revenueEstimated": 1158156814,
    "updatedFromDate": "2025-04-24",
    "fiscalDateEnding": "2019-03-31"
  },
  {
    "date": "2019-02-06",
    "symbol": "CMG",
    "eps": 0.03,
    "epsEstimated": 0.02397,
    "time": "amc",
    "revenue": 1225061000,
    "revenueEstimated": 975806395,
    "updatedFromDate": "2025-04-24",
    "fiscalDateEnding": "2018-12-31"
  },
  {
    "date": "2018-10-25",
    "symbol": "CMG",
    "eps": 0.04,
    "epsEstimated": 0.03702,
    "time": "amc",
    "revenue": 1225007000,
    "revenueEstimated": 1134259259,
    "updatedFromDate": "2025-04-24",
    "fiscalDateEnding": "2018-09-30"
  },
  {
    "date": "2018-07-26",
    "symbol": "CMG",
    "eps": 0.06,
    "epsEstimated": 0.06,
    "time": "amc",
    "revenue": 1266520000,
    "revenueEstimated": 1240022648,
    "updatedFromDate": "2025-04-24",
    "fiscalDateEnding": "2018-06-30"
  },
  {
    "date": "2018-04-25",
    "symbol": "CMG",
    "eps": 0.04,
    "epsEstimated": 0.02939,
    "time": "amc",
    "revenue": 1148397000,
    "revenueEstimated": 846473239,
    "updatedFromDate": "2025-04-24",
    "fiscalDateEnding": "2018-03-31"
  },
  {
    "date": "2018-02-06",
    "symbol": "CMG",
    "eps": 0.03,
    "epsEstimated": 0.02962,
    "time": "amc",
    "revenue": 1110100000,
    "revenueEstimated": 1093531343,
    "updatedFromDate": "2025-04-24",
    "fiscalDateEnding": "2017-12-31"
  },
  {
    "date": "2017-10-24",
    "symbol": "CMG",
    "eps": 0.03,
    "epsEstimated": 0.07074,
    "time": "amc",
    "revenue": 1128074000,
    "revenueEstimated": 1382558646,
    "updatedFromDate": "2025-04-24",
    "fiscalDateEnding": "2017-09-30"
  },
  {
    "date": "2017-07-25",
    "symbol": "CMG",
    "eps": 0.05,
    "epsEstimated": 0.04707,
    "time": "amc",
    "revenue": 1169409000,
    "revenueEstimated": 1098832758,
    "updatedFromDate": "2025-04-24",
    "fiscalDateEnding": "2017-06-30"
  },
  {
    "date": "2017-04-25",
    "symbol": "CMG",
    "eps": 0.03,
    "epsEstimated": 0.02389,
    "time": "amc",
    "revenue": 1068829000,
    "revenueEstimated": 848360000,
    "updatedFromDate": "2025-04-24",
    "fiscalDateEnding": "2017-03-31"
  },
  {
    "date": "2017-02-02",
    "symbol": "CMG",
    "eps": 0.01,
    "epsEstimated": 0.01039,
    "time": "amc",
    "revenue": 1034560000,
    "revenueEstimated": 1072221818,
    "updatedFromDate": "2025-04-24",
    "fiscalDateEnding": "2016-12-31"
  },
  {
    "date": "2016-07-21",
    "symbol": "CMG",
    "eps": 0.02,
    "epsEstimated": 0.02145,
    "time": "amc",
    "revenue": 998383000,
    "revenueEstimated": 1067255172,
    "updatedFromDate": "2025-04-24",
    "fiscalDateEnding": "2016-06-30"
  },
  {
    "date": "2016-04-26",
    "symbol": "CMG",
    "eps": -0.02,
    "epsEstimated": -0.01867,
    "time": "amc",
    "revenue": 834459000,
    "revenueEstimated": 900880681,
    "updatedFromDate": "2025-04-24",
    "fiscalDateEnding": "2016-03-31"
  }
]