[
  {
    "date": "2026-05-04",
    "symbol": "CMI",
    "eps": null,
    "epsEstimated": null,
    "time": "bmo",
    "revenue": null,
    "revenueEstimated": null,
    "updatedFromDate": "2025-10-02",
    "fiscalDateEnding": "2026-03-30"
  },
  {
    "date": "2026-02-02",
    "symbol": "CMI",
    "eps": null,
    "epsEstimated": null,
    "time": "bmo",
    "revenue": null,
    "revenueEstimated": null,
    "updatedFromDate": "2025-10-02",
    "fiscalDateEnding": "2025-12-30"
  },
  {
    "date": "2025-11-04",
    "symbol": "CMI",
    "eps": null,
    "epsEstimated": 4.78,
    "time": "bmo",
    "revenue": null,
    "revenueEstimated": 7972778330,
    "updatedFromDate": "2025-10-02",
    "fiscalDateEnding": "2025-09-30"
  },
  {
    "date": "2025-08-05",
    "symbol": "CMI",
    "eps": 6.43,
    "epsEstimated": 5.23,
    "time": "bmo",
    "revenue": 8643000000,
    "revenueEstimated": 8434083252,
    "updatedFromDate": "2025-10-02",
    "fiscalDateEnding": "2025-06-30"
  },
  {
    "date": "2025-05-05",
    "symbol": "CMI",
    "eps": 5.96,
    "epsEstimated": 4.91,
    "time": "bmo",
    "revenue": 8174000000,
    "revenueEstimated": 8175414042,
    "updatedFromDate": "2025-08-05",
    "fiscalDateEnding": "2025-03-31"
  },
  {
    "date": "2025-02-04",
    "symbol": "CMI",
    "eps": 5.16,
    "epsEstimated": 4.7,
    "time": "bmo",
    "revenue": 8447000000,
    "revenueEstimated": 8070505507,
    "updatedFromDate": "2025-05-04",
    "fiscalDateEnding": "2024-12-31"
  },
  {
    "date": "2024-11-05",
    "symbol": "CMI",
    "eps": 5.86,
    "epsEstimated": 4.8,
    "time": "bmo",
    "revenue": 8456000000,
    "revenueEstimated": 8293712686,
    "updatedFromDate": "2025-04-25",
    "fiscalDateEnding": "2024-09-30"
  },
  {
    "date": "2024-08-01",
    "symbol": "CMI",
    "eps": 5.26,
    "epsEstimated": 4.81,
    "time": "bmo",
    "revenue": 8796000000,
    "revenueEstimated": 8329943912,
    "updatedFromDate": "2025-04-25",
    "fiscalDateEnding": "2024-06-30"
  },
  {
    "date": "2024-05-02",
    "symbol": "CMI",
    "eps": 5.1,
    "epsEstimated": 5.09,
    "time": "bmo",
    "revenue": 8403000000,
    "revenueEstimated": 8452956595,
    "updatedFromDate": "2025-04-25",
    "fiscalDateEnding": "2024-03-31"
  },
  {
    "date": "2024-02-06",
    "symbol": "CMI",
    "eps": 4.14,
    "epsEstimated": 4.45,
    "time": "bmo",
    "revenue": 8543000000,
    "revenueEstimated": 8100127380,
    "updatedFromDate": "2025-04-25",
    "fiscalDateEnding": "2023-12-31"
  },
  {
    "date": "2023-11-02",
    "symbol": "CMI",
    "eps": 4.59,
    "epsEstimated": 4.68,
    "time": "bmo",
    "revenue": 8431000000,
    "revenueEstimated": 8212350000,
    "updatedFromDate": "2025-04-25",
    "fiscalDateEnding": "2023-09-30"
  },
  {
    "date": "2023-08-03",
    "symbol": "CMI",
    "eps": 5.05,
    "epsEstimated": 5.29,
    "time": "bmo",
    "revenue": 8638000000,
    "revenueEstimated": 8373150000,
    "updatedFromDate": "2025-04-25",
    "fiscalDateEnding": "2023-06-30"
  },
  {
    "date": "2023-05-02",
    "symbol": "CMI",
    "eps": 5.55,
    "epsEstimated": 4.75,
    "time": "bmo",
    "revenue": 8453000000,
    "revenueEstimated": 8102400000,
    "updatedFromDate": "2025-04-25",
    "fiscalDateEnding": "2023-03-31"
  },
  {
    "date": "2023-02-06",
    "symbol": "CMI",
    "eps": 4.43,
    "epsEstimated": 4.5,
    "time": "bmo",
    "revenue": 7770000000,
    "revenueEstimated": 7285579889,
    "updatedFromDate": "2025-04-25",
    "fiscalDateEnding": "2022-12-31"
  },
  {
    "date": "2022-11-03",
    "symbol": "CMI",
    "eps": 2.82,
    "epsEstimated": 4.85,
    "time": "bmo",
    "revenue": 7333000000,
    "revenueEstimated": 6579327419,
    "updatedFromDate": "2025-04-25",
    "fiscalDateEnding": "2022-09-30"
  },
  {
    "date": "2022-08-02",
    "symbol": "CMI",
    "eps": 4.94,
    "epsEstimated": 4.35,
    "time": "bmo",
    "revenue": 6586000000,
    "revenueEstimated": 6481075094,
    "updatedFromDate": "2025-04-25",
    "fiscalDateEnding": "2022-06-30"
  },
  {
    "date": "2022-05-03",
    "symbol": "CMI",
    "eps": 4.04,
    "epsEstimated": 3.55,
    "time": "bmo",
    "revenue": 6385000000,
    "revenueEstimated": 6024166408,
    "updatedFromDate": "2025-04-25",
    "fiscalDateEnding": "2022-03-31"
  },
  {
    "date": "2022-02-03",
    "symbol": "CMI",
    "eps": 2.73,
    "epsEstimated": 3.15,
    "time": "bmo",
    "revenue": 5850000000,
    "revenueEstimated": 5791465521,
    "updatedFromDate": "2025-04-25",
    "fiscalDateEnding": "2021-12-31"
  },
  {
    "date": "2021-11-02",
    "symbol": "CMI",
    "eps": 3.69,
    "epsEstimated": 3.91,
    "time": "bmo",
    "revenue": 5968000000,
    "revenueEstimated": 5977230000,
    "updatedFromDate": "2025-04-25",
    "fiscalDateEnding": "2021-10-03"
  },
  {
    "date": "2021-08-03",
    "symbol": "CMI",
    "eps": 4.1,
    "epsEstimated": 4.05,
    "time": "bmo",
    "revenue": 6111000000,
    "revenueEstimated": 6002710000,
    "updatedFromDate": "2025-04-25",
    "fiscalDateEnding": "2021-07-04"
  },
  {
    "date": "2021-05-04",
    "symbol": "CMI",
    "eps": 4.04,
    "epsEstimated": 3.47,
    "time": "bmo",
    "revenue": 6092000000,
    "revenueEstimated": 5379130000,
    "updatedFromDate": "2025-04-25",
    "fiscalDateEnding": "2021-04-04"
  },
  {
    "date": "2021-02-04",
    "symbol": "CMI",
    "eps": 3.36,
    "epsEstimated": 2.8,
    "time": "bmo",
    "revenue": 5830000000,
    "revenueEstimated": 4664000000,
    "updatedFromDate": "2025-04-25",
    "fiscalDateEnding": "2020-12-31"
  },
  {
    "date": "2020-10-27",
    "symbol": "CMI",
    "eps": 3.57,
    "epsEstimated": 2.43,
    "time": "bmo",
    "revenue": 5118000000,
    "revenueEstimated": 861731092,
    "updatedFromDate": "2025-04-25",
    "fiscalDateEnding": "2020-09-27"
  },
  {
    "date": "2020-07-28",
    "symbol": "CMI",
    "eps": 1.95,
    "epsEstimated": 0.93,
    "time": "bmo",
    "revenue": 3852000000,
    "revenueEstimated": 3113829428,
    "updatedFromDate": "2025-04-25",
    "fiscalDateEnding": "2020-06-28"
  },
  {
    "date": "2020-04-28",
    "symbol": "CMI",
    "eps": 3.18,
    "epsEstimated": 2.17,
    "time": "bmo",
    "revenue": 5011000000,
    "revenueEstimated": 3419455974,
    "updatedFromDate": "2025-04-25",
    "fiscalDateEnding": "2020-03-29"
  },
  {
    "date": "2020-02-04",
    "symbol": "CMI",
    "eps": 2.56,
    "epsEstimated": 2.42,
    "time": "bmo",
    "revenue": 5578000000,
    "revenueEstimated": 5272953125,
    "updatedFromDate": "2025-04-25",
    "fiscalDateEnding": "2019-12-31"
  },
  {
    "date": "2019-10-29",
    "symbol": "CMI",
    "eps": 3.88,
    "epsEstimated": 3.83,
    "time": "bmo",
    "revenue": 5768000000,
    "revenueEstimated": 5768000000,
    "updatedFromDate": "2025-04-25",
    "fiscalDateEnding": "2019-09-29"
  },
  {
    "date": "2019-07-30",
    "symbol": "CMI",
    "eps": 4.27,
    "epsEstimated": 4.4,
    "time": "bmo",
    "revenue": 6221000000,
    "revenueEstimated": 6424967213,
    "updatedFromDate": "2025-04-25",
    "fiscalDateEnding": "2019-06-30"
  },
  {
    "date": "2019-04-30",
    "symbol": "CMI",
    "eps": 3.97,
    "epsEstimated": 3.57,
    "time": "bmo",
    "revenue": 6004000000,
    "revenueEstimated": 5103399999,
    "updatedFromDate": "2025-04-25",
    "fiscalDateEnding": "2019-03-31"
  },
  {
    "date": "2019-02-06",
    "symbol": "CMI",
    "eps": 3.48,
    "epsEstimated": 3.81,
    "time": "bmo",
    "revenue": 6126000000,
    "revenueEstimated": 6706913793,
    "updatedFromDate": "2025-04-25",
    "fiscalDateEnding": "2018-12-31"
  },
  {
    "date": "2018-10-30",
    "symbol": "CMI",
    "eps": 4.05,
    "epsEstimated": 3.76,
    "time": "bmo",
    "revenue": 5943000000,
    "revenueEstimated": 5517451851,
    "updatedFromDate": "2025-04-25",
    "fiscalDateEnding": "2018-09-30"
  },
  {
    "date": "2018-07-31",
    "symbol": "CMI",
    "eps": 3.29,
    "epsEstimated": 3.63,
    "time": "bmo",
    "revenue": 6132000000,
    "revenueEstimated": 6765702127,
    "updatedFromDate": "2025-04-25",
    "fiscalDateEnding": "2018-07-01"
  },
  {
    "date": "2018-05-01",
    "symbol": "CMI",
    "eps": 3.3,
    "epsEstimated": 2.91,
    "time": "bmo",
    "revenue": 5570000000,
    "revenueEstimated": 6716090534,
    "updatedFromDate": "2025-04-25",
    "fiscalDateEnding": "2018-04-01"
  },
  {
    "date": "2018-02-06",
    "symbol": "CMI",
    "eps": 3.03,
    "epsEstimated": 2.65,
    "time": "bmo",
    "revenue": 5476000000,
    "revenueEstimated": 4825386138,
    "updatedFromDate": "2025-04-25",
    "fiscalDateEnding": "2017-12-31"
  },
  {
    "date": "2017-10-31",
    "symbol": "CMI",
    "eps": 2.71,
    "epsEstimated": 2.46,
    "time": "bmo",
    "revenue": 5285000000,
    "revenueEstimated": 4797453874,
    "updatedFromDate": "2025-04-25",
    "fiscalDateEnding": "2017-10-01"
  },
  {
    "date": "2017-08-01",
    "symbol": "CMI",
    "eps": 2.53,
    "epsEstimated": 2.58,
    "time": "bmo",
    "revenue": 5078000000,
    "revenueEstimated": 5178355731,
    "updatedFromDate": "2025-04-25",
    "fiscalDateEnding": "2017-07-02"
  },
  {
    "date": "2017-05-02",
    "symbol": "CMI",
    "eps": 2.36,
    "epsEstimated": 1.81,
    "time": "bmo",
    "revenue": 4589000000,
    "revenueEstimated": 3519529661,
    "updatedFromDate": "2025-04-25",
    "fiscalDateEnding": "2017-04-02"
  },
  {
    "date": "2017-02-09",
    "symbol": "CMI",
    "eps": 2.25,
    "epsEstimated": 1.99,
    "time": "bmo",
    "revenue": 4503000000,
    "revenueEstimated": 3982653333,
    "updatedFromDate": "2025-04-25",
    "fiscalDateEnding": "2016-12-31"
  },
  {
    "date": "2016-11-01",
    "symbol": "CMI",
    "eps": 2.02,
    "epsEstimated": 1.96,
    "time": "bmo",
    "revenue": 4187000000,
    "revenueEstimated": 4771232558,
    "updatedFromDate": "2025-04-25",
    "fiscalDateEnding": "2016-10-02"
  },
  {
    "date": "2016-08-02",
    "symbol": "CMI",
    "eps": 2.4,
    "epsEstimated": 2.16,
    "time": "bmo",
    "revenue": 4528000000,
    "revenueEstimated": 4075200000,
    "updatedFromDate": "2025-04-25",
    "fiscalDateEnding": "2016-07-03"
  }
]