[
  {
    "date": "2026-04-22",
    "symbol": "CMS",
    "eps": null,
    "epsEstimated": null,
    "time": "bmo",
    "revenue": null,
    "revenueEstimated": null,
    "updatedFromDate": "2025-10-02",
    "fiscalDateEnding": "2026-03-30"
  },
  {
    "date": "2026-02-04",
    "symbol": "CMS",
    "eps": null,
    "epsEstimated": null,
    "time": "bmo",
    "revenue": null,
    "revenueEstimated": null,
    "updatedFromDate": "2025-10-02",
    "fiscalDateEnding": "2025-12-30"
  },
  {
    "date": "2025-10-30",
    "symbol": "CMS",
    "eps": null,
    "epsEstimated": 0.86,
    "time": "bmo",
    "revenue": null,
    "revenueEstimated": 1834396110,
    "updatedFromDate": "2025-10-02",
    "fiscalDateEnding": "2025-09-30"
  },
  {
    "date": "2025-07-31",
    "symbol": "CMS",
    "eps": 0.71,
    "epsEstimated": 0.68,
    "time": "bmo",
    "revenue": 1838000000,
    "revenueEstimated": 1737250454,
    "updatedFromDate": "2025-10-02",
    "fiscalDateEnding": "2025-06-30"
  },
  {
    "date": "2025-04-24",
    "symbol": "CMS",
    "eps": 1.02,
    "epsEstimated": 1.01,
    "time": "bmo",
    "revenue": 2447000000,
    "revenueEstimated": 2238025236,
    "updatedFromDate": "2025-07-24",
    "fiscalDateEnding": "2025-03-31"
  },
  {
    "date": "2025-02-06",
    "symbol": "CMS",
    "eps": 0.87,
    "epsEstimated": 0.87,
    "time": "bmo",
    "revenue": 1989000000,
    "revenueEstimated": 2165913475,
    "updatedFromDate": "2025-05-06",
    "fiscalDateEnding": "2024-12-31"
  },
  {
    "date": "2024-10-31",
    "symbol": "CMS",
    "eps": 0.84,
    "epsEstimated": 0.78,
    "time": "bmo",
    "revenue": 1743000000,
    "revenueEstimated": 1880359959,
    "updatedFromDate": "2025-04-18",
    "fiscalDateEnding": "2024-09-30"
  },
  {
    "date": "2024-07-25",
    "symbol": "CMS",
    "eps": 0.66,
    "epsEstimated": 0.63,
    "time": "bmo",
    "revenue": 1607000000,
    "revenueEstimated": 1726946151,
    "updatedFromDate": "2025-04-18",
    "fiscalDateEnding": "2024-06-30"
  },
  {
    "date": "2024-04-25",
    "symbol": "CMS",
    "eps": 0.97,
    "epsEstimated": 0.94,
    "time": "bmo",
    "revenue": 2176000000,
    "revenueEstimated": 2323117602,
    "updatedFromDate": "2025-04-18",
    "fiscalDateEnding": "2024-03-31"
  },
  {
    "date": "2024-02-01",
    "symbol": "CMS",
    "eps": 1.05,
    "epsEstimated": 1.05,
    "time": "bmo",
    "revenue": 1950000000,
    "revenueEstimated": 2748240000,
    "updatedFromDate": "2025-04-18",
    "fiscalDateEnding": "2023-12-31"
  },
  {
    "date": "2023-10-26",
    "symbol": "CMS",
    "eps": 0.61,
    "epsEstimated": 0.61,
    "time": "bmo",
    "revenue": 1673000000,
    "revenueEstimated": 2137380000,
    "updatedFromDate": "2025-04-18",
    "fiscalDateEnding": "2023-09-30"
  },
  {
    "date": "2023-07-27",
    "symbol": "CMS",
    "eps": 0.75,
    "epsEstimated": 0.7,
    "time": "bmo",
    "revenue": 1555000000,
    "revenueEstimated": 2039960000,
    "updatedFromDate": "2025-04-18",
    "fiscalDateEnding": "2023-06-30"
  },
  {
    "date": "2023-04-27",
    "symbol": "CMS",
    "eps": 0.7,
    "epsEstimated": 0.76,
    "time": "bmo",
    "revenue": 2284000000,
    "revenueEstimated": 2227970000,
    "updatedFromDate": "2025-04-18",
    "fiscalDateEnding": "2023-03-31"
  },
  {
    "date": "2023-02-02",
    "symbol": "CMS",
    "eps": 0.6,
    "epsEstimated": 0.39,
    "time": "bmo",
    "revenue": 2278000000,
    "revenueEstimated": 1893588803,
    "updatedFromDate": "2025-04-18",
    "fiscalDateEnding": "2022-12-31"
  },
  {
    "date": "2022-10-27",
    "symbol": "CMS",
    "eps": 0.56,
    "epsEstimated": 0.55,
    "time": "bmo",
    "revenue": 2024000000,
    "revenueEstimated": 1747008658,
    "updatedFromDate": "2025-04-18",
    "fiscalDateEnding": "2022-09-30"
  },
  {
    "date": "2022-07-28",
    "symbol": "CMS",
    "eps": 0.53,
    "epsEstimated": 0.5,
    "time": "bmo",
    "revenue": 1920000000,
    "revenueEstimated": 1600382436,
    "updatedFromDate": "2025-04-18",
    "fiscalDateEnding": "2022-06-30"
  },
  {
    "date": "2022-05-03",
    "symbol": "CMS",
    "eps": 1.2,
    "epsEstimated": 1.12,
    "time": "bmo",
    "revenue": 2374000000,
    "revenueEstimated": 2119807135,
    "updatedFromDate": "2025-04-18",
    "fiscalDateEnding": "2022-03-31"
  },
  {
    "date": "2022-02-03",
    "symbol": "CMS",
    "eps": 0.47,
    "epsEstimated": 0.47,
    "time": "bmo",
    "revenue": 2033000000,
    "revenueEstimated": 1739369480,
    "updatedFromDate": "2025-04-18",
    "fiscalDateEnding": "2021-12-31"
  },
  {
    "date": "2021-10-28",
    "symbol": "CMS",
    "eps": 0.54,
    "epsEstimated": 0.54,
    "time": "bmo",
    "revenue": 1725000000,
    "revenueEstimated": 1581760000,
    "updatedFromDate": "2025-04-18",
    "fiscalDateEnding": "2021-09-30"
  },
  {
    "date": "2021-07-29",
    "symbol": "CMS",
    "eps": 0.62,
    "epsEstimated": 0.46,
    "time": "bmo",
    "revenue": 1558000000,
    "revenueEstimated": 1499340000,
    "updatedFromDate": "2025-04-18",
    "fiscalDateEnding": "2021-06-30"
  },
  {
    "date": "2021-04-29",
    "symbol": "CMS",
    "eps": 1.21,
    "epsEstimated": 1.14,
    "time": "bmo",
    "revenue": 2083000000,
    "revenueEstimated": 2017500000,
    "updatedFromDate": "2025-04-18",
    "fiscalDateEnding": "2021-03-31"
  },
  {
    "date": "2021-02-04",
    "symbol": "CMS",
    "eps": 0.56,
    "epsEstimated": 0.55,
    "time": "bmo",
    "revenue": 1798000000,
    "revenueEstimated": 1796640000,
    "updatedFromDate": "2025-04-18",
    "fiscalDateEnding": "2020-12-31"
  },
  {
    "date": "2020-10-29",
    "symbol": "CMS",
    "eps": 0.77,
    "epsEstimated": 0.72,
    "time": "bmo",
    "revenue": 1575000000,
    "revenueEstimated": 1465624999,
    "updatedFromDate": "2025-04-18",
    "fiscalDateEnding": "2020-09-30"
  },
  {
    "date": "2020-08-03",
    "symbol": "CMS",
    "eps": 0.49,
    "epsEstimated": 0.42,
    "time": "bmo",
    "revenue": 1443000000,
    "revenueEstimated": 1236857142,
    "updatedFromDate": "2025-04-18",
    "fiscalDateEnding": "2020-06-30"
  },
  {
    "date": "2020-04-27",
    "symbol": "CMS",
    "eps": 0.86,
    "epsEstimated": 0.79,
    "time": "bmo",
    "revenue": 1864000000,
    "revenueEstimated": 1712279069,
    "updatedFromDate": "2025-04-18",
    "fiscalDateEnding": "2020-03-31"
  },
  {
    "date": "2020-01-30",
    "symbol": "CMS",
    "eps": 0.68,
    "epsEstimated": 0.69,
    "time": "bmo",
    "revenue": 1795000000,
    "revenueEstimated": 1821397058,
    "updatedFromDate": "2025-04-18",
    "fiscalDateEnding": "2019-12-31"
  },
  {
    "date": "2019-10-24",
    "symbol": "CMS",
    "eps": 0.73,
    "epsEstimated": 0.67,
    "time": "bmo",
    "revenue": 1546000000,
    "revenueEstimated": 1418931506,
    "updatedFromDate": "2025-04-18",
    "fiscalDateEnding": "2019-09-30"
  },
  {
    "date": "2019-07-25",
    "symbol": "CMS",
    "eps": 0.33,
    "epsEstimated": 0.36,
    "time": "bmo",
    "revenue": 1445000000,
    "revenueEstimated": 1576363636,
    "updatedFromDate": "2025-04-18",
    "fiscalDateEnding": "2019-06-30"
  },
  {
    "date": "2019-04-25",
    "symbol": "CMS",
    "eps": 0.75,
    "epsEstimated": 0.78,
    "time": "bmo",
    "revenue": 2059000000,
    "revenueEstimated": 2141360000,
    "updatedFromDate": "2025-04-18",
    "fiscalDateEnding": "2019-03-31"
  },
  {
    "date": "2019-01-31",
    "symbol": "CMS",
    "eps": 0.4,
    "epsEstimated": 0.4,
    "time": "bmo",
    "revenue": 1829000000,
    "revenueEstimated": 1829000000,
    "updatedFromDate": "2025-04-18",
    "fiscalDateEnding": "2018-12-31"
  },
  {
    "date": "2018-10-25",
    "symbol": "CMS",
    "eps": 0.59,
    "epsEstimated": 0.58,
    "time": "bmo",
    "revenue": 1599000000,
    "revenueEstimated": 1571898305,
    "updatedFromDate": "2025-04-18",
    "fiscalDateEnding": "2018-09-30"
  },
  {
    "date": "2018-07-26",
    "symbol": "CMS",
    "eps": 0.48,
    "epsEstimated": 0.41,
    "time": "bmo",
    "revenue": 1492000000,
    "revenueEstimated": 1274416666,
    "updatedFromDate": "2025-04-18",
    "fiscalDateEnding": "2018-06-30"
  },
  {
    "date": "2018-04-26",
    "symbol": "CMS",
    "eps": 0.86,
    "epsEstimated": 0.82,
    "time": "bmo",
    "revenue": 1953000000,
    "revenueEstimated": 1862162790,
    "updatedFromDate": "2025-04-18",
    "fiscalDateEnding": "2018-03-31"
  },
  {
    "date": "2018-02-14",
    "symbol": "CMS",
    "eps": 0.51,
    "epsEstimated": 0.51,
    "time": "bmo",
    "revenue": 1778000000,
    "revenueEstimated": 1778000000,
    "updatedFromDate": "2025-04-18",
    "fiscalDateEnding": "2017-12-31"
  },
  {
    "date": "2017-10-26",
    "symbol": "CMS",
    "eps": 0.62,
    "epsEstimated": 0.56,
    "time": "bmo",
    "revenue": 1527000000,
    "revenueEstimated": 1379225806,
    "updatedFromDate": "2025-04-18",
    "fiscalDateEnding": "2017-09-30"
  },
  {
    "date": "2017-07-28",
    "symbol": "CMS",
    "eps": 0.33,
    "epsEstimated": 0.39,
    "time": "bmo",
    "revenue": 1449000000,
    "revenueEstimated": 1712454545,
    "updatedFromDate": "2025-04-18",
    "fiscalDateEnding": "2017-06-30"
  },
  {
    "date": "2017-05-01",
    "symbol": "CMS",
    "eps": 0.71,
    "epsEstimated": 0.68,
    "time": "bmo",
    "revenue": 1829000000,
    "revenueEstimated": 1751718309,
    "updatedFromDate": "2025-04-18",
    "fiscalDateEnding": "2017-03-31"
  },
  {
    "date": "2017-02-02",
    "symbol": "CMS",
    "eps": 0.29,
    "epsEstimated": 0.29,
    "time": "bmo",
    "revenue": 1640000000,
    "revenueEstimated": 1640000000,
    "updatedFromDate": "2025-04-18",
    "fiscalDateEnding": "2016-12-31"
  },
  {
    "date": "2016-10-27",
    "symbol": "CMS",
    "eps": 0.7,
    "epsEstimated": 0.62,
    "time": "bmo",
    "revenue": 1587000000,
    "revenueEstimated": 1405628571,
    "updatedFromDate": "2025-04-18",
    "fiscalDateEnding": "2016-09-30"
  },
  {
    "date": "2016-07-28",
    "symbol": "CMS",
    "eps": 0.45,
    "epsEstimated": 0.36,
    "time": "bmo",
    "revenue": 1371000000,
    "revenueEstimated": 1096800000,
    "updatedFromDate": "2025-04-18",
    "fiscalDateEnding": "2016-06-30"
  }
]