[
  {
    "date": "2026-04-23",
    "symbol": "CNC",
    "eps": null,
    "epsEstimated": null,
    "time": "bmo",
    "revenue": null,
    "revenueEstimated": null,
    "updatedFromDate": "2025-10-02",
    "fiscalDateEnding": "2026-03-30"
  },
  {
    "date": "2026-02-02",
    "symbol": "CNC",
    "eps": null,
    "epsEstimated": null,
    "time": "bmo",
    "revenue": null,
    "revenueEstimated": null,
    "updatedFromDate": "2025-10-02",
    "fiscalDateEnding": "2025-12-30"
  },
  {
    "date": "2025-10-29",
    "symbol": "CNC",
    "eps": null,
    "epsEstimated": -0.18,
    "time": "bmo",
    "revenue": null,
    "revenueEstimated": 47502141540,
    "updatedFromDate": "2025-10-02",
    "fiscalDateEnding": "2025-09-30"
  },
  {
    "date": "2025-07-25",
    "symbol": "CNC",
    "eps": -0.16,
    "epsEstimated": 0.1116,
    "time": "bmo",
    "revenue": 48742000000,
    "revenueEstimated": 44136260934,
    "updatedFromDate": "2025-10-02",
    "fiscalDateEnding": "2025-06-30"
  },
  {
    "date": "2025-04-25",
    "symbol": "CNC",
    "eps": 2.9,
    "epsEstimated": 2.52,
    "time": "bmo",
    "revenue": 46620000000,
    "revenueEstimated": 42757901103,
    "updatedFromDate": "2025-07-21",
    "fiscalDateEnding": "2025-03-31"
  },
  {
    "date": "2025-02-04",
    "symbol": "CNC",
    "eps": 0.8,
    "epsEstimated": 0.44,
    "time": "bmo",
    "revenue": 40805000000,
    "revenueEstimated": 39361155765,
    "updatedFromDate": "2025-05-04",
    "fiscalDateEnding": "2024-12-31"
  },
  {
    "date": "2024-10-25",
    "symbol": "CNC",
    "eps": 1.62,
    "epsEstimated": 1.33,
    "time": "bmo",
    "revenue": 42023000000,
    "revenueEstimated": 37931717088,
    "updatedFromDate": "2025-04-25",
    "fiscalDateEnding": "2024-09-30"
  },
  {
    "date": "2024-07-26",
    "symbol": "CNC",
    "eps": 2.42,
    "epsEstimated": 2.07,
    "time": "bmo",
    "revenue": 39836000000,
    "revenueEstimated": 36826664220,
    "updatedFromDate": "2025-04-25",
    "fiscalDateEnding": "2024-06-30"
  },
  {
    "date": "2024-04-26",
    "symbol": "CNC",
    "eps": 2.26,
    "epsEstimated": 2.08,
    "time": "bmo",
    "revenue": 40407000000,
    "revenueEstimated": 36432359571,
    "updatedFromDate": "2025-04-25",
    "fiscalDateEnding": "2024-03-31"
  },
  {
    "date": "2024-02-06",
    "symbol": "CNC",
    "eps": 0.45,
    "epsEstimated": 0.43,
    "time": "bmo",
    "revenue": 39460000000,
    "revenueEstimated": 36140800000,
    "updatedFromDate": "2025-04-25",
    "fiscalDateEnding": "2023-12-31"
  },
  {
    "date": "2023-10-24",
    "symbol": "CNC",
    "eps": 2,
    "epsEstimated": 1.58,
    "time": "bmo",
    "revenue": 38042000000,
    "revenueEstimated": 36179700000,
    "updatedFromDate": "2025-04-25",
    "fiscalDateEnding": "2023-09-30"
  },
  {
    "date": "2023-07-28",
    "symbol": "CNC",
    "eps": 2.1,
    "epsEstimated": 2.03,
    "time": "bmo",
    "revenue": 37608000000,
    "revenueEstimated": 36473900000,
    "updatedFromDate": "2025-04-25",
    "fiscalDateEnding": "2023-06-30"
  },
  {
    "date": "2023-04-25",
    "symbol": "CNC",
    "eps": 2.11,
    "epsEstimated": 2.09,
    "time": "bmo",
    "revenue": 38889000000,
    "revenueEstimated": 36026400000,
    "updatedFromDate": "2025-04-25",
    "fiscalDateEnding": "2023-03-31"
  },
  {
    "date": "2023-02-07",
    "symbol": "CNC",
    "eps": 0.86,
    "epsEstimated": 0.87,
    "time": "bmo",
    "revenue": 35561000000,
    "revenueEstimated": 35395300879,
    "updatedFromDate": "2025-04-25",
    "fiscalDateEnding": "2022-12-31"
  },
  {
    "date": "2022-10-25",
    "symbol": "CNC",
    "eps": 1.3,
    "epsEstimated": 1.24,
    "time": "bmo",
    "revenue": 35865000000,
    "revenueEstimated": 35502325149,
    "updatedFromDate": "2025-04-25",
    "fiscalDateEnding": "2022-09-30"
  },
  {
    "date": "2022-07-26",
    "symbol": "CNC",
    "eps": 1.77,
    "epsEstimated": 1.73,
    "time": "bmo",
    "revenue": 35936000000,
    "revenueEstimated": 35556308220,
    "updatedFromDate": "2025-04-25",
    "fiscalDateEnding": "2022-06-30"
  },
  {
    "date": "2022-04-26",
    "symbol": "CNC",
    "eps": 1.83,
    "epsEstimated": 1.68,
    "time": "bmo",
    "revenue": 37185000000,
    "revenueEstimated": 34520021558,
    "updatedFromDate": "2025-04-25",
    "fiscalDateEnding": "2022-03-31"
  },
  {
    "date": "2022-02-08",
    "symbol": "CNC",
    "eps": 1.01,
    "epsEstimated": 0.99,
    "time": "bmo",
    "revenue": 32568000000,
    "revenueEstimated": 32497728224,
    "updatedFromDate": "2025-04-25",
    "fiscalDateEnding": "2021-12-31"
  },
  {
    "date": "2021-10-26",
    "symbol": "CNC",
    "eps": 1.26,
    "epsEstimated": 1.25,
    "time": "bmo",
    "revenue": 32406000000,
    "revenueEstimated": 31558200000,
    "updatedFromDate": "2025-04-25",
    "fiscalDateEnding": "2021-09-30"
  },
  {
    "date": "2021-07-27",
    "symbol": "CNC",
    "eps": 1.25,
    "epsEstimated": 1.41,
    "time": "bmo",
    "revenue": 31025000000,
    "revenueEstimated": 31405500000,
    "updatedFromDate": "2025-04-25",
    "fiscalDateEnding": "2021-06-30"
  },
  {
    "date": "2021-04-27",
    "symbol": "CNC",
    "eps": 1.63,
    "epsEstimated": 1.65,
    "time": "bmo",
    "revenue": 29983000000,
    "revenueEstimated": 29476200000,
    "updatedFromDate": "2025-04-25",
    "fiscalDateEnding": "2021-03-31"
  },
  {
    "date": "2021-02-09",
    "symbol": "CNC",
    "eps": 0.46,
    "epsEstimated": 0.45,
    "time": "bmo",
    "revenue": 28288000000,
    "revenueEstimated": 28889872340,
    "updatedFromDate": "2025-04-25",
    "fiscalDateEnding": "2020-12-31"
  },
  {
    "date": "2020-10-27",
    "symbol": "CNC",
    "eps": 1.26,
    "epsEstimated": 0.97,
    "time": "bmo",
    "revenue": 29090000000,
    "revenueEstimated": 22394682539,
    "updatedFromDate": "2025-04-25",
    "fiscalDateEnding": "2020-09-30"
  },
  {
    "date": "2020-07-28",
    "symbol": "CNC",
    "eps": 2.4,
    "epsEstimated": 2.38,
    "time": "bmo",
    "revenue": 27712000000,
    "revenueEstimated": 27481066666,
    "updatedFromDate": "2025-04-25",
    "fiscalDateEnding": "2020-06-30"
  },
  {
    "date": "2020-04-28",
    "symbol": "CNC",
    "eps": 0.86,
    "epsEstimated": 1.02,
    "time": "bmo",
    "revenue": 26025000000,
    "revenueEstimated": 29959011627,
    "updatedFromDate": "2025-04-25",
    "fiscalDateEnding": "2020-03-31"
  },
  {
    "date": "2020-02-04",
    "symbol": "CNC",
    "eps": 0.73,
    "epsEstimated": 0.74,
    "time": "bmo",
    "revenue": 18863000000,
    "revenueEstimated": 18863000000,
    "updatedFromDate": "2025-04-25",
    "fiscalDateEnding": "2019-12-31"
  },
  {
    "date": "2019-10-22",
    "symbol": "CNC",
    "eps": 0.96,
    "epsEstimated": 0.95,
    "time": "bmo",
    "revenue": 18976000000,
    "revenueEstimated": 18778333333,
    "updatedFromDate": "2025-04-25",
    "fiscalDateEnding": "2019-09-30"
  },
  {
    "date": "2019-07-23",
    "symbol": "CNC",
    "eps": 1.34,
    "epsEstimated": 1.24,
    "time": "bmo",
    "revenue": 18356000000,
    "revenueEstimated": 16986149253,
    "updatedFromDate": "2025-04-25",
    "fiscalDateEnding": "2019-06-30"
  },
  {
    "date": "2019-04-23",
    "symbol": "CNC",
    "eps": 1.34,
    "epsEstimated": 1.34,
    "time": "bmo",
    "revenue": 18444000000,
    "revenueEstimated": 17780546762,
    "updatedFromDate": "2025-04-25",
    "fiscalDateEnding": "2019-03-31"
  },
  {
    "date": "2019-02-05",
    "symbol": "CNC",
    "eps": 0.69,
    "epsEstimated": 0.66,
    "time": "bmo",
    "revenue": 16559000000,
    "revenueEstimated": 15839043478,
    "updatedFromDate": "2025-04-25",
    "fiscalDateEnding": "2018-12-31"
  },
  {
    "date": "2018-10-23",
    "symbol": "CNC",
    "eps": 0.9,
    "epsEstimated": 0.89,
    "time": "bmo",
    "revenue": 16182000000,
    "revenueEstimated": 15822400000,
    "updatedFromDate": "2025-04-25",
    "fiscalDateEnding": "2018-09-30"
  },
  {
    "date": "2018-07-24",
    "symbol": "CNC",
    "eps": 0.9,
    "epsEstimated": 0.88,
    "time": "bmo",
    "revenue": 14181000000,
    "revenueEstimated": 13865866666,
    "updatedFromDate": "2025-04-25",
    "fiscalDateEnding": "2018-06-30"
  },
  {
    "date": "2018-04-24",
    "symbol": "CNC",
    "eps": 1.09,
    "epsEstimated": 0.96,
    "time": "bmo",
    "revenue": 13194000000,
    "revenueEstimated": 11620403669,
    "updatedFromDate": "2025-04-25",
    "fiscalDateEnding": "2018-03-31"
  },
  {
    "date": "2018-02-06",
    "symbol": "CNC",
    "eps": 0.49,
    "epsEstimated": 0.46,
    "time": "bmo",
    "revenue": 12806000000,
    "revenueEstimated": 12021959183,
    "updatedFromDate": "2025-04-25",
    "fiscalDateEnding": "2017-12-31"
  },
  {
    "date": "2017-10-24",
    "symbol": "CNC",
    "eps": 0.68,
    "epsEstimated": 0.62,
    "time": "bmo",
    "revenue": 11898000000,
    "revenueEstimated": 10848176470,
    "updatedFromDate": "2025-04-25",
    "fiscalDateEnding": "2017-09-30"
  },
  {
    "date": "2017-07-25",
    "symbol": "CNC",
    "eps": 0.8,
    "epsEstimated": 0.66,
    "time": "bmo",
    "revenue": 11954000000,
    "revenueEstimated": 9862050000,
    "updatedFromDate": "2025-04-25",
    "fiscalDateEnding": "2017-06-30"
  },
  {
    "date": "2017-04-25",
    "symbol": "CNC",
    "eps": 0.56,
    "epsEstimated": 0.53,
    "time": "bmo",
    "revenue": 11724000000,
    "revenueEstimated": 10886571428,
    "updatedFromDate": "2025-04-25",
    "fiscalDateEnding": "2017-03-31"
  },
  {
    "date": "2017-02-07",
    "symbol": "CNC",
    "eps": 0.6,
    "epsEstimated": 0.55,
    "time": "bmo",
    "revenue": 11911000000,
    "revenueEstimated": 11110260504,
    "updatedFromDate": "2025-04-25",
    "fiscalDateEnding": "2016-12-31"
  },
  {
    "date": "2016-10-25",
    "symbol": "CNC",
    "eps": 0.56,
    "epsEstimated": 0.58,
    "time": "bmo",
    "revenue": 10846000000,
    "revenueEstimated": 11236846846,
    "updatedFromDate": "2025-04-25",
    "fiscalDateEnding": "2016-09-30"
  },
  {
    "date": "2016-07-26",
    "symbol": "CNC",
    "eps": 0.65,
    "epsEstimated": 0.54,
    "time": "bmo",
    "revenue": 10897000000,
    "revenueEstimated": 9207542635,
    "updatedFromDate": "2025-04-25",
    "fiscalDateEnding": "2016-06-30"
  }
]