[
  {
    "date": "2026-04-22",
    "symbol": "CNP",
    "eps": null,
    "epsEstimated": null,
    "time": "bmo",
    "revenue": null,
    "revenueEstimated": null,
    "updatedFromDate": "2025-10-02",
    "fiscalDateEnding": "2026-03-30"
  },
  {
    "date": "2026-02-18",
    "symbol": "CNP",
    "eps": null,
    "epsEstimated": null,
    "time": "bmo",
    "revenue": null,
    "revenueEstimated": null,
    "updatedFromDate": "2025-10-02",
    "fiscalDateEnding": "2025-12-30"
  },
  {
    "date": "2025-10-27",
    "symbol": "CNP",
    "eps": null,
    "epsEstimated": 0.47,
    "time": "bmo",
    "revenue": null,
    "revenueEstimated": 2041727890,
    "updatedFromDate": "2025-10-02",
    "fiscalDateEnding": "2025-09-30"
  },
  {
    "date": "2025-07-24",
    "symbol": "CNP",
    "eps": 0.29,
    "epsEstimated": 0.3841,
    "time": "bmo",
    "revenue": 1944000000,
    "revenueEstimated": 2203518820,
    "updatedFromDate": "2025-10-02",
    "fiscalDateEnding": "2025-06-30"
  },
  {
    "date": "2025-04-24",
    "symbol": "CNP",
    "eps": 0.53,
    "epsEstimated": 0.55,
    "time": "bmo",
    "revenue": 2920000000,
    "revenueEstimated": 2256407700,
    "updatedFromDate": "2025-04-25",
    "fiscalDateEnding": "2025-03-31"
  },
  {
    "date": "2025-02-20",
    "symbol": "CNP",
    "eps": 0.4,
    "epsEstimated": 0.4,
    "time": "bmo",
    "revenue": 2262000000,
    "revenueEstimated": 2481705160,
    "updatedFromDate": "2025-05-20",
    "fiscalDateEnding": "2024-12-31"
  },
  {
    "date": "2024-10-28",
    "symbol": "CNP",
    "eps": 0.31,
    "epsEstimated": 0.32,
    "time": "bmo",
    "revenue": 1856000000,
    "revenueEstimated": 1933076369,
    "updatedFromDate": "2025-04-25",
    "fiscalDateEnding": "2024-09-30"
  },
  {
    "date": "2024-07-30",
    "symbol": "CNP",
    "eps": 0.36,
    "epsEstimated": 0.32,
    "time": "bmo",
    "revenue": 1905000000,
    "revenueEstimated": 1886823037,
    "updatedFromDate": "2025-04-25",
    "fiscalDateEnding": "2024-06-30"
  },
  {
    "date": "2024-04-30",
    "symbol": "CNP",
    "eps": 0.55,
    "epsEstimated": 0.53,
    "time": "bmo",
    "revenue": 2620000000,
    "revenueEstimated": 2680626221,
    "updatedFromDate": "2025-04-25",
    "fiscalDateEnding": "2024-03-31"
  },
  {
    "date": "2024-02-20",
    "symbol": "CNP",
    "eps": 0.32,
    "epsEstimated": 0.32,
    "time": "bmo",
    "revenue": 2182000000,
    "revenueEstimated": 2593260000,
    "updatedFromDate": "2025-04-25",
    "fiscalDateEnding": "2023-12-31"
  },
  {
    "date": "2023-10-26",
    "symbol": "CNP",
    "eps": 0.4,
    "epsEstimated": 0.35,
    "time": "bmo",
    "revenue": 1860000000,
    "revenueEstimated": 2086520000,
    "updatedFromDate": "2025-04-25",
    "fiscalDateEnding": "2023-09-30"
  },
  {
    "date": "2023-07-27",
    "symbol": "CNP",
    "eps": 0.28,
    "epsEstimated": 0.29,
    "time": "bmo",
    "revenue": 1875000000,
    "revenueEstimated": 1948000000,
    "updatedFromDate": "2025-04-25",
    "fiscalDateEnding": "2023-06-30"
  },
  {
    "date": "2023-04-27",
    "symbol": "CNP",
    "eps": 0.5,
    "epsEstimated": 0.47,
    "time": "bmo",
    "revenue": 2779000000,
    "revenueEstimated": 1859470000,
    "updatedFromDate": "2025-04-25",
    "fiscalDateEnding": "2023-03-31"
  },
  {
    "date": "2023-02-17",
    "symbol": "CNP",
    "eps": 0.28,
    "epsEstimated": 0.29,
    "time": "bmo",
    "revenue": 2711000000,
    "revenueEstimated": 1987400798,
    "updatedFromDate": "2025-04-25",
    "fiscalDateEnding": "2022-12-31"
  },
  {
    "date": "2022-11-01",
    "symbol": "CNP",
    "eps": 0.32,
    "epsEstimated": 0.3,
    "time": "bmo",
    "revenue": 1903000000,
    "revenueEstimated": 1783642027,
    "updatedFromDate": "2025-04-25",
    "fiscalDateEnding": "2022-09-30"
  },
  {
    "date": "2022-08-02",
    "symbol": "CNP",
    "eps": 0.31,
    "epsEstimated": 0.27,
    "time": "bmo",
    "revenue": 1944000000,
    "revenueEstimated": 1682335527,
    "updatedFromDate": "2025-04-25",
    "fiscalDateEnding": "2022-06-30"
  },
  {
    "date": "2022-05-03",
    "symbol": "CNP",
    "eps": 0.47,
    "epsEstimated": 0.48,
    "time": "bmo",
    "revenue": 2763000000,
    "revenueEstimated": 2553531387,
    "updatedFromDate": "2025-04-25",
    "fiscalDateEnding": "2022-03-31"
  },
  {
    "date": "2022-02-22",
    "symbol": "CNP",
    "eps": 0.36,
    "epsEstimated": 0.31,
    "time": "bmo",
    "revenue": 2314000000,
    "revenueEstimated": 1787261729,
    "updatedFromDate": "2025-04-25",
    "fiscalDateEnding": "2021-12-31"
  },
  {
    "date": "2021-11-04",
    "symbol": "CNP",
    "eps": 0.33,
    "epsEstimated": 0.28,
    "time": "bmo",
    "revenue": 1749000000,
    "revenueEstimated": 1671860000,
    "updatedFromDate": "2025-04-25",
    "fiscalDateEnding": "2021-09-30"
  },
  {
    "date": "2021-08-05",
    "symbol": "CNP",
    "eps": 0.36,
    "epsEstimated": 0.25,
    "time": "bmo",
    "revenue": 1742000000,
    "revenueEstimated": 1742000000,
    "updatedFromDate": "2025-04-25",
    "fiscalDateEnding": "2021-06-30"
  },
  {
    "date": "2021-05-06",
    "symbol": "CNP",
    "eps": 0.59,
    "epsEstimated": 0.53,
    "time": "bmo",
    "revenue": 2547000000,
    "revenueEstimated": 2258660377,
    "updatedFromDate": "2025-04-25",
    "fiscalDateEnding": "2021-03-31"
  },
  {
    "date": "2021-02-25",
    "symbol": "CNP",
    "eps": 0.29,
    "epsEstimated": 0.2,
    "time": "bmo",
    "revenue": 2054000000,
    "revenueEstimated": 1864005000,
    "updatedFromDate": "2025-04-25",
    "fiscalDateEnding": "2020-12-31"
  },
  {
    "date": "2020-11-05",
    "symbol": "CNP",
    "eps": 0.34,
    "epsEstimated": 0.32,
    "time": "bmo",
    "revenue": 1622000000,
    "revenueEstimated": 1405733333,
    "updatedFromDate": "2025-04-25",
    "fiscalDateEnding": "2020-09-30"
  },
  {
    "date": "2020-08-06",
    "symbol": "CNP",
    "eps": 0.21,
    "epsEstimated": 0.19,
    "time": "bmo",
    "revenue": 1575000000,
    "revenueEstimated": 1575000000,
    "updatedFromDate": "2025-04-25",
    "fiscalDateEnding": "2020-06-30"
  },
  {
    "date": "2020-05-07",
    "symbol": "CNP",
    "eps": 0.5,
    "epsEstimated": 0.45,
    "time": "bmo",
    "revenue": 2167000000,
    "revenueEstimated": 1466892307,
    "updatedFromDate": "2025-04-25",
    "fiscalDateEnding": "2020-03-31"
  },
  {
    "date": "2020-02-27",
    "symbol": "CNP",
    "eps": 0.45,
    "epsEstimated": 0.36,
    "time": "bmo",
    "revenue": 3230000000,
    "revenueEstimated": 2584000000,
    "updatedFromDate": "2025-04-25",
    "fiscalDateEnding": "2019-12-31"
  },
  {
    "date": "2019-11-07",
    "symbol": "CNP",
    "eps": 0.53,
    "epsEstimated": 0.43,
    "time": "bmo",
    "revenue": 2742000000,
    "revenueEstimated": 2224641509,
    "updatedFromDate": "2025-04-25",
    "fiscalDateEnding": "2019-09-30"
  },
  {
    "date": "2019-08-07",
    "symbol": "CNP",
    "eps": 0.35,
    "epsEstimated": 0.31,
    "time": "bmo",
    "revenue": 2798000000,
    "revenueEstimated": 1468514285,
    "updatedFromDate": "2025-04-25",
    "fiscalDateEnding": "2019-06-30"
  },
  {
    "date": "2019-05-09",
    "symbol": "CNP",
    "eps": 0.46,
    "epsEstimated": 0.5,
    "time": "bmo",
    "revenue": 3531000000,
    "revenueEstimated": 2616652173,
    "updatedFromDate": "2025-04-25",
    "fiscalDateEnding": "2019-03-31"
  },
  {
    "date": "2019-02-28",
    "symbol": "CNP",
    "eps": 0.36,
    "epsEstimated": 0.36,
    "time": "bmo",
    "revenue": 3036000000,
    "revenueEstimated": 2867333333,
    "updatedFromDate": "2025-04-25",
    "fiscalDateEnding": "2018-12-31"
  },
  {
    "date": "2018-11-08",
    "symbol": "CNP",
    "eps": 0.39,
    "epsEstimated": 0.42,
    "time": "bmo",
    "revenue": 2212000000,
    "revenueEstimated": 2382153846,
    "updatedFromDate": "2025-04-25",
    "fiscalDateEnding": "2018-09-30"
  },
  {
    "date": "2018-08-03",
    "symbol": "CNP",
    "eps": 0.3,
    "epsEstimated": 0.32,
    "time": "bmo",
    "revenue": 2186000000,
    "revenueEstimated": 2331733333,
    "updatedFromDate": "2025-04-25",
    "fiscalDateEnding": "2018-06-30"
  },
  {
    "date": "2018-05-04",
    "symbol": "CNP",
    "eps": 0.55,
    "epsEstimated": 0.44,
    "time": "bmo",
    "revenue": 3155000000,
    "revenueEstimated": 2524000000,
    "updatedFromDate": "2025-04-25",
    "fiscalDateEnding": "2018-03-31"
  },
  {
    "date": "2018-02-22",
    "symbol": "CNP",
    "eps": 0.33,
    "epsEstimated": 0.3,
    "time": "bmo",
    "revenue": 2638000000,
    "revenueEstimated": 2398181818,
    "updatedFromDate": "2025-04-25",
    "fiscalDateEnding": "2017-12-31"
  },
  {
    "date": "2017-11-03",
    "symbol": "CNP",
    "eps": 0.38,
    "epsEstimated": 0.39,
    "time": "bmo",
    "revenue": 2098000000,
    "revenueEstimated": 2153210526,
    "updatedFromDate": "2025-04-25",
    "fiscalDateEnding": "2017-09-30"
  },
  {
    "date": "2017-08-03",
    "symbol": "CNP",
    "eps": 0.29,
    "epsEstimated": 0.22,
    "time": "bmo",
    "revenue": 2143000000,
    "revenueEstimated": 1625724137,
    "updatedFromDate": "2025-04-25",
    "fiscalDateEnding": "2017-06-30"
  },
  {
    "date": "2017-05-05",
    "symbol": "CNP",
    "eps": 0.37,
    "epsEstimated": 0.34,
    "time": "bmo",
    "revenue": 2735000000,
    "revenueEstimated": 2513243243,
    "updatedFromDate": "2025-04-25",
    "fiscalDateEnding": "2017-03-31"
  },
  {
    "date": "2017-02-28",
    "symbol": "CNP",
    "eps": 0.26,
    "epsEstimated": 0.28,
    "time": "bmo",
    "revenue": 2081000000,
    "revenueEstimated": 2241076923,
    "updatedFromDate": "2025-04-25",
    "fiscalDateEnding": "2016-12-31"
  },
  {
    "date": "2016-11-04",
    "symbol": "CNP",
    "eps": 0.41,
    "epsEstimated": 0.36,
    "time": "bmo",
    "revenue": 1889000000,
    "revenueEstimated": 1658634146,
    "updatedFromDate": "2025-04-25",
    "fiscalDateEnding": "2016-09-30"
  },
  {
    "date": "2016-08-05",
    "symbol": "CNP",
    "eps": 0.17,
    "epsEstimated": 0.2,
    "time": "bmo",
    "revenue": 1574000000,
    "revenueEstimated": 1851764705,
    "updatedFromDate": "2025-04-25",
    "fiscalDateEnding": "2016-06-30"
  }
]