[
  {
    "date": "2026-04-20",
    "symbol": "COF",
    "eps": null,
    "epsEstimated": null,
    "time": "amc",
    "revenue": null,
    "revenueEstimated": null,
    "updatedFromDate": "2025-10-02",
    "fiscalDateEnding": "2026-03-30"
  },
  {
    "date": "2026-01-19",
    "symbol": "COF",
    "eps": null,
    "epsEstimated": null,
    "time": "amc",
    "revenue": null,
    "revenueEstimated": null,
    "updatedFromDate": "2025-10-02",
    "fiscalDateEnding": "2025-12-30"
  },
  {
    "date": "2025-10-21",
    "symbol": "COF",
    "eps": null,
    "epsEstimated": 4.26,
    "time": "amc",
    "revenue": null,
    "revenueEstimated": 15078147440,
    "updatedFromDate": "2025-10-02",
    "fiscalDateEnding": "2025-09-30"
  },
  {
    "date": "2025-07-22",
    "symbol": "COF",
    "eps": 5.48,
    "epsEstimated": 4.05,
    "time": "amc",
    "revenue": 16410000000,
    "revenueEstimated": 12366175762,
    "updatedFromDate": "2025-10-02",
    "fiscalDateEnding": "2025-06-30"
  },
  {
    "date": "2025-04-22",
    "symbol": "COF",
    "eps": 4.06,
    "epsEstimated": 3.64,
    "time": "amc",
    "revenue": 13405000000,
    "revenueEstimated": 10055143058,
    "updatedFromDate": "2025-07-22",
    "fiscalDateEnding": "2025-03-31"
  },
  {
    "date": "2025-01-21",
    "symbol": "COF",
    "eps": 3.09,
    "epsEstimated": 2.78,
    "time": "amc",
    "revenue": 10190000000,
    "revenueEstimated": 10214036847,
    "updatedFromDate": "2025-04-25",
    "fiscalDateEnding": "2024-12-31"
  },
  {
    "date": "2024-10-24",
    "symbol": "COF",
    "eps": 4.51,
    "epsEstimated": 3.76,
    "time": "amc",
    "revenue": 10014000000,
    "revenueEstimated": 9876044423,
    "updatedFromDate": "2025-04-25",
    "fiscalDateEnding": "2024-09-30"
  },
  {
    "date": "2024-07-23",
    "symbol": "COF",
    "eps": 3.14,
    "epsEstimated": 3.39,
    "time": "amc",
    "revenue": 13212000000,
    "revenueEstimated": 9569479756,
    "updatedFromDate": "2025-04-25",
    "fiscalDateEnding": "2024-06-30"
  },
  {
    "date": "2024-04-25",
    "symbol": "COF",
    "eps": 3.21,
    "epsEstimated": 3.31,
    "time": "amc",
    "revenue": 13091000000,
    "revenueEstimated": 9348444370,
    "updatedFromDate": "2025-04-25",
    "fiscalDateEnding": "2024-03-31"
  },
  {
    "date": "2024-01-25",
    "symbol": "COF",
    "eps": 2.24,
    "epsEstimated": 2.5,
    "time": "amc",
    "revenue": 13132000000,
    "revenueEstimated": 9462130000,
    "updatedFromDate": "2025-04-25",
    "fiscalDateEnding": "2023-12-31"
  },
  {
    "date": "2023-10-26",
    "symbol": "COF",
    "eps": 4.45,
    "epsEstimated": 3.25,
    "time": "amc",
    "revenue": 9366000000,
    "revenueEstimated": 9196970000,
    "updatedFromDate": "2025-04-25",
    "fiscalDateEnding": "2023-09-30"
  },
  {
    "date": "2023-07-20",
    "symbol": "COF",
    "eps": 3.52,
    "epsEstimated": 3.23,
    "time": "amc",
    "revenue": 9012000000,
    "revenueEstimated": 9186660000,
    "updatedFromDate": "2025-04-25",
    "fiscalDateEnding": "2023-06-30"
  },
  {
    "date": "2023-04-27",
    "symbol": "COF",
    "eps": 2.31,
    "epsEstimated": 3.92,
    "time": "amc",
    "revenue": 8903000000,
    "revenueEstimated": 9045460000,
    "updatedFromDate": "2025-04-25",
    "fiscalDateEnding": "2023-03-31"
  },
  {
    "date": "2023-01-24",
    "symbol": "COF",
    "eps": 2.82,
    "epsEstimated": 3.84,
    "time": "amc",
    "revenue": 9040000000,
    "revenueEstimated": 9070659767,
    "updatedFromDate": "2025-04-25",
    "fiscalDateEnding": "2022-12-31"
  },
  {
    "date": "2022-10-27",
    "symbol": "COF",
    "eps": 4.2,
    "epsEstimated": 5.04,
    "time": "amc",
    "revenue": 8805000000,
    "revenueEstimated": 8640659150,
    "updatedFromDate": "2025-04-25",
    "fiscalDateEnding": "2022-09-30"
  },
  {
    "date": "2022-07-21",
    "symbol": "COF",
    "eps": 4.96,
    "epsEstimated": 5.09,
    "time": "amc",
    "revenue": 8232000000,
    "revenueEstimated": 8309629913,
    "updatedFromDate": "2025-04-25",
    "fiscalDateEnding": "2022-06-30"
  },
  {
    "date": "2022-04-26",
    "symbol": "COF",
    "eps": 5.62,
    "epsEstimated": 5.44,
    "time": "amc",
    "revenue": 8173000000,
    "revenueEstimated": 8020612828,
    "updatedFromDate": "2025-04-25",
    "fiscalDateEnding": "2022-03-31"
  },
  {
    "date": "2022-01-25",
    "symbol": "COF",
    "eps": 5.41,
    "epsEstimated": 5.3,
    "time": "amc",
    "revenue": 8118000000,
    "revenueEstimated": 7989930000,
    "updatedFromDate": "2025-04-25",
    "fiscalDateEnding": "2021-12-31"
  },
  {
    "date": "2021-10-26",
    "symbol": "COF",
    "eps": 6.78,
    "epsEstimated": 5.38,
    "time": "amc",
    "revenue": 7830000000,
    "revenueEstimated": 7395840000,
    "updatedFromDate": "2025-04-25",
    "fiscalDateEnding": "2021-09-30"
  },
  {
    "date": "2021-07-22",
    "symbol": "COF",
    "eps": 7.62,
    "epsEstimated": 4.64,
    "time": "amc",
    "revenue": 7374000000,
    "revenueEstimated": 7396010000,
    "updatedFromDate": "2025-04-25",
    "fiscalDateEnding": "2021-06-30"
  },
  {
    "date": "2021-04-27",
    "symbol": "COF",
    "eps": 7.03,
    "epsEstimated": 4.17,
    "time": "amc",
    "revenue": 7113000000,
    "revenueEstimated": 5424742984,
    "updatedFromDate": "2025-04-25",
    "fiscalDateEnding": "2021-03-31"
  },
  {
    "date": "2021-01-26",
    "symbol": "COF",
    "eps": 5.35,
    "epsEstimated": 2.86,
    "time": "amc",
    "revenue": 7300000000,
    "revenueEstimated": 5620815863,
    "updatedFromDate": "2025-04-25",
    "fiscalDateEnding": "2020-12-31"
  },
  {
    "date": "2020-10-22",
    "symbol": "COF",
    "eps": 5.06,
    "epsEstimated": 2.13,
    "time": "amc",
    "revenue": 7345000000,
    "revenueEstimated": 6728281688,
    "updatedFromDate": "2025-04-25",
    "fiscalDateEnding": "2020-09-30"
  },
  {
    "date": "2020-07-21",
    "symbol": "COF",
    "eps": -1.61,
    "epsEstimated": -1.25,
    "time": "amc",
    "revenue": 6556000000,
    "revenueEstimated": 4983746606,
    "updatedFromDate": "2025-04-25",
    "fiscalDateEnding": "2020-06-30"
  },
  {
    "date": "2020-04-23",
    "symbol": "COF",
    "eps": -3.02,
    "epsEstimated": 0.93,
    "time": "amc",
    "revenue": 7249000000,
    "revenueEstimated": 1215961290,
    "updatedFromDate": "2025-04-25",
    "fiscalDateEnding": "2020-03-31"
  },
  {
    "date": "2020-01-21",
    "symbol": "COF",
    "eps": 2.25,
    "epsEstimated": 2.28,
    "time": "amc",
    "revenue": 7427000000,
    "revenueEstimated": 7526026666,
    "updatedFromDate": "2025-04-25",
    "fiscalDateEnding": "2019-12-31"
  },
  {
    "date": "2019-10-24",
    "symbol": "COF",
    "eps": 3.17,
    "epsEstimated": 2.88,
    "time": "amc",
    "revenue": 6959000000,
    "revenueEstimated": 7450527881,
    "updatedFromDate": "2025-04-25",
    "fiscalDateEnding": "2019-09-30"
  },
  {
    "date": "2019-07-18",
    "symbol": "COF",
    "eps": 3.07,
    "epsEstimated": 2.87,
    "time": "amc",
    "revenue": 7124000000,
    "revenueEstimated": 6310456790,
    "updatedFromDate": "2025-04-25",
    "fiscalDateEnding": "2019-06-30"
  },
  {
    "date": "2019-04-25",
    "symbol": "COF",
    "eps": 2.9,
    "epsEstimated": 2.7,
    "time": "amc",
    "revenue": 7083000000,
    "revenueEstimated": 6686748251,
    "updatedFromDate": "2025-04-25",
    "fiscalDateEnding": "2019-03-31"
  },
  {
    "date": "2019-01-22",
    "symbol": "COF",
    "eps": 1.87,
    "epsEstimated": 2.37,
    "time": "amc",
    "revenue": 6939000000,
    "revenueEstimated": 8888133689,
    "updatedFromDate": "2025-04-25",
    "fiscalDateEnding": "2018-12-31"
  },
  {
    "date": "2018-10-23",
    "symbol": "COF",
    "eps": 2.99,
    "epsEstimated": 2.88,
    "time": "amc",
    "revenue": 6962000000,
    "revenueEstimated": 6705872909,
    "updatedFromDate": "2025-04-25",
    "fiscalDateEnding": "2018-09-30"
  },
  {
    "date": "2018-07-19",
    "symbol": "COF",
    "eps": 3.16,
    "epsEstimated": 2.63,
    "time": "amc",
    "revenue": 7192000000,
    "revenueEstimated": 5098371967,
    "updatedFromDate": "2025-04-25",
    "fiscalDateEnding": "2018-06-30"
  },
  {
    "date": "2018-04-24",
    "symbol": "COF",
    "eps": 2.62,
    "epsEstimated": 2.32,
    "time": "amc",
    "revenue": 6909000000,
    "revenueEstimated": 6117893129,
    "updatedFromDate": "2025-04-25",
    "fiscalDateEnding": "2018-03-31"
  },
  {
    "date": "2018-01-23",
    "symbol": "COF",
    "eps": 1.66,
    "epsEstimated": 1.85,
    "time": "amc",
    "revenue": 7013000000,
    "revenueEstimated": 8292100628,
    "updatedFromDate": "2025-04-25",
    "fiscalDateEnding": "2017-12-31"
  },
  {
    "date": "2017-10-24",
    "symbol": "COF",
    "eps": 2.48,
    "epsEstimated": 2.15,
    "time": "amc",
    "revenue": 6985000000,
    "revenueEstimated": 7017640186,
    "updatedFromDate": "2025-04-25",
    "fiscalDateEnding": "2017-09-30"
  },
  {
    "date": "2017-07-20",
    "symbol": "COF",
    "eps": 1.94,
    "epsEstimated": 1.9,
    "time": "amc",
    "revenue": 6704000000,
    "revenueEstimated": 6565773195,
    "updatedFromDate": "2025-04-25",
    "fiscalDateEnding": "2017-06-30"
  },
  {
    "date": "2017-04-25",
    "symbol": "COF",
    "eps": 1.54,
    "epsEstimated": 1.92,
    "time": "amc",
    "revenue": 6535000000,
    "revenueEstimated": 8147532467,
    "updatedFromDate": "2025-04-25",
    "fiscalDateEnding": "2017-03-31"
  },
  {
    "date": "2017-01-24",
    "symbol": "COF",
    "eps": 1.45,
    "epsEstimated": 1.6,
    "time": "amc",
    "revenue": 6566000000,
    "revenueEstimated": 7290524137,
    "updatedFromDate": "2025-04-25",
    "fiscalDateEnding": "2016-12-31"
  },
  {
    "date": "2016-10-25",
    "symbol": "COF",
    "eps": 1.9,
    "epsEstimated": 1.94,
    "time": "amc",
    "revenue": 6461000000,
    "revenueEstimated": 6597021052,
    "updatedFromDate": "2025-04-25",
    "fiscalDateEnding": "2016-09-30"
  },
  {
    "date": "2016-07-21",
    "symbol": "COF",
    "eps": 1.69,
    "epsEstimated": 1.86,
    "time": "amc",
    "revenue": 6254000000,
    "revenueEstimated": 6883100591,
    "updatedFromDate": "2025-04-25",
    "fiscalDateEnding": "2016-06-30"
  }
]