[
  {
    "date": "2026-05-06",
    "symbol": "COIN",
    "eps": null,
    "epsEstimated": null,
    "time": "amc",
    "revenue": null,
    "revenueEstimated": null,
    "updatedFromDate": "2025-10-02",
    "fiscalDateEnding": "2026-03-30"
  },
  {
    "date": "2026-02-11",
    "symbol": "COIN",
    "eps": null,
    "epsEstimated": null,
    "time": "amc",
    "revenue": null,
    "revenueEstimated": null,
    "updatedFromDate": "2025-10-02",
    "fiscalDateEnding": "2025-12-30"
  },
  {
    "date": "2025-10-29",
    "symbol": "COIN",
    "eps": null,
    "epsEstimated": 1.04,
    "time": "bmo",
    "revenue": null,
    "revenueEstimated": 1769479060,
    "updatedFromDate": "2025-10-02",
    "fiscalDateEnding": "2025-09-30"
  },
  {
    "date": "2025-07-31",
    "symbol": "COIN",
    "eps": 0.12,
    "epsEstimated": 1.25,
    "time": "amc",
    "revenue": 1497208000,
    "revenueEstimated": 1587302376,
    "updatedFromDate": "2025-10-02",
    "fiscalDateEnding": "2025-06-30"
  },
  {
    "date": "2025-05-08",
    "symbol": "COIN",
    "eps": 1.94,
    "epsEstimated": 1.94,
    "time": "amc",
    "revenue": 2034295000,
    "revenueEstimated": 2071197821,
    "updatedFromDate": "2025-08-08",
    "fiscalDateEnding": "2025-03-31"
  },
  {
    "date": "2025-02-13",
    "symbol": "COIN",
    "eps": 3.39,
    "epsEstimated": 0.46,
    "time": "amc",
    "revenue": 2271637000,
    "revenueEstimated": 1841260497,
    "updatedFromDate": "2025-05-12",
    "fiscalDateEnding": "2024-12-31"
  },
  {
    "date": "2024-10-30",
    "symbol": "COIN",
    "eps": 0.62,
    "epsEstimated": 0.414,
    "time": "amc",
    "revenue": 1128597000,
    "revenueEstimated": 1261177671,
    "updatedFromDate": "2025-04-18",
    "fiscalDateEnding": "2024-09-30"
  },
  {
    "date": "2024-08-01",
    "symbol": "COIN",
    "eps": 1.07,
    "epsEstimated": 0.949,
    "time": "amc",
    "revenue": 1379942000,
    "revenueEstimated": 1398462631,
    "updatedFromDate": "2025-04-18",
    "fiscalDateEnding": "2024-06-30"
  },
  {
    "date": "2024-05-02",
    "symbol": "COIN",
    "eps": 1.65,
    "epsEstimated": 1.15,
    "time": "amc",
    "revenue": 1449628000,
    "revenueEstimated": 1341012869,
    "updatedFromDate": "2025-04-18",
    "fiscalDateEnding": "2024-03-31"
  },
  {
    "date": "2024-02-15",
    "symbol": "COIN",
    "eps": 1.04,
    "epsEstimated": 0.00773,
    "time": "amc",
    "revenue": 953795000,
    "revenueEstimated": 826104708,
    "updatedFromDate": "2025-04-18",
    "fiscalDateEnding": "2023-12-31"
  },
  {
    "date": "2023-11-02",
    "symbol": "COIN",
    "eps": -0.01,
    "epsEstimated": -0.54,
    "time": "amc",
    "revenue": 674148000,
    "revenueEstimated": 650943884,
    "updatedFromDate": "2025-04-18",
    "fiscalDateEnding": "2023-09-30"
  },
  {
    "date": "2023-08-03",
    "symbol": "COIN",
    "eps": -0.42,
    "epsEstimated": -0.78,
    "time": "amc",
    "revenue": 707911000,
    "revenueEstimated": 627599641,
    "updatedFromDate": "2025-04-18",
    "fiscalDateEnding": "2023-06-30"
  },
  {
    "date": "2023-05-04",
    "symbol": "COIN",
    "eps": 0.15,
    "epsEstimated": -1.44,
    "time": "amc",
    "revenue": 772529000,
    "revenueEstimated": 655305287,
    "updatedFromDate": "2025-04-18",
    "fiscalDateEnding": "2023-03-31"
  },
  {
    "date": "2023-02-21",
    "symbol": "COIN",
    "eps": -2.46,
    "epsEstimated": -2.39,
    "time": "amc",
    "revenue": 629108000,
    "revenueEstimated": 587810676,
    "updatedFromDate": "2025-04-18",
    "fiscalDateEnding": "2022-12-31"
  },
  {
    "date": "2022-11-03",
    "symbol": "COIN",
    "eps": -2.43,
    "epsEstimated": -2.23,
    "time": "amc",
    "revenue": 590339000,
    "revenueEstimated": 639025286,
    "updatedFromDate": "2025-04-18",
    "fiscalDateEnding": "2022-09-30"
  },
  {
    "date": "2022-08-09",
    "symbol": "COIN",
    "eps": -4.95,
    "epsEstimated": -3.04,
    "time": "amc",
    "revenue": 808325000,
    "revenueEstimated": 873820160,
    "updatedFromDate": "2025-04-18",
    "fiscalDateEnding": "2022-06-30"
  },
  {
    "date": "2022-05-10",
    "symbol": "COIN",
    "eps": -1.98,
    "epsEstimated": 0.35,
    "time": "amc",
    "revenue": 1166436000,
    "revenueEstimated": 1499516916,
    "updatedFromDate": "2025-04-18",
    "fiscalDateEnding": "2022-03-31"
  },
  {
    "date": "2022-02-24",
    "symbol": "COIN",
    "eps": 3.32,
    "epsEstimated": 1.85,
    "time": "amc",
    "revenue": 2498463000,
    "revenueEstimated": 1968389437,
    "updatedFromDate": "2025-04-18",
    "fiscalDateEnding": "2021-12-31"
  },
  {
    "date": "2021-11-09",
    "symbol": "COIN",
    "eps": 1.62,
    "epsEstimated": 1.57,
    "time": "amc",
    "revenue": 1311908000,
    "revenueEstimated": 1446800000,
    "updatedFromDate": "2025-04-18",
    "fiscalDateEnding": "2021-09-30"
  },
  {
    "date": "2021-08-10",
    "symbol": "COIN",
    "eps": 6.42,
    "epsEstimated": 2.49,
    "time": "amc",
    "revenue": 2227962000,
    "revenueEstimated": 2227960000,
    "updatedFromDate": "2025-04-18",
    "fiscalDateEnding": "2021-06-30"
  },
  {
    "date": "2021-05-13",
    "symbol": "COIN",
    "eps": 3.09,
    "epsEstimated": 3.09,
    "time": "amc",
    "revenue": 1801112000,
    "revenueEstimated": 1824427365,
    "updatedFromDate": "2025-04-18",
    "fiscalDateEnding": "2021-03-31"
  },
  {
    "date": "2021-03-23",
    "symbol": "COIN",
    "eps": 0.4371,
    "epsEstimated": null,
    "time": "bmo",
    "revenue": 315357000,
    "revenueEstimated": null,
    "updatedFromDate": "2025-04-18",
    "fiscalDateEnding": "2020-09-30"
  },
  {
    "date": "2020-12-30",
    "symbol": "COIN",
    "eps": 0.951,
    "epsEstimated": null,
    "time": "amc",
    "revenue": 585112000,
    "revenueEstimated": null,
    "updatedFromDate": "2025-04-18",
    "fiscalDateEnding": "2020-12-31"
  },
  {
    "date": "2020-06-29",
    "symbol": "COIN",
    "eps": 0.1569,
    "epsEstimated": null,
    "time": "amc",
    "revenue": 186382000,
    "revenueEstimated": null,
    "updatedFromDate": "2025-04-18",
    "fiscalDateEnding": "2020-06-30"
  },
  {
    "date": "2020-03-30",
    "symbol": "COIN",
    "eps": 0.1555,
    "epsEstimated": null,
    "time": "amc",
    "revenue": 190630000,
    "revenueEstimated": null,
    "updatedFromDate": "2025-04-18",
    "fiscalDateEnding": "2020-03-31"
  },
  {
    "date": "2019-12-30",
    "symbol": "COIN",
    "eps": -0.14831,
    "epsEstimated": null,
    "time": "amc",
    "revenue": 125911000,
    "revenueEstimated": null,
    "updatedFromDate": "2025-04-18",
    "fiscalDateEnding": "2019-12-31"
  },
  {
    "date": "2019-09-29",
    "symbol": "COIN",
    "eps": -0.14831,
    "epsEstimated": null,
    "time": "amc",
    "revenue": 125911000,
    "revenueEstimated": null,
    "updatedFromDate": "2025-04-18",
    "fiscalDateEnding": "2019-09-30"
  },
  {
    "date": "2019-06-29",
    "symbol": "COIN",
    "eps": -0.07848,
    "epsEstimated": null,
    "time": "amc",
    "revenue": 135495000,
    "revenueEstimated": null,
    "updatedFromDate": "2025-04-18",
    "fiscalDateEnding": "2019-06-30"
  },
  {
    "date": "2019-03-30",
    "symbol": "COIN",
    "eps": -0.07848,
    "epsEstimated": null,
    "time": "amc",
    "revenue": 135495000,
    "revenueEstimated": null,
    "updatedFromDate": "2025-04-18",
    "fiscalDateEnding": "2019-03-31"
  }
]