[
  {
    "date": "2026-05-27",
    "symbol": "COO",
    "eps": null,
    "epsEstimated": null,
    "time": "amc",
    "revenue": null,
    "revenueEstimated": null,
    "updatedFromDate": "2025-10-02",
    "fiscalDateEnding": "2026-04-30"
  },
  {
    "date": "2026-03-04",
    "symbol": "COO",
    "eps": null,
    "epsEstimated": null,
    "time": "amc",
    "revenue": null,
    "revenueEstimated": null,
    "updatedFromDate": "2025-10-02",
    "fiscalDateEnding": "2026-01-31"
  },
  {
    "date": "2025-12-04",
    "symbol": "COO",
    "eps": null,
    "epsEstimated": 1.11,
    "time": "amc",
    "revenue": null,
    "revenueEstimated": 1063362860,
    "updatedFromDate": "2025-10-02",
    "fiscalDateEnding": "2025-10-31"
  },
  {
    "date": "2025-08-27",
    "symbol": "COO",
    "eps": 1.1,
    "epsEstimated": 1.07,
    "time": "amc",
    "revenue": 1060300000,
    "revenueEstimated": 1063946824,
    "updatedFromDate": "2025-10-02",
    "fiscalDateEnding": "2025-07-31"
  },
  {
    "date": "2025-05-29",
    "symbol": "COO",
    "eps": 0.96,
    "epsEstimated": 0.928,
    "time": "amc",
    "revenue": 1002300000,
    "revenueEstimated": 995339673,
    "updatedFromDate": "2025-08-29",
    "fiscalDateEnding": "2025-04-30"
  },
  {
    "date": "2025-03-06",
    "symbol": "COO",
    "eps": 0.92,
    "epsEstimated": 0.914,
    "time": "amc",
    "revenue": 964700000,
    "revenueEstimated": 978089298,
    "updatedFromDate": "2025-06-04",
    "fiscalDateEnding": "2025-01-31"
  },
  {
    "date": "2024-12-05",
    "symbol": "COO",
    "eps": 1.04,
    "epsEstimated": 1,
    "time": "amc",
    "revenue": 1018400000,
    "revenueEstimated": 1026844568,
    "updatedFromDate": "2025-04-25",
    "fiscalDateEnding": "2024-10-31"
  },
  {
    "date": "2024-08-28",
    "symbol": "COO",
    "eps": 0.96,
    "epsEstimated": 0.911,
    "time": "amc",
    "revenue": 1002800000,
    "revenueEstimated": 997299732,
    "updatedFromDate": "2025-04-25",
    "fiscalDateEnding": "2024-07-31"
  },
  {
    "date": "2024-05-30",
    "symbol": "COO",
    "eps": 0.85,
    "epsEstimated": 0.829,
    "time": "amc",
    "revenue": 942600000,
    "revenueEstimated": 948066341,
    "updatedFromDate": "2025-04-25",
    "fiscalDateEnding": "2024-04-30"
  },
  {
    "date": "2024-02-29",
    "symbol": "COO",
    "eps": 0.85,
    "epsEstimated": 0.783,
    "time": "amc",
    "revenue": 931600000,
    "revenueEstimated": 915934170,
    "updatedFromDate": "2025-04-25",
    "fiscalDateEnding": "2024-01-31"
  },
  {
    "date": "2023-12-07",
    "symbol": "COO",
    "eps": 0.87,
    "epsEstimated": 0.87,
    "time": "amc",
    "revenue": 927100000,
    "revenueEstimated": 925300000,
    "updatedFromDate": "2025-04-25",
    "fiscalDateEnding": "2023-10-31"
  },
  {
    "date": "2023-08-30",
    "symbol": "COO",
    "eps": 0.84,
    "epsEstimated": 0.84,
    "time": "amc",
    "revenue": 930200000,
    "revenueEstimated": 923070000,
    "updatedFromDate": "2025-04-25",
    "fiscalDateEnding": "2023-07-31"
  },
  {
    "date": "2023-06-01",
    "symbol": "COO",
    "eps": 0.77,
    "epsEstimated": 0.75,
    "time": "amc",
    "revenue": 877400000,
    "revenueEstimated": 865820000,
    "updatedFromDate": "2025-04-25",
    "fiscalDateEnding": "2023-04-30"
  },
  {
    "date": "2023-03-02",
    "symbol": "COO",
    "eps": 0.73,
    "epsEstimated": 0.67,
    "time": "amc",
    "revenue": 858500000,
    "revenueEstimated": 834902364,
    "updatedFromDate": "2025-04-25",
    "fiscalDateEnding": "2023-01-31"
  },
  {
    "date": "2022-12-08",
    "symbol": "COO",
    "eps": 0.69,
    "epsEstimated": 0.77,
    "time": "amc",
    "revenue": 848100000,
    "revenueEstimated": 838718982,
    "updatedFromDate": "2025-04-25",
    "fiscalDateEnding": "2022-10-31"
  },
  {
    "date": "2022-08-31",
    "symbol": "COO",
    "eps": 0.8,
    "epsEstimated": 0.8,
    "time": "amc",
    "revenue": 843400000,
    "revenueEstimated": 829972286,
    "updatedFromDate": "2025-04-25",
    "fiscalDateEnding": "2022-07-31"
  },
  {
    "date": "2022-06-02",
    "symbol": "COO",
    "eps": 0.81,
    "epsEstimated": 0.85,
    "time": "amc",
    "revenue": 829800000,
    "revenueEstimated": 820993731,
    "updatedFromDate": "2025-04-25",
    "fiscalDateEnding": "2022-04-30"
  },
  {
    "date": "2022-03-03",
    "symbol": "COO",
    "eps": 0.81,
    "epsEstimated": 0.77,
    "time": "amc",
    "revenue": 787200000,
    "revenueEstimated": 739808364,
    "updatedFromDate": "2025-04-25",
    "fiscalDateEnding": "2022-01-31"
  },
  {
    "date": "2021-12-02",
    "symbol": "COO",
    "eps": 0.82,
    "epsEstimated": 0.84,
    "time": "amc",
    "revenue": 759100000,
    "revenueEstimated": 721780000,
    "updatedFromDate": "2025-04-25",
    "fiscalDateEnding": "2021-10-31"
  },
  {
    "date": "2021-09-02",
    "symbol": "COO",
    "eps": 0.85,
    "epsEstimated": 0.83,
    "time": "amc",
    "revenue": 763400000,
    "revenueEstimated": 737953333,
    "updatedFromDate": "2025-04-25",
    "fiscalDateEnding": "2021-07-31"
  },
  {
    "date": "2021-06-03",
    "symbol": "COO",
    "eps": 0.85,
    "epsEstimated": 0.78,
    "time": "amc",
    "revenue": 719500000,
    "revenueEstimated": 687340000,
    "updatedFromDate": "2025-04-25",
    "fiscalDateEnding": "2021-04-30"
  },
  {
    "date": "2021-03-04",
    "symbol": "COO",
    "eps": 0.79,
    "epsEstimated": 0.69,
    "time": "amc",
    "revenue": 680500000,
    "revenueEstimated": 585034172,
    "updatedFromDate": "2025-04-25",
    "fiscalDateEnding": "2021-01-31"
  },
  {
    "date": "2020-12-03",
    "symbol": "COO",
    "eps": 0.79,
    "epsEstimated": 0.78,
    "time": "amc",
    "revenue": 681600000,
    "revenueEstimated": 666159223,
    "updatedFromDate": "2025-04-25",
    "fiscalDateEnding": "2020-10-31"
  },
  {
    "date": "2020-09-03",
    "symbol": "COO",
    "eps": 0.57,
    "epsEstimated": 0.4,
    "time": "amc",
    "revenue": 578200000,
    "revenueEstimated": 385466666,
    "updatedFromDate": "2025-04-25",
    "fiscalDateEnding": "2020-07-31"
  },
  {
    "date": "2020-06-04",
    "symbol": "COO",
    "eps": 0.38,
    "epsEstimated": 0.53,
    "time": "amc",
    "revenue": 524900000,
    "revenueEstimated": 820373509,
    "updatedFromDate": "2025-04-25",
    "fiscalDateEnding": "2020-04-30"
  },
  {
    "date": "2020-03-05",
    "symbol": "COO",
    "eps": 0.67,
    "epsEstimated": 0.68,
    "time": "amc",
    "revenue": 646200000,
    "revenueEstimated": 651004460,
    "updatedFromDate": "2025-04-25",
    "fiscalDateEnding": "2020-01-31"
  },
  {
    "date": "2019-12-05",
    "symbol": "COO",
    "eps": 0.83,
    "epsEstimated": 0.82,
    "time": "amc",
    "revenue": 691600000,
    "revenueEstimated": 685312727,
    "updatedFromDate": "2025-04-25",
    "fiscalDateEnding": "2019-10-31"
  },
  {
    "date": "2019-08-29",
    "symbol": "COO",
    "eps": 0.81,
    "epsEstimated": 0.79,
    "time": "amc",
    "revenue": 679400000,
    "revenueEstimated": 668882972,
    "updatedFromDate": "2025-04-25",
    "fiscalDateEnding": "2019-07-31"
  },
  {
    "date": "2019-05-30",
    "symbol": "COO",
    "eps": 0.74,
    "epsEstimated": 0.69,
    "time": "amc",
    "revenue": 654300000,
    "revenueEstimated": 614240816,
    "updatedFromDate": "2025-04-25",
    "fiscalDateEnding": "2019-04-30"
  },
  {
    "date": "2019-03-05",
    "symbol": "COO",
    "eps": 0.72,
    "epsEstimated": 0.63,
    "time": "amc",
    "revenue": 628100000,
    "revenueEstimated": 545225694,
    "updatedFromDate": "2025-04-25",
    "fiscalDateEnding": "2019-01-31"
  },
  {
    "date": "2018-12-06",
    "symbol": "COO",
    "eps": 0.72,
    "epsEstimated": 0.74,
    "time": "amc",
    "revenue": 651500000,
    "revenueEstimated": 671930313,
    "updatedFromDate": "2025-04-25",
    "fiscalDateEnding": "2018-10-31"
  },
  {
    "date": "2018-08-30",
    "symbol": "COO",
    "eps": 0.75,
    "epsEstimated": 0.77,
    "time": "amc",
    "revenue": 660000000,
    "revenueEstimated": 675399999,
    "updatedFromDate": "2025-04-25",
    "fiscalDateEnding": "2018-07-31"
  },
  {
    "date": "2018-06-07",
    "symbol": "COO",
    "eps": 0.72,
    "epsEstimated": 0.71,
    "time": "amc",
    "revenue": 631300000,
    "revenueEstimated": 626885314,
    "updatedFromDate": "2025-04-25",
    "fiscalDateEnding": "2018-04-30"
  },
  {
    "date": "2018-03-08",
    "symbol": "COO",
    "eps": 0.7,
    "epsEstimated": 0.63,
    "time": "amc",
    "revenue": 590000000,
    "revenueEstimated": 530788530,
    "updatedFromDate": "2025-04-25",
    "fiscalDateEnding": "2018-01-31"
  },
  {
    "date": "2017-12-07",
    "symbol": "COO",
    "eps": 0.66,
    "epsEstimated": 0.66,
    "time": "amc",
    "revenue": 561500000,
    "revenueEstimated": 559381132,
    "updatedFromDate": "2025-04-25",
    "fiscalDateEnding": "2017-10-31"
  },
  {
    "date": "2017-08-31",
    "symbol": "COO",
    "eps": 0.66,
    "epsEstimated": 0.65,
    "time": "amc",
    "revenue": 556000000,
    "revenueEstimated": 543363636,
    "updatedFromDate": "2025-04-25",
    "fiscalDateEnding": "2017-07-31"
  },
  {
    "date": "2017-06-01",
    "symbol": "COO",
    "eps": 0.63,
    "epsEstimated": 0.56,
    "time": "amc",
    "revenue": 522400000,
    "revenueEstimated": 470160000,
    "updatedFromDate": "2025-04-25",
    "fiscalDateEnding": "2017-04-30"
  },
  {
    "date": "2017-03-02",
    "symbol": "COO",
    "eps": 0.48,
    "epsEstimated": 0.47,
    "time": "amc",
    "revenue": 499100000,
    "revenueEstimated": 483583937,
    "updatedFromDate": "2025-04-25",
    "fiscalDateEnding": "2017-01-31"
  },
  {
    "date": "2016-12-08",
    "symbol": "COO",
    "eps": 0.57,
    "epsEstimated": 0.56,
    "time": "amc",
    "revenue": 518654000,
    "revenueEstimated": 511875000,
    "updatedFromDate": "2025-04-25",
    "fiscalDateEnding": "2016-10-31"
  },
  {
    "date": "2016-09-01",
    "symbol": "COO",
    "eps": 0.58,
    "epsEstimated": 0.57,
    "time": "amc",
    "revenue": 514726000,
    "revenueEstimated": 512462173,
    "updatedFromDate": "2025-04-25",
    "fiscalDateEnding": "2016-07-31"
  }
]