[
  {
    "date": "2026-05-06",
    "symbol": "COP",
    "eps": null,
    "epsEstimated": null,
    "time": "bmo",
    "revenue": null,
    "revenueEstimated": null,
    "updatedFromDate": "2025-10-02",
    "fiscalDateEnding": "2026-03-30"
  },
  {
    "date": "2026-02-04",
    "symbol": "COP",
    "eps": null,
    "epsEstimated": null,
    "time": "bmo",
    "revenue": null,
    "revenueEstimated": null,
    "updatedFromDate": "2025-10-02",
    "fiscalDateEnding": "2025-12-30"
  },
  {
    "date": "2025-11-06",
    "symbol": "COP",
    "eps": null,
    "epsEstimated": 1.45,
    "time": "bmo",
    "revenue": null,
    "revenueEstimated": 14506086850,
    "updatedFromDate": "2025-10-02",
    "fiscalDateEnding": "2025-09-30"
  },
  {
    "date": "2025-08-07",
    "symbol": "COP",
    "eps": 1.42,
    "epsEstimated": 1.35,
    "time": "bmo",
    "revenue": 13979000000,
    "revenueEstimated": 14678769813,
    "updatedFromDate": "2025-10-02",
    "fiscalDateEnding": "2025-06-30"
  },
  {
    "date": "2025-05-08",
    "symbol": "COP",
    "eps": 2.09,
    "epsEstimated": 2.05,
    "time": "bmo",
    "revenue": 16458000000,
    "revenueEstimated": 16328428787,
    "updatedFromDate": "2025-08-07",
    "fiscalDateEnding": "2025-03-31"
  },
  {
    "date": "2025-02-06",
    "symbol": "COP",
    "eps": 1.98,
    "epsEstimated": 1.78,
    "time": "bmo",
    "revenue": 14236000000,
    "revenueEstimated": 14449704443,
    "updatedFromDate": "2025-05-06",
    "fiscalDateEnding": "2024-12-31"
  },
  {
    "date": "2024-10-31",
    "symbol": "COP",
    "eps": 1.78,
    "epsEstimated": 1.64,
    "time": "bmo",
    "revenue": 13604000000,
    "revenueEstimated": 13973895562,
    "updatedFromDate": "2025-04-25",
    "fiscalDateEnding": "2024-09-30"
  },
  {
    "date": "2024-08-01",
    "symbol": "COP",
    "eps": 1.98,
    "epsEstimated": 1.96,
    "time": "bmo",
    "revenue": 13588000000,
    "revenueEstimated": 14956302915,
    "updatedFromDate": "2025-04-25",
    "fiscalDateEnding": "2024-06-30"
  },
  {
    "date": "2024-05-02",
    "symbol": "COP",
    "eps": 2.03,
    "epsEstimated": 2.04,
    "time": "bmo",
    "revenue": 13848000000,
    "revenueEstimated": 14955616841,
    "updatedFromDate": "2025-04-25",
    "fiscalDateEnding": "2024-03-31"
  },
  {
    "date": "2024-02-08",
    "symbol": "COP",
    "eps": 2.4,
    "epsEstimated": 2.09,
    "time": "bmo",
    "revenue": 14644000000,
    "revenueEstimated": 15146922911,
    "updatedFromDate": "2025-04-25",
    "fiscalDateEnding": "2023-12-31"
  },
  {
    "date": "2023-11-02",
    "symbol": "COP",
    "eps": 2.16,
    "epsEstimated": 2.08,
    "time": "bmo",
    "revenue": 14250000000,
    "revenueEstimated": 14902000000,
    "updatedFromDate": "2025-04-25",
    "fiscalDateEnding": "2023-09-30"
  },
  {
    "date": "2023-08-03",
    "symbol": "COP",
    "eps": 1.84,
    "epsEstimated": 1.95,
    "time": "bmo",
    "revenue": 12351000000,
    "revenueEstimated": 13676600000,
    "updatedFromDate": "2025-04-25",
    "fiscalDateEnding": "2023-06-30"
  },
  {
    "date": "2023-05-04",
    "symbol": "COP",
    "eps": 2.38,
    "epsEstimated": 2.05,
    "time": "bmo",
    "revenue": 14811000000,
    "revenueEstimated": 15743900000,
    "updatedFromDate": "2025-04-25",
    "fiscalDateEnding": "2023-03-31"
  },
  {
    "date": "2023-02-02",
    "symbol": "COP",
    "eps": 2.71,
    "epsEstimated": 2.81,
    "time": "bmo",
    "revenue": 18558000000,
    "revenueEstimated": 18196735111,
    "updatedFromDate": "2025-04-25",
    "fiscalDateEnding": "2022-12-31"
  },
  {
    "date": "2022-11-03",
    "symbol": "COP",
    "eps": 3.6,
    "epsEstimated": 3.46,
    "time": "bmo",
    "revenue": 21013000000,
    "revenueEstimated": 18038334500,
    "updatedFromDate": "2025-04-25",
    "fiscalDateEnding": "2022-09-30"
  },
  {
    "date": "2022-08-04",
    "symbol": "COP",
    "eps": 3.91,
    "epsEstimated": 3.8,
    "time": "bmo",
    "revenue": 21161000000,
    "revenueEstimated": 19560587714,
    "updatedFromDate": "2025-04-25",
    "fiscalDateEnding": "2022-06-30"
  },
  {
    "date": "2022-05-05",
    "symbol": "COP",
    "eps": 3.27,
    "epsEstimated": 3.03,
    "time": "bmo",
    "revenue": 17762000000,
    "revenueEstimated": 17321882875,
    "updatedFromDate": "2025-04-25",
    "fiscalDateEnding": "2022-03-31"
  },
  {
    "date": "2022-02-03",
    "symbol": "COP",
    "eps": 2.27,
    "epsEstimated": 2.18,
    "time": "bmo",
    "revenue": 15120000000,
    "revenueEstimated": 13453129850,
    "updatedFromDate": "2025-04-25",
    "fiscalDateEnding": "2021-12-31"
  },
  {
    "date": "2021-11-02",
    "symbol": "COP",
    "eps": 1.77,
    "epsEstimated": 1.51,
    "time": "bmo",
    "revenue": 11326000000,
    "revenueEstimated": 10686300000,
    "updatedFromDate": "2025-04-25",
    "fiscalDateEnding": "2021-09-30"
  },
  {
    "date": "2021-08-03",
    "symbol": "COP",
    "eps": 1.27,
    "epsEstimated": 1.1,
    "time": "bmo",
    "revenue": 9556000000,
    "revenueEstimated": 10057900000,
    "updatedFromDate": "2025-04-25",
    "fiscalDateEnding": "2021-06-30"
  },
  {
    "date": "2021-05-04",
    "symbol": "COP",
    "eps": 0.69,
    "epsEstimated": 0.51,
    "time": "bmo",
    "revenue": 9826000000,
    "revenueEstimated": 7439990000,
    "updatedFromDate": "2025-04-25",
    "fiscalDateEnding": "2021-03-31"
  },
  {
    "date": "2021-02-02",
    "symbol": "COP",
    "eps": -0.19,
    "epsEstimated": -0.2,
    "time": "bmo",
    "revenue": 5491000000,
    "revenueEstimated": 7255964285,
    "updatedFromDate": "2025-04-25",
    "fiscalDateEnding": "2020-12-31"
  },
  {
    "date": "2020-10-29",
    "symbol": "COP",
    "eps": -0.31,
    "epsEstimated": -0.3,
    "time": "bmo",
    "revenue": 4386000000,
    "revenueEstimated": 4523062500,
    "updatedFromDate": "2025-04-25",
    "fiscalDateEnding": "2020-09-30"
  },
  {
    "date": "2020-07-30",
    "symbol": "COP",
    "eps": -0.92,
    "epsEstimated": -0.57,
    "time": "bmo",
    "revenue": 2749000000,
    "revenueEstimated": 1733065217,
    "updatedFromDate": "2025-04-25",
    "fiscalDateEnding": "2020-06-30"
  },
  {
    "date": "2020-04-30",
    "symbol": "COP",
    "eps": 0.45,
    "epsEstimated": 0.21,
    "time": "bmo",
    "revenue": 6158000000,
    "revenueEstimated": 5032031445,
    "updatedFromDate": "2025-04-25",
    "fiscalDateEnding": "2020-03-31"
  },
  {
    "date": "2020-02-04",
    "symbol": "COP",
    "eps": 0.76,
    "epsEstimated": 0.8,
    "time": "bmo",
    "revenue": 7708000000,
    "revenueEstimated": 8137302631,
    "updatedFromDate": "2025-04-25",
    "fiscalDateEnding": "2019-12-31"
  },
  {
    "date": "2019-10-29",
    "symbol": "COP",
    "eps": 0.82,
    "epsEstimated": 0.78,
    "time": "bmo",
    "revenue": 7756000000,
    "revenueEstimated": 6901170731,
    "updatedFromDate": "2025-04-25",
    "fiscalDateEnding": "2019-09-30"
  },
  {
    "date": "2019-07-30",
    "symbol": "COP",
    "eps": 1.01,
    "epsEstimated": 1.03,
    "time": "bmo",
    "revenue": 7953000000,
    "revenueEstimated": 8064594059,
    "updatedFromDate": "2025-04-25",
    "fiscalDateEnding": "2019-06-30"
  },
  {
    "date": "2019-04-30",
    "symbol": "COP",
    "eps": 1,
    "epsEstimated": 0.92,
    "time": "bmo",
    "revenue": 9150000000,
    "revenueEstimated": 8217900000,
    "updatedFromDate": "2025-04-25",
    "fiscalDateEnding": "2019-03-31"
  },
  {
    "date": "2019-01-31",
    "symbol": "COP",
    "eps": 1.13,
    "epsEstimated": 0.99,
    "time": "bmo",
    "revenue": 9666000000,
    "revenueEstimated": 8151504424,
    "updatedFromDate": "2025-04-25",
    "fiscalDateEnding": "2018-12-31"
  },
  {
    "date": "2018-10-25",
    "symbol": "COP",
    "eps": 1.36,
    "epsEstimated": 1.18,
    "time": "bmo",
    "revenue": 9449000000,
    "revenueEstimated": 8489058823,
    "updatedFromDate": "2025-04-25",
    "fiscalDateEnding": "2018-09-30"
  },
  {
    "date": "2018-07-26",
    "symbol": "COP",
    "eps": 1.09,
    "epsEstimated": 1.08,
    "time": "bmo",
    "revenue": 8504000000,
    "revenueEstimated": 8853027522,
    "updatedFromDate": "2025-04-25",
    "fiscalDateEnding": "2018-06-30"
  },
  {
    "date": "2018-04-26",
    "symbol": "COP",
    "eps": 0.96,
    "epsEstimated": 0.73,
    "time": "bmo",
    "revenue": 8798000000,
    "revenueEstimated": 6614864583,
    "updatedFromDate": "2025-04-25",
    "fiscalDateEnding": "2018-03-31"
  },
  {
    "date": "2018-02-01",
    "symbol": "COP",
    "eps": 0.45,
    "epsEstimated": 0.45,
    "time": "bmo",
    "revenue": 8119000000,
    "revenueEstimated": 8547000000,
    "updatedFromDate": "2025-04-25",
    "fiscalDateEnding": "2017-12-31"
  },
  {
    "date": "2017-10-26",
    "symbol": "COP",
    "eps": 0.16,
    "epsEstimated": 0.09,
    "time": "bmo",
    "revenue": 6688000000,
    "revenueEstimated": 3368500000,
    "updatedFromDate": "2025-04-25",
    "fiscalDateEnding": "2017-09-30"
  },
  {
    "date": "2017-07-27",
    "symbol": "COP",
    "eps": 0.14,
    "epsEstimated": 0.01235,
    "time": "bmo",
    "revenue": 6781000000,
    "revenueEstimated": 484071428,
    "updatedFromDate": "2025-04-25",
    "fiscalDateEnding": "2017-06-30"
  },
  {
    "date": "2017-05-02",
    "symbol": "COP",
    "eps": -0.02,
    "epsEstimated": -0.00492,
    "time": "bmo",
    "revenue": 7518000000,
    "revenueEstimated": 3748500000,
    "updatedFromDate": "2025-04-25",
    "fiscalDateEnding": "2017-03-31"
  },
  {
    "date": "2017-02-02",
    "symbol": "COP",
    "eps": -0.26,
    "epsEstimated": -0.38,
    "time": "bmo",
    "revenue": 6809000000,
    "revenueEstimated": 11239846153,
    "updatedFromDate": "2025-04-25",
    "fiscalDateEnding": "2016-12-31"
  },
  {
    "date": "2016-10-27",
    "symbol": "COP",
    "eps": -0.66,
    "epsEstimated": -0.69,
    "time": "bmo",
    "revenue": 6415000000,
    "revenueEstimated": 6809045454,
    "updatedFromDate": "2025-04-25",
    "fiscalDateEnding": "2016-09-30"
  },
  {
    "date": "2016-07-28",
    "symbol": "COP",
    "eps": -0.79,
    "epsEstimated": -0.62,
    "time": "bmo",
    "revenue": 5348000000,
    "revenueEstimated": 4272316455,
    "updatedFromDate": "2025-04-25",
    "fiscalDateEnding": "2016-06-30"
  }
]