[
  {
    "date": "2026-05-05",
    "symbol": "COR",
    "eps": null,
    "epsEstimated": null,
    "time": "bmo",
    "revenue": null,
    "revenueEstimated": null,
    "updatedFromDate": "2025-10-02",
    "fiscalDateEnding": "2026-03-30"
  },
  {
    "date": "2026-02-03",
    "symbol": "COR",
    "eps": null,
    "epsEstimated": null,
    "time": "bmo",
    "revenue": null,
    "revenueEstimated": null,
    "updatedFromDate": "2025-10-02",
    "fiscalDateEnding": "2025-12-30"
  },
  {
    "date": "2025-11-05",
    "symbol": "COR",
    "eps": null,
    "epsEstimated": 3.8,
    "time": "bmo",
    "revenue": null,
    "revenueEstimated": null,
    "updatedFromDate": "2025-10-02",
    "fiscalDateEnding": "2025-09-30"
  },
  {
    "date": "2025-08-06",
    "symbol": "COR",
    "eps": 4,
    "epsEstimated": 3.85,
    "time": "bmo",
    "revenue": 80663532000,
    "revenueEstimated": 80094731038,
    "updatedFromDate": "2025-10-02",
    "fiscalDateEnding": "2025-06-30"
  },
  {
    "date": "2025-05-07",
    "symbol": "COR",
    "eps": 4.42,
    "epsEstimated": 4.11,
    "time": "bmo",
    "revenue": 75453673000,
    "revenueEstimated": 75679733859,
    "updatedFromDate": "2025-08-07",
    "fiscalDateEnding": "2025-03-31"
  },
  {
    "date": "2025-02-05",
    "symbol": "COR",
    "eps": 3.73,
    "epsEstimated": 3.5,
    "time": "bmo",
    "revenue": 81487060000,
    "revenueEstimated": 78311244289,
    "updatedFromDate": "2025-05-05",
    "fiscalDateEnding": "2024-12-31"
  },
  {
    "date": "2024-11-06",
    "symbol": "COR",
    "eps": 3.34,
    "epsEstimated": 3.23,
    "time": "bmo",
    "revenue": 79050106000,
    "revenueEstimated": 77619349635,
    "updatedFromDate": "2025-04-25",
    "fiscalDateEnding": "2024-09-30"
  },
  {
    "date": "2024-07-31",
    "symbol": "COR",
    "eps": 3.34,
    "epsEstimated": 3.22,
    "time": "bmo",
    "revenue": 74241353000,
    "revenueEstimated": 73319500799,
    "updatedFromDate": "2025-04-25",
    "fiscalDateEnding": "2024-06-30"
  },
  {
    "date": "2024-05-01",
    "symbol": "COR",
    "eps": 3.8,
    "epsEstimated": 3.69,
    "time": "bmo",
    "revenue": 68414307000,
    "revenueEstimated": 70595959981,
    "updatedFromDate": "2025-04-25",
    "fiscalDateEnding": "2024-03-31"
  },
  {
    "date": "2024-01-31",
    "symbol": "COR",
    "eps": 3.28,
    "epsEstimated": 2.89,
    "time": "bmo",
    "revenue": 72252833000,
    "revenueEstimated": 69174100000,
    "updatedFromDate": "2025-04-25",
    "fiscalDateEnding": "2023-12-31"
  },
  {
    "date": "2023-11-02",
    "symbol": "COR",
    "eps": 2.86,
    "epsEstimated": 2.79,
    "time": "bmo",
    "revenue": 68922331000,
    "revenueEstimated": 66022900000,
    "updatedFromDate": "2025-04-25",
    "fiscalDateEnding": "2023-09-30"
  },
  {
    "date": "2023-06-29",
    "symbol": "COR",
    "eps": 2.35,
    "epsEstimated": 2.82,
    "time": "bmo",
    "revenue": 66947043000,
    "revenueEstimated": 63930685905,
    "updatedFromDate": "2025-04-25",
    "fiscalDateEnding": "2023-06-30"
  },
  {
    "date": "2023-03-31",
    "symbol": "COR",
    "eps": 2.13,
    "epsEstimated": 3.3,
    "time": "bmo",
    "revenue": 63457205000,
    "revenueEstimated": 60458628085,
    "updatedFromDate": "2025-04-25",
    "fiscalDateEnding": "2023-03-31"
  },
  {
    "date": "2022-12-31",
    "symbol": "COR",
    "eps": 2.33,
    "epsEstimated": 2.64,
    "time": "bmo",
    "revenue": 62846832000,
    "revenueEstimated": 62812045126,
    "updatedFromDate": "2025-04-25",
    "fiscalDateEnding": "2022-12-31"
  },
  {
    "date": "2022-09-30",
    "symbol": "COR",
    "eps": 1.4,
    "epsEstimated": 2.57,
    "time": "bmo",
    "revenue": 61174149000,
    "revenueEstimated": 60539921689,
    "updatedFromDate": "2025-04-25",
    "fiscalDateEnding": "2022-09-30"
  },
  {
    "date": "2022-06-30",
    "symbol": "COR",
    "eps": 1.92,
    "epsEstimated": 2.56,
    "time": "bmo",
    "revenue": 60064601000,
    "revenueEstimated": 59079063934,
    "updatedFromDate": "2025-04-25",
    "fiscalDateEnding": "2022-06-30"
  },
  {
    "date": "2022-03-30",
    "symbol": "COR",
    "eps": 2.59,
    "epsEstimated": 2.92,
    "time": "bmo",
    "revenue": 57719446000,
    "revenueEstimated": 57481509214,
    "updatedFromDate": "2025-04-25",
    "fiscalDateEnding": "2022-03-31"
  },
  {
    "date": "2022-02-02",
    "symbol": "COR",
    "eps": 2.58,
    "epsEstimated": 2.59,
    "time": "bmo",
    "revenue": 59628810000,
    "revenueEstimated": 59600229854,
    "updatedFromDate": "2025-04-25",
    "fiscalDateEnding": "2021-12-31"
  },
  {
    "date": "2021-11-04",
    "symbol": "COR",
    "eps": 2.39,
    "epsEstimated": 2.36,
    "time": "bmo",
    "revenue": 58912421000,
    "revenueEstimated": 164960000,
    "updatedFromDate": "2025-04-25",
    "fiscalDateEnding": "2021-09-30"
  },
  {
    "date": "2021-08-04",
    "symbol": "COR",
    "eps": 2.16,
    "epsEstimated": 2.01,
    "time": "bmo",
    "revenue": 53405695000,
    "revenueEstimated": 160010000,
    "updatedFromDate": "2025-04-25",
    "fiscalDateEnding": "2021-06-30"
  },
  {
    "date": "2021-05-05",
    "symbol": "COR",
    "eps": 2.53,
    "epsEstimated": 2.51,
    "time": "bmo",
    "revenue": 49154171000,
    "revenueEstimated": 156450000,
    "updatedFromDate": "2025-04-25",
    "fiscalDateEnding": "2021-03-31"
  },
  {
    "date": "2021-02-04",
    "symbol": "COR",
    "eps": 2.18,
    "epsEstimated": 1.94,
    "time": "bmo",
    "revenue": 52516556000,
    "revenueEstimated": 147895363,
    "updatedFromDate": "2025-04-25",
    "fiscalDateEnding": "2020-12-31"
  },
  {
    "date": "2020-11-05",
    "symbol": "COR",
    "eps": 1.89,
    "epsEstimated": 1.87,
    "time": "bmo",
    "revenue": 49244768000,
    "revenueEstimated": 129344040,
    "updatedFromDate": "2025-04-25",
    "fiscalDateEnding": "2020-09-30"
  },
  {
    "date": "2020-08-05",
    "symbol": "COR",
    "eps": 1.85,
    "epsEstimated": 1.58,
    "time": "bmo",
    "revenue": 45366777000,
    "revenueEstimated": 130277596,
    "updatedFromDate": "2025-04-25",
    "fiscalDateEnding": "2020-06-30"
  },
  {
    "date": "2020-05-07",
    "symbol": "COR",
    "eps": 2.4,
    "epsEstimated": 2.28,
    "time": "bmo",
    "revenue": 47417639000,
    "revenueEstimated": 138151875,
    "updatedFromDate": "2025-04-25",
    "fiscalDateEnding": "2020-03-31"
  },
  {
    "date": "2020-01-30",
    "symbol": "COR",
    "eps": 1.76,
    "epsEstimated": 1.67,
    "time": "bmo",
    "revenue": 47864742000,
    "revenueEstimated": 151761862,
    "updatedFromDate": "2025-04-25",
    "fiscalDateEnding": "2019-12-31"
  },
  {
    "date": "2019-11-07",
    "symbol": "COR",
    "eps": 1.61,
    "epsEstimated": 1.58,
    "time": "bmo",
    "revenue": 45637802000,
    "revenueEstimated": 147973787,
    "updatedFromDate": "2025-04-25",
    "fiscalDateEnding": "2019-09-30"
  },
  {
    "date": "2019-08-01",
    "symbol": "COR",
    "eps": 1.76,
    "epsEstimated": 1.63,
    "time": "amc",
    "revenue": 45239265000,
    "revenueEstimated": 145602339,
    "updatedFromDate": "2025-04-25",
    "fiscalDateEnding": "2019-06-30"
  },
  {
    "date": "2019-05-02",
    "symbol": "COR",
    "eps": 2.11,
    "epsEstimated": 1.96,
    "time": "amc",
    "revenue": 43319602000,
    "revenueEstimated": 144039259,
    "updatedFromDate": "2025-04-25",
    "fiscalDateEnding": "2019-03-31"
  },
  {
    "date": "2019-01-31",
    "symbol": "COR",
    "eps": 1.6,
    "epsEstimated": 1.5,
    "time": "bmo",
    "revenue": 45392452000,
    "revenueEstimated": 131415666,
    "updatedFromDate": "2025-04-25",
    "fiscalDateEnding": "2018-12-31"
  },
  {
    "date": "2018-11-06",
    "symbol": "COR",
    "eps": 1.45,
    "epsEstimated": 1.44,
    "time": "bmo",
    "revenue": 43297136000,
    "revenueEstimated": 139200000,
    "updatedFromDate": "2025-04-25",
    "fiscalDateEnding": "2018-09-30"
  },
  {
    "date": "2018-08-02",
    "symbol": "COR",
    "eps": 1.54,
    "epsEstimated": 1.45,
    "time": "bmo",
    "revenue": 43142309000,
    "revenueEstimated": 131614035,
    "updatedFromDate": "2025-04-25",
    "fiscalDateEnding": "2018-06-30"
  },
  {
    "date": "2018-05-02",
    "symbol": "COR",
    "eps": 1.94,
    "epsEstimated": 1.83,
    "time": "bmo",
    "revenue": 41033858000,
    "revenueEstimated": 127403389,
    "updatedFromDate": "2025-04-25",
    "fiscalDateEnding": "2018-03-31"
  },
  {
    "date": "2018-02-06",
    "symbol": "COR",
    "eps": 1.55,
    "epsEstimated": 1.35,
    "time": "bmo",
    "revenue": 40466332000,
    "revenueEstimated": 134484090,
    "updatedFromDate": "2025-04-25",
    "fiscalDateEnding": "2017-12-31"
  },
  {
    "date": "2017-11-02",
    "symbol": "COR",
    "eps": 1.33,
    "epsEstimated": 1.32,
    "time": "bmo",
    "revenue": 39120015000,
    "revenueEstimated": 115071739,
    "updatedFromDate": "2025-04-25",
    "fiscalDateEnding": "2017-09-30"
  },
  {
    "date": "2017-08-03",
    "symbol": "COR",
    "eps": 1.43,
    "epsEstimated": 1.37,
    "time": "bmo",
    "revenue": 38707144000,
    "revenueEstimated": 115336956,
    "updatedFromDate": "2025-04-25",
    "fiscalDateEnding": "2017-06-30"
  },
  {
    "date": "2017-05-04",
    "symbol": "COR",
    "eps": 1.77,
    "epsEstimated": 1.71,
    "time": "bmo",
    "revenue": 37147402000,
    "revenueEstimated": 110112500,
    "updatedFromDate": "2025-04-25",
    "fiscalDateEnding": "2017-03-31"
  },
  {
    "date": "2017-01-31",
    "symbol": "COR",
    "eps": 1.36,
    "epsEstimated": 1.24,
    "time": "bmo",
    "revenue": 38169265000,
    "revenueEstimated": 97943181,
    "updatedFromDate": "2025-04-25",
    "fiscalDateEnding": "2016-12-31"
  },
  {
    "date": "2016-11-02",
    "symbol": "COR",
    "eps": 1.3,
    "epsEstimated": 1.22,
    "time": "bmo",
    "revenue": 37560603000,
    "revenueEstimated": 98486111,
    "updatedFromDate": "2025-04-25",
    "fiscalDateEnding": "2016-09-30"
  },
  {
    "date": "2016-08-02",
    "symbol": "COR",
    "eps": 1.37,
    "epsEstimated": 1.26,
    "time": "bmo",
    "revenue": 36881680000,
    "revenueEstimated": 83113513,
    "updatedFromDate": "2025-04-25",
    "fiscalDateEnding": "2016-06-30"
  }
]