[
  {
    "date": "2026-05-27",
    "symbol": "COST",
    "eps": null,
    "epsEstimated": null,
    "time": "amc",
    "revenue": null,
    "revenueEstimated": null,
    "updatedFromDate": "2025-10-02",
    "fiscalDateEnding": "2026-02-28"
  },
  {
    "date": "2026-03-04",
    "symbol": "COST",
    "eps": null,
    "epsEstimated": null,
    "time": "amc",
    "revenue": null,
    "revenueEstimated": null,
    "updatedFromDate": "2025-10-02",
    "fiscalDateEnding": "2026-02-28"
  },
  {
    "date": "2025-12-11",
    "symbol": "COST",
    "eps": null,
    "epsEstimated": 4.27,
    "time": "amc",
    "revenue": null,
    "revenueEstimated": 66956927540,
    "updatedFromDate": "2025-10-02",
    "fiscalDateEnding": "2025-11-30"
  },
  {
    "date": "2025-09-25",
    "symbol": "COST",
    "eps": 5.87,
    "epsEstimated": 5.8,
    "time": "amc",
    "revenue": 86156000000,
    "revenueEstimated": 86013556706,
    "updatedFromDate": "2025-10-02",
    "fiscalDateEnding": "2025-08-31"
  },
  {
    "date": "2025-05-29",
    "symbol": "COST",
    "eps": 4.28,
    "epsEstimated": 4.24,
    "time": "amc",
    "revenue": 63205000000,
    "revenueEstimated": 63129611578,
    "updatedFromDate": "2025-08-29",
    "fiscalDateEnding": "2025-05-11"
  },
  {
    "date": "2025-03-06",
    "symbol": "COST",
    "eps": 4.02,
    "epsEstimated": 4.09,
    "time": "amc",
    "revenue": 63723000000,
    "revenueEstimated": 63109884641,
    "updatedFromDate": "2025-06-06",
    "fiscalDateEnding": "2025-02-16"
  },
  {
    "date": "2024-12-12",
    "symbol": "COST",
    "eps": 3.82,
    "epsEstimated": 3.79,
    "time": "amc",
    "revenue": 62151000000,
    "revenueEstimated": 62049988057,
    "updatedFromDate": "2025-04-24",
    "fiscalDateEnding": "2024-11-24"
  },
  {
    "date": "2024-09-26",
    "symbol": "COST",
    "eps": 5.29,
    "epsEstimated": 5.08,
    "time": "amc",
    "revenue": 79697000000,
    "revenueEstimated": 79911485122,
    "updatedFromDate": "2025-04-24",
    "fiscalDateEnding": "2024-09-01"
  },
  {
    "date": "2024-05-30",
    "symbol": "COST",
    "eps": 3.78,
    "epsEstimated": 3.7,
    "time": "amc",
    "revenue": 58515000000,
    "revenueEstimated": 58022711711,
    "updatedFromDate": "2025-04-24",
    "fiscalDateEnding": "2024-05-12"
  },
  {
    "date": "2024-03-07",
    "symbol": "COST",
    "eps": 3.92,
    "epsEstimated": 3.62,
    "time": "amc",
    "revenue": 58442000000,
    "revenueEstimated": 59110502545,
    "updatedFromDate": "2025-04-24",
    "fiscalDateEnding": "2024-02-18"
  },
  {
    "date": "2023-12-14",
    "symbol": "COST",
    "eps": 3.58,
    "epsEstimated": 3.42,
    "time": "amc",
    "revenue": 57799000000,
    "revenueEstimated": 57681100000,
    "updatedFromDate": "2025-04-24",
    "fiscalDateEnding": "2023-11-26"
  },
  {
    "date": "2023-09-26",
    "symbol": "COST",
    "eps": 4.86,
    "epsEstimated": 4.79,
    "time": "amc",
    "revenue": 78939000000,
    "revenueEstimated": 77864600000,
    "updatedFromDate": "2025-04-24",
    "fiscalDateEnding": "2023-09-03"
  },
  {
    "date": "2023-05-25",
    "symbol": "COST",
    "eps": 2.93,
    "epsEstimated": 3.29,
    "time": "amc",
    "revenue": 53648000000,
    "revenueEstimated": 78017900000,
    "updatedFromDate": "2025-04-24",
    "fiscalDateEnding": "2023-05-07"
  },
  {
    "date": "2023-03-02",
    "symbol": "COST",
    "eps": 3.3,
    "epsEstimated": 3.21,
    "time": "amc",
    "revenue": 55266000000,
    "revenueEstimated": 55572780170,
    "updatedFromDate": "2025-04-24",
    "fiscalDateEnding": "2023-02-12"
  },
  {
    "date": "2022-12-08",
    "symbol": "COST",
    "eps": 3.1,
    "epsEstimated": 3.11,
    "time": "amc",
    "revenue": 54437000000,
    "revenueEstimated": 58360000000,
    "updatedFromDate": "2025-04-24",
    "fiscalDateEnding": "2022-11-20"
  },
  {
    "date": "2022-09-22",
    "symbol": "COST",
    "eps": 4.2,
    "epsEstimated": 4.17,
    "time": "amc",
    "revenue": 72091000000,
    "revenueEstimated": 70800000000,
    "updatedFromDate": "2025-04-24",
    "fiscalDateEnding": "2022-08-28"
  },
  {
    "date": "2022-05-26",
    "symbol": "COST",
    "eps": 3.17,
    "epsEstimated": 3.03,
    "time": "amc",
    "revenue": 52596000000,
    "revenueEstimated": null,
    "updatedFromDate": "2025-04-24",
    "fiscalDateEnding": "2022-05-08"
  },
  {
    "date": "2022-03-03",
    "symbol": "COST",
    "eps": 2.92,
    "epsEstimated": 2.74,
    "time": "amc",
    "revenue": 51904000000,
    "revenueEstimated": 51534264670,
    "updatedFromDate": "2025-04-24",
    "fiscalDateEnding": "2022-02-13"
  },
  {
    "date": "2021-12-09",
    "symbol": "COST",
    "eps": 2.98,
    "epsEstimated": 2.64,
    "time": "amc",
    "revenue": 50363000000,
    "revenueEstimated": 49651758591,
    "updatedFromDate": "2025-04-24",
    "fiscalDateEnding": "2021-11-21"
  },
  {
    "date": "2021-09-23",
    "symbol": "COST",
    "eps": 3.9,
    "epsEstimated": 3.57,
    "time": "amc",
    "revenue": 62675000000,
    "revenueEstimated": 61405786462,
    "updatedFromDate": "2025-04-24",
    "fiscalDateEnding": "2021-08-29"
  },
  {
    "date": "2021-05-27",
    "symbol": "COST",
    "eps": 2.75,
    "epsEstimated": 2.34,
    "time": "amc",
    "revenue": 45277000000,
    "revenueEstimated": 37343850427,
    "updatedFromDate": "2025-04-24",
    "fiscalDateEnding": "2021-05-09"
  },
  {
    "date": "2021-03-04",
    "symbol": "COST",
    "eps": 2.14,
    "epsEstimated": 2.45,
    "time": "amc",
    "revenue": 44769000000,
    "revenueEstimated": 50433648979,
    "updatedFromDate": "2025-04-24",
    "fiscalDateEnding": "2021-02-14"
  },
  {
    "date": "2020-12-10",
    "symbol": "COST",
    "eps": 2.3,
    "epsEstimated": 2.05,
    "time": "amc",
    "revenue": 43208000000,
    "revenueEstimated": 37912901960,
    "updatedFromDate": "2025-04-24",
    "fiscalDateEnding": "2020-11-22"
  },
  {
    "date": "2020-09-24",
    "symbol": "COST",
    "eps": 3.04,
    "epsEstimated": 2.84,
    "time": "amc",
    "revenue": 53383000000,
    "revenueEstimated": 49870960526,
    "updatedFromDate": "2025-04-24",
    "fiscalDateEnding": "2020-08-30"
  },
  {
    "date": "2020-05-28",
    "symbol": "COST",
    "eps": 1.89,
    "epsEstimated": 1.95,
    "time": "amc",
    "revenue": 37266000000,
    "revenueEstimated": 38449047619,
    "updatedFromDate": "2025-04-24",
    "fiscalDateEnding": "2020-05-10"
  },
  {
    "date": "2020-03-05",
    "symbol": "COST",
    "eps": 2.1,
    "epsEstimated": 2.06,
    "time": "amc",
    "revenue": 39072000000,
    "revenueEstimated": 38327771428,
    "updatedFromDate": "2025-04-24",
    "fiscalDateEnding": "2020-02-16"
  },
  {
    "date": "2019-12-12",
    "symbol": "COST",
    "eps": 1.73,
    "epsEstimated": 1.72,
    "time": "amc",
    "revenue": 37040000000,
    "revenueEstimated": 36825895953,
    "updatedFromDate": "2025-04-24",
    "fiscalDateEnding": "2019-11-24"
  },
  {
    "date": "2019-10-03",
    "symbol": "COST",
    "eps": 2.69,
    "epsEstimated": 2.54,
    "time": "amc",
    "revenue": 47498000000,
    "revenueEstimated": 45025985130,
    "updatedFromDate": "2025-04-24",
    "fiscalDateEnding": "2019-09-01"
  },
  {
    "date": "2019-05-30",
    "symbol": "COST",
    "eps": 1.89,
    "epsEstimated": 1.82,
    "time": "amc",
    "revenue": 34740000000,
    "revenueEstimated": 33453333333,
    "updatedFromDate": "2025-04-24",
    "fiscalDateEnding": "2019-05-12"
  },
  {
    "date": "2019-03-07",
    "symbol": "COST",
    "eps": 2.01,
    "epsEstimated": 1.69,
    "time": "amc",
    "revenue": 35396000000,
    "revenueEstimated": 29760815920,
    "updatedFromDate": "2025-04-24",
    "fiscalDateEnding": "2019-02-17"
  },
  {
    "date": "2018-12-13",
    "symbol": "COST",
    "eps": 1.61,
    "epsEstimated": 1.62,
    "time": "amc",
    "revenue": 35069000000,
    "revenueEstimated": 35286819875,
    "updatedFromDate": "2025-04-24",
    "fiscalDateEnding": "2018-11-25"
  },
  {
    "date": "2018-10-04",
    "symbol": "COST",
    "eps": 2.36,
    "epsEstimated": 2.36,
    "time": "amc",
    "revenue": 44411000000,
    "revenueEstimated": 44411000000,
    "updatedFromDate": "2025-04-24",
    "fiscalDateEnding": "2018-09-02"
  },
  {
    "date": "2018-05-31",
    "symbol": "COST",
    "eps": 1.7,
    "epsEstimated": 1.69,
    "time": "amc",
    "revenue": 32361000000,
    "revenueEstimated": 32170641176,
    "updatedFromDate": "2025-04-24",
    "fiscalDateEnding": "2018-05-13"
  },
  {
    "date": "2018-03-07",
    "symbol": "COST",
    "eps": 1.42,
    "epsEstimated": 1.47,
    "time": "amc",
    "revenue": 32995000000,
    "revenueEstimated": 30504811320,
    "updatedFromDate": "2025-04-24",
    "fiscalDateEnding": "2018-02-18"
  },
  {
    "date": "2017-12-14",
    "symbol": "COST",
    "eps": 1.36,
    "epsEstimated": 1.34,
    "time": "amc",
    "revenue": 31809000000,
    "revenueEstimated": 29395903448,
    "updatedFromDate": "2025-04-24",
    "fiscalDateEnding": "2017-11-26"
  },
  {
    "date": "2017-10-05",
    "symbol": "COST",
    "eps": 2.08,
    "epsEstimated": 2.02,
    "time": "amc",
    "revenue": 42300000000,
    "revenueEstimated": 41079807692,
    "updatedFromDate": "2025-04-24",
    "fiscalDateEnding": "2017-09-03"
  },
  {
    "date": "2017-05-25",
    "symbol": "COST",
    "eps": 1.4,
    "epsEstimated": 1.31,
    "time": "amc",
    "revenue": 28860000000,
    "revenueEstimated": 27004714285,
    "updatedFromDate": "2025-04-24",
    "fiscalDateEnding": "2017-05-07"
  },
  {
    "date": "2017-03-02",
    "symbol": "COST",
    "eps": 1.17,
    "epsEstimated": 1.36,
    "time": "amc",
    "revenue": 29766000000,
    "revenueEstimated": 34599794871,
    "updatedFromDate": "2025-04-24",
    "fiscalDateEnding": "2017-02-12"
  },
  {
    "date": "2016-12-07",
    "symbol": "COST",
    "eps": 1.17,
    "epsEstimated": 1.19,
    "time": "amc",
    "revenue": 28099000000,
    "revenueEstimated": 28579324786,
    "updatedFromDate": "2025-04-24",
    "fiscalDateEnding": "2016-11-20"
  },
  {
    "date": "2016-09-29",
    "symbol": "COST",
    "eps": 1.77,
    "epsEstimated": 1.73,
    "time": "amc",
    "revenue": 36560000000,
    "revenueEstimated": 35733785310,
    "updatedFromDate": "2025-04-24",
    "fiscalDateEnding": "2016-08-28"
  }
]