[
  {
    "date": "2025-11-06",
    "symbol": "CPAY",
    "eps": null,
    "epsEstimated": 5.63,
    "time": "bmo",
    "revenue": null,
    "revenueEstimated": 1163204080,
    "updatedFromDate": "2025-09-22",
    "fiscalDateEnding": "2025-09-30"
  },
  {
    "date": "2025-08-06",
    "symbol": "CPAY",
    "eps": 5.13,
    "epsEstimated": 5.12,
    "time": "amc",
    "revenue": 1102030000,
    "revenueEstimated": 1099642518,
    "updatedFromDate": "2025-09-22",
    "fiscalDateEnding": "2025-06-30"
  },
  {
    "date": "2025-05-06",
    "symbol": "CPAY",
    "eps": 4.51,
    "epsEstimated": 4.51,
    "time": "amc",
    "revenue": 1005667000,
    "revenueEstimated": 1015394796,
    "updatedFromDate": "2025-08-05",
    "fiscalDateEnding": "2025-03-31"
  },
  {
    "date": "2025-02-05",
    "symbol": "CPAY",
    "eps": 5.36,
    "epsEstimated": 5.37,
    "time": "amc",
    "revenue": 1034431000,
    "revenueEstimated": 1050778921,
    "updatedFromDate": "2025-05-05",
    "fiscalDateEnding": "2024-12-31"
  },
  {
    "date": "2024-11-07",
    "symbol": "CPAY",
    "eps": 5,
    "epsEstimated": 4.97,
    "time": "amc",
    "revenue": 1029197000,
    "revenueEstimated": 1026382745,
    "updatedFromDate": "2025-04-25",
    "fiscalDateEnding": "2024-09-30"
  },
  {
    "date": "2024-08-07",
    "symbol": "CPAY",
    "eps": 4.55,
    "epsEstimated": 4.51,
    "time": "amc",
    "revenue": 975710000,
    "revenueEstimated": 975478692,
    "updatedFromDate": "2025-04-25",
    "fiscalDateEnding": "2024-06-30"
  },
  {
    "date": "2024-05-08",
    "symbol": "CPAY",
    "eps": 4.1,
    "epsEstimated": 4.09,
    "time": "amc",
    "revenue": 935251000,
    "revenueEstimated": 938151043,
    "updatedFromDate": "2025-04-25",
    "fiscalDateEnding": "2024-03-31"
  },
  {
    "date": "2024-03-04",
    "symbol": "CPAY",
    "eps": 4.44,
    "epsEstimated": 4.48,
    "time": "bmo",
    "revenue": 937320000,
    "revenueEstimated": 967009195,
    "updatedFromDate": "2025-04-25",
    "fiscalDateEnding": "2023-12-31"
  },
  {
    "date": "2023-11-08",
    "symbol": "CPAY",
    "eps": 4.2,
    "epsEstimated": 4.19,
    "time": "bmo",
    "revenue": 970892000,
    "revenueEstimated": 980192207,
    "updatedFromDate": "2025-04-25",
    "fiscalDateEnding": "2023-09-30"
  },
  {
    "date": "2023-06-29",
    "symbol": "CPAY",
    "eps": 3.2,
    "epsEstimated": 4.17,
    "time": "amc",
    "revenue": 948174000,
    "revenueEstimated": 944994305,
    "updatedFromDate": "2025-04-25",
    "fiscalDateEnding": "2023-06-30"
  },
  {
    "date": "2023-03-30",
    "symbol": "CPAY",
    "eps": 2.88,
    "epsEstimated": 3.7,
    "time": "amc",
    "revenue": 901333000,
    "revenueEstimated": 881067614,
    "updatedFromDate": "2025-04-25",
    "fiscalDateEnding": "2023-03-31"
  },
  {
    "date": "2022-12-30",
    "symbol": "CPAY",
    "eps": 3.03,
    "epsEstimated": 3.93,
    "time": "amc",
    "revenue": 883610000,
    "revenueEstimated": 875278087,
    "updatedFromDate": "2025-04-25",
    "fiscalDateEnding": "2022-12-31"
  },
  {
    "date": "2022-09-29",
    "symbol": "CPAY",
    "eps": 3.29,
    "epsEstimated": 4.19,
    "time": "amc",
    "revenue": 893000000,
    "revenueEstimated": 880279966,
    "updatedFromDate": "2025-04-25",
    "fiscalDateEnding": "2022-09-30"
  },
  {
    "date": "2022-06-29",
    "symbol": "CPAY",
    "eps": 3.35,
    "epsEstimated": 3.88,
    "time": "amc",
    "revenue": 861278000,
    "revenueEstimated": 819852279,
    "updatedFromDate": "2025-04-25",
    "fiscalDateEnding": "2022-06-30"
  },
  {
    "date": "2022-03-30",
    "symbol": "CPAY",
    "eps": 2.75,
    "epsEstimated": null,
    "time": "amc",
    "revenue": 789241000,
    "revenueEstimated": null,
    "updatedFromDate": "2025-04-25",
    "fiscalDateEnding": "2022-03-31"
  },
  {
    "date": "2021-12-30",
    "symbol": "CPAY",
    "eps": 2.74,
    "epsEstimated": 3.53,
    "time": "amc",
    "revenue": 802255000,
    "revenueEstimated": 757665200,
    "updatedFromDate": "2025-04-25",
    "fiscalDateEnding": "2021-12-31"
  },
  {
    "date": "2021-09-29",
    "symbol": "CPAY",
    "eps": 2.8,
    "epsEstimated": null,
    "time": "amc",
    "revenue": 755477000,
    "revenueEstimated": null,
    "updatedFromDate": "2025-04-25",
    "fiscalDateEnding": "2021-09-30"
  },
  {
    "date": "2021-06-29",
    "symbol": "CPAY",
    "eps": 2.3,
    "epsEstimated": null,
    "time": "amc",
    "revenue": 667381000,
    "revenueEstimated": null,
    "updatedFromDate": "2025-04-25",
    "fiscalDateEnding": "2021-06-30"
  },
  {
    "date": "2021-03-30",
    "symbol": "CPAY",
    "eps": 2.15,
    "epsEstimated": null,
    "time": "amc",
    "revenue": 608623000,
    "revenueEstimated": null,
    "updatedFromDate": "2025-04-25",
    "fiscalDateEnding": "2021-03-31"
  },
  {
    "date": "2020-12-30",
    "symbol": "CPAY",
    "eps": 2.44,
    "epsEstimated": null,
    "time": "amc",
    "revenue": 617333000,
    "revenueEstimated": null,
    "updatedFromDate": "2025-04-25",
    "fiscalDateEnding": "2020-12-31"
  },
  {
    "date": "2020-09-29",
    "symbol": "CPAY",
    "eps": 2.19,
    "epsEstimated": null,
    "time": "amc",
    "revenue": 585283000,
    "revenueEstimated": null,
    "updatedFromDate": "2025-04-25",
    "fiscalDateEnding": "2020-09-30"
  },
  {
    "date": "2020-06-29",
    "symbol": "CPAY",
    "eps": 1.83,
    "epsEstimated": null,
    "time": "amc",
    "revenue": 525145999,
    "revenueEstimated": null,
    "updatedFromDate": "2025-04-25",
    "fiscalDateEnding": "2020-06-30"
  },
  {
    "date": "2020-03-30",
    "symbol": "CPAY",
    "eps": 1.67,
    "epsEstimated": null,
    "time": "amc",
    "revenue": 661093000,
    "revenueEstimated": null,
    "updatedFromDate": "2025-04-25",
    "fiscalDateEnding": "2020-03-31"
  },
  {
    "date": "2019-12-30",
    "symbol": "CPAY",
    "eps": 2.6,
    "epsEstimated": null,
    "time": "amc",
    "revenue": 698881000,
    "revenueEstimated": null,
    "updatedFromDate": "2025-04-25",
    "fiscalDateEnding": "2019-12-31"
  },
  {
    "date": "2019-09-29",
    "symbol": "CPAY",
    "eps": 2.49,
    "epsEstimated": null,
    "time": "amc",
    "revenue": 681048000,
    "revenueEstimated": null,
    "updatedFromDate": "2025-04-25",
    "fiscalDateEnding": "2019-09-30"
  },
  {
    "date": "2019-06-29",
    "symbol": "CPAY",
    "eps": 2.9,
    "epsEstimated": null,
    "time": "amc",
    "revenue": 647094000,
    "revenueEstimated": null,
    "updatedFromDate": "2025-04-25",
    "fiscalDateEnding": "2019-06-30"
  },
  {
    "date": "2019-03-30",
    "symbol": "CPAY",
    "eps": 1.93,
    "epsEstimated": null,
    "time": "amc",
    "revenue": 621825000,
    "revenueEstimated": null,
    "updatedFromDate": "2025-04-25",
    "fiscalDateEnding": "2019-03-31"
  },
  {
    "date": "2018-12-30",
    "symbol": "CPAY",
    "eps": 3.33,
    "epsEstimated": null,
    "time": "amc",
    "revenue": 643422000,
    "revenueEstimated": null,
    "updatedFromDate": "2025-04-25",
    "fiscalDateEnding": "2018-12-31"
  },
  {
    "date": "2018-09-29",
    "symbol": "CPAY",
    "eps": 1.71,
    "epsEstimated": null,
    "time": "amc",
    "revenue": 619586000,
    "revenueEstimated": null,
    "updatedFromDate": "2025-04-25",
    "fiscalDateEnding": "2018-09-30"
  },
  {
    "date": "2018-06-29",
    "symbol": "CPAY",
    "eps": 1.91,
    "epsEstimated": null,
    "time": "amc",
    "revenue": 584985000,
    "revenueEstimated": null,
    "updatedFromDate": "2025-04-25",
    "fiscalDateEnding": "2018-06-30"
  },
  {
    "date": "2018-03-30",
    "symbol": "CPAY",
    "eps": 1.88,
    "epsEstimated": null,
    "time": "amc",
    "revenue": 585500000,
    "revenueEstimated": null,
    "updatedFromDate": "2025-04-25",
    "fiscalDateEnding": "2018-03-31"
  },
  {
    "date": "2017-12-30",
    "symbol": "CPAY",
    "eps": 3.05,
    "epsEstimated": null,
    "time": "amc",
    "revenue": 609991000,
    "revenueEstimated": null,
    "updatedFromDate": "2025-04-25",
    "fiscalDateEnding": "2017-12-31"
  },
  {
    "date": "2017-09-29",
    "symbol": "CPAY",
    "eps": 2.18,
    "epsEstimated": null,
    "time": "amc",
    "revenue": 577877000,
    "revenueEstimated": null,
    "updatedFromDate": "2025-04-25",
    "fiscalDateEnding": "2017-09-30"
  },
  {
    "date": "2017-06-29",
    "symbol": "CPAY",
    "eps": 1.39,
    "epsEstimated": null,
    "time": "amc",
    "revenue": 541237000,
    "revenueEstimated": null,
    "updatedFromDate": "2025-04-25",
    "fiscalDateEnding": "2017-06-30"
  },
  {
    "date": "2017-03-30",
    "symbol": "CPAY",
    "eps": 1.31,
    "epsEstimated": null,
    "time": "amc",
    "revenue": 520433000,
    "revenueEstimated": null,
    "updatedFromDate": "2025-04-25",
    "fiscalDateEnding": "2017-03-31"
  },
  {
    "date": "2016-12-30",
    "symbol": "CPAY",
    "eps": 1,
    "epsEstimated": null,
    "time": "amc",
    "revenue": 514953000,
    "revenueEstimated": null,
    "updatedFromDate": "2025-04-25",
    "fiscalDateEnding": "2016-12-31"
  },
  {
    "date": "2016-09-29",
    "symbol": "CPAY",
    "eps": 1.36,
    "epsEstimated": null,
    "time": "amc",
    "revenue": 484426000,
    "revenueEstimated": null,
    "updatedFromDate": "2025-04-25",
    "fiscalDateEnding": "2016-09-30"
  },
  {
    "date": "2016-06-29",
    "symbol": "CPAY",
    "eps": 1.22,
    "epsEstimated": null,
    "time": "amc",
    "revenue": 417905000,
    "revenueEstimated": null,
    "updatedFromDate": "2025-04-25",
    "fiscalDateEnding": "2016-06-30"
  },
  {
    "date": "2016-03-30",
    "symbol": "CPAY",
    "eps": 1.17,
    "epsEstimated": null,
    "time": "amc",
    "revenue": 414262000,
    "revenueEstimated": null,
    "updatedFromDate": "2025-04-25",
    "fiscalDateEnding": "2016-03-31"
  },
  {
    "date": "2015-12-30",
    "symbol": "CPAY",
    "eps": 0.56,
    "epsEstimated": null,
    "time": "amc",
    "revenue": 430601000,
    "revenueEstimated": null,
    "updatedFromDate": "2025-04-25",
    "fiscalDateEnding": "2015-12-31"
  }
]