[
  {
    "date": "2026-05-20",
    "symbol": "CPRT",
    "eps": null,
    "epsEstimated": null,
    "time": "amc",
    "revenue": null,
    "revenueEstimated": null,
    "updatedFromDate": "2025-10-02",
    "fiscalDateEnding": "2026-04-30"
  },
  {
    "date": "2026-02-18",
    "symbol": "CPRT",
    "eps": null,
    "epsEstimated": null,
    "time": "amc",
    "revenue": null,
    "revenueEstimated": null,
    "updatedFromDate": "2025-10-02",
    "fiscalDateEnding": "2026-01-31"
  },
  {
    "date": "2025-11-20",
    "symbol": "CPRT",
    "eps": null,
    "epsEstimated": 0.41,
    "time": "bmo",
    "revenue": null,
    "revenueEstimated": 1176485570,
    "updatedFromDate": "2025-10-02",
    "fiscalDateEnding": "2025-10-31"
  },
  {
    "date": "2025-09-04",
    "symbol": "CPRT",
    "eps": 0.41,
    "epsEstimated": 0.3613,
    "time": "amc",
    "revenue": 1125097000,
    "revenueEstimated": 1136837250,
    "updatedFromDate": "2025-10-02",
    "fiscalDateEnding": "2025-07-31"
  },
  {
    "date": "2025-05-22",
    "symbol": "CPRT",
    "eps": 0.42,
    "epsEstimated": 0.4167,
    "time": "amc",
    "revenue": 1211716000,
    "revenueEstimated": 1228817833,
    "updatedFromDate": "2025-08-22",
    "fiscalDateEnding": "2025-04-30"
  },
  {
    "date": "2025-02-20",
    "symbol": "CPRT",
    "eps": 0.4,
    "epsEstimated": 0.3717,
    "time": "amc",
    "revenue": 1163316000,
    "revenueEstimated": 1131355000,
    "updatedFromDate": "2025-05-14",
    "fiscalDateEnding": "2025-01-31"
  },
  {
    "date": "2024-11-21",
    "symbol": "CPRT",
    "eps": 0.37,
    "epsEstimated": 0.37,
    "time": "amc",
    "revenue": 1146829000,
    "revenueEstimated": 1099504667,
    "updatedFromDate": "2025-04-11",
    "fiscalDateEnding": "2024-10-31"
  },
  {
    "date": "2024-09-04",
    "symbol": "CPRT",
    "eps": 0.33,
    "epsEstimated": 0.36,
    "time": "amc",
    "revenue": 1068999000,
    "revenueEstimated": 1074137000,
    "updatedFromDate": "2025-04-11",
    "fiscalDateEnding": "2024-07-31"
  },
  {
    "date": "2024-05-16",
    "symbol": "CPRT",
    "eps": 0.39,
    "epsEstimated": 0.39,
    "time": "amc",
    "revenue": 1127259000,
    "revenueEstimated": 1105719833,
    "updatedFromDate": "2025-04-11",
    "fiscalDateEnding": "2024-04-30"
  },
  {
    "date": "2024-02-22",
    "symbol": "CPRT",
    "eps": 0.33,
    "epsEstimated": 0.35,
    "time": "amc",
    "revenue": 1020149000,
    "revenueEstimated": 1028162571,
    "updatedFromDate": "2025-04-11",
    "fiscalDateEnding": "2024-01-31"
  },
  {
    "date": "2023-11-16",
    "symbol": "CPRT",
    "eps": 0.34,
    "epsEstimated": 0.33,
    "time": "amc",
    "revenue": 1020416000,
    "revenueEstimated": 990660000,
    "updatedFromDate": "2025-04-11",
    "fiscalDateEnding": "2023-10-31"
  },
  {
    "date": "2023-09-14",
    "symbol": "CPRT",
    "eps": 0.34,
    "epsEstimated": 0.32,
    "time": "amc",
    "revenue": 997591000,
    "revenueEstimated": 962910000,
    "updatedFromDate": "2025-04-11",
    "fiscalDateEnding": "2023-07-31"
  },
  {
    "date": "2023-05-17",
    "symbol": "CPRT",
    "eps": 0.36,
    "epsEstimated": 0.31,
    "time": "amc",
    "revenue": 1021831000,
    "revenueEstimated": 962610000,
    "updatedFromDate": "2025-04-11",
    "fiscalDateEnding": "2023-04-30"
  },
  {
    "date": "2023-02-20",
    "symbol": "CPRT",
    "eps": 0.31,
    "epsEstimated": 0.28,
    "time": "amc",
    "revenue": 956724000,
    "revenueEstimated": 931454938,
    "updatedFromDate": "2025-04-11",
    "fiscalDateEnding": "2023-01-31"
  },
  {
    "date": "2022-11-16",
    "symbol": "CPRT",
    "eps": 0.26,
    "epsEstimated": 0.28,
    "time": "amc",
    "revenue": 893372000,
    "revenueEstimated": 891498745,
    "updatedFromDate": "2025-04-11",
    "fiscalDateEnding": "2022-10-31"
  },
  {
    "date": "2022-09-07",
    "symbol": "CPRT",
    "eps": 0.28,
    "epsEstimated": 0.27,
    "time": "amc",
    "revenue": 883388000,
    "revenueEstimated": 874126273,
    "updatedFromDate": "2025-04-11",
    "fiscalDateEnding": "2022-07-31"
  },
  {
    "date": "2022-05-18",
    "symbol": "CPRT",
    "eps": 0.29,
    "epsEstimated": 0.29,
    "time": "amc",
    "revenue": 939941000,
    "revenueEstimated": 862953860,
    "updatedFromDate": "2025-04-11",
    "fiscalDateEnding": "2022-04-30"
  },
  {
    "date": "2022-02-16",
    "symbol": "CPRT",
    "eps": 0.28,
    "epsEstimated": 0.26,
    "time": "amc",
    "revenue": 867460000,
    "revenueEstimated": 806998198,
    "updatedFromDate": "2025-04-11",
    "fiscalDateEnding": "2022-01-31"
  },
  {
    "date": "2021-11-17",
    "symbol": "CPRT",
    "eps": 0.27,
    "epsEstimated": 0.25,
    "time": "amc",
    "revenue": 810132000,
    "revenueEstimated": 811470000,
    "updatedFromDate": "2025-04-11",
    "fiscalDateEnding": "2021-10-31"
  },
  {
    "date": "2021-09-08",
    "symbol": "CPRT",
    "eps": 0.26,
    "epsEstimated": 0.22,
    "time": "amc",
    "revenue": 748630000,
    "revenueEstimated": 630867977,
    "updatedFromDate": "2025-04-11",
    "fiscalDateEnding": "2021-07-31"
  },
  {
    "date": "2021-05-19",
    "symbol": "CPRT",
    "eps": 0.27,
    "epsEstimated": 0.2,
    "time": "amc",
    "revenue": 733910000,
    "revenueEstimated": 627030000,
    "updatedFromDate": "2025-04-11",
    "fiscalDateEnding": "2021-04-30"
  },
  {
    "date": "2021-02-18",
    "symbol": "CPRT",
    "eps": 0.2,
    "epsEstimated": 0.2,
    "time": "amc",
    "revenue": 617031000,
    "revenueEstimated": 629610000,
    "updatedFromDate": "2025-04-11",
    "fiscalDateEnding": "2021-01-31"
  },
  {
    "date": "2020-11-18",
    "symbol": "CPRT",
    "eps": 0.2,
    "epsEstimated": 0.17,
    "time": "amc",
    "revenue": 592940000,
    "revenueEstimated": 526129859,
    "updatedFromDate": "2025-04-11",
    "fiscalDateEnding": "2020-10-31"
  },
  {
    "date": "2020-09-02",
    "symbol": "CPRT",
    "eps": 0.17,
    "epsEstimated": 0.1,
    "time": "amc",
    "revenue": 525659000,
    "revenueEstimated": 359488506,
    "updatedFromDate": "2025-04-11",
    "fiscalDateEnding": "2020-07-31"
  },
  {
    "date": "2020-05-20",
    "symbol": "CPRT",
    "eps": 0.15,
    "epsEstimated": 0.16,
    "time": "amc",
    "revenue": 550360000,
    "revenueEstimated": 607293793,
    "updatedFromDate": "2025-04-11",
    "fiscalDateEnding": "2020-04-30"
  },
  {
    "date": "2020-02-19",
    "symbol": "CPRT",
    "eps": 0.16,
    "epsEstimated": 0.16,
    "time": "amc",
    "revenue": 575140000,
    "revenueEstimated": 583988307,
    "updatedFromDate": "2025-04-11",
    "fiscalDateEnding": "2020-01-31"
  },
  {
    "date": "2019-11-20",
    "symbol": "CPRT",
    "eps": 0.16,
    "epsEstimated": 0.15,
    "time": "amc",
    "revenue": 554424000,
    "revenueEstimated": 503246399,
    "updatedFromDate": "2025-04-11",
    "fiscalDateEnding": "2019-10-31"
  },
  {
    "date": "2019-09-04",
    "symbol": "CPRT",
    "eps": 0.15,
    "epsEstimated": 0.14,
    "time": "amc",
    "revenue": 542575000,
    "revenueEstimated": 524489166,
    "updatedFromDate": "2025-04-11",
    "fiscalDateEnding": "2019-07-31"
  },
  {
    "date": "2019-05-22",
    "symbol": "CPRT",
    "eps": 0.17,
    "epsEstimated": 0.15,
    "time": "amc",
    "revenue": 553116000,
    "revenueEstimated": 519593818,
    "updatedFromDate": "2025-04-11",
    "fiscalDateEnding": "2019-04-30"
  },
  {
    "date": "2019-02-20",
    "symbol": "CPRT",
    "eps": 0.13,
    "epsEstimated": 0.13,
    "time": "amc",
    "revenue": 484898000,
    "revenueEstimated": 475573038,
    "updatedFromDate": "2025-04-11",
    "fiscalDateEnding": "2019-01-31"
  },
  {
    "date": "2018-11-20",
    "symbol": "CPRT",
    "eps": 0.12,
    "epsEstimated": 0.12,
    "time": "amc",
    "revenue": 461368000,
    "revenueEstimated": 461368000,
    "updatedFromDate": "2025-04-11",
    "fiscalDateEnding": "2018-10-31"
  },
  {
    "date": "2018-09-19",
    "symbol": "CPRT",
    "eps": 0.11,
    "epsEstimated": 0.12,
    "time": "bmo",
    "revenue": 449223000,
    "revenueEstimated": 513371428,
    "updatedFromDate": "2025-04-11",
    "fiscalDateEnding": "2018-07-31"
  },
  {
    "date": "2018-05-23",
    "symbol": "CPRT",
    "eps": 0.13,
    "epsEstimated": 0.12,
    "time": "amc",
    "revenue": 478198000,
    "revenueEstimated": 459807692,
    "updatedFromDate": "2025-04-11",
    "fiscalDateEnding": "2018-04-30"
  },
  {
    "date": "2018-02-26",
    "symbol": "CPRT",
    "eps": 0.12,
    "epsEstimated": 0.1,
    "time": "bmo",
    "revenue": 459106000,
    "revenueEstimated": 390723404,
    "updatedFromDate": "2025-04-11",
    "fiscalDateEnding": "2018-01-31"
  },
  {
    "date": "2017-11-21",
    "symbol": "CPRT",
    "eps": 0.08,
    "epsEstimated": 0.07,
    "time": "amc",
    "revenue": 419168000,
    "revenueEstimated": 342981818,
    "updatedFromDate": "2025-04-11",
    "fiscalDateEnding": "2017-10-31"
  },
  {
    "date": "2017-09-19",
    "symbol": "CPRT",
    "eps": 0.09,
    "epsEstimated": 0.08,
    "time": "amc",
    "revenue": 378596000,
    "revenueEstimated": 313697142,
    "updatedFromDate": "2025-04-11",
    "fiscalDateEnding": "2017-07-31"
  },
  {
    "date": "2017-05-24",
    "symbol": "CPRT",
    "eps": 0.09,
    "epsEstimated": 0.09,
    "time": "amc",
    "revenue": 373862000,
    "revenueEstimated": 363794594,
    "updatedFromDate": "2025-04-11",
    "fiscalDateEnding": "2017-04-30"
  },
  {
    "date": "2017-02-21",
    "symbol": "CPRT",
    "eps": 0.07,
    "epsEstimated": 0.07,
    "time": "amc",
    "revenue": 349532000,
    "revenueEstimated": 349500000,
    "updatedFromDate": "2025-04-11",
    "fiscalDateEnding": "2017-01-31"
  },
  {
    "date": "2016-11-21",
    "symbol": "CPRT",
    "eps": 0.07,
    "epsEstimated": 0.07,
    "time": "amc",
    "revenue": 345991000,
    "revenueEstimated": 346000000,
    "updatedFromDate": "2025-04-11",
    "fiscalDateEnding": "2016-10-31"
  },
  {
    "date": "2016-09-20",
    "symbol": "CPRT",
    "eps": 0.07,
    "epsEstimated": 0.07,
    "time": "amc",
    "revenue": 332659000,
    "revenueEstimated": 289770967,
    "updatedFromDate": "2025-04-11",
    "fiscalDateEnding": "2016-07-31"
  }
]