[
  {
    "date": "2026-04-29",
    "symbol": "CPT",
    "eps": null,
    "epsEstimated": null,
    "time": "amc",
    "revenue": null,
    "revenueEstimated": null,
    "updatedFromDate": "2025-10-01",
    "fiscalDateEnding": "2026-03-30"
  },
  {
    "date": "2026-02-04",
    "symbol": "CPT",
    "eps": null,
    "epsEstimated": null,
    "time": "amc",
    "revenue": null,
    "revenueEstimated": null,
    "updatedFromDate": "2025-10-01",
    "fiscalDateEnding": "2025-12-30"
  },
  {
    "date": "2025-10-30",
    "symbol": "CPT",
    "eps": null,
    "epsEstimated": 1.68,
    "time": "bmo",
    "revenue": null,
    "revenueEstimated": 397886840,
    "updatedFromDate": "2025-10-01",
    "fiscalDateEnding": "2025-09-30"
  },
  {
    "date": "2025-07-31",
    "symbol": "CPT",
    "eps": 1.7,
    "epsEstimated": 1.69,
    "time": "amc",
    "revenue": 396509000,
    "revenueEstimated": 396697740,
    "updatedFromDate": "2025-10-01",
    "fiscalDateEnding": "2025-06-30"
  },
  {
    "date": "2025-05-01",
    "symbol": "CPT",
    "eps": 1.72,
    "epsEstimated": 1.68,
    "time": "amc",
    "revenue": 390565000,
    "revenueEstimated": 388858260,
    "updatedFromDate": "2025-08-01",
    "fiscalDateEnding": "2025-03-31"
  },
  {
    "date": "2025-02-06",
    "symbol": "CPT",
    "eps": 1.73,
    "epsEstimated": 1.68,
    "time": "amc",
    "revenue": 387559000,
    "revenueEstimated": 386197270,
    "updatedFromDate": "2025-05-06",
    "fiscalDateEnding": "2024-12-31"
  },
  {
    "date": "2024-10-31",
    "symbol": "CPT",
    "eps": 1.13,
    "epsEstimated": 0.37,
    "time": "amc",
    "revenue": 387232000,
    "revenueEstimated": 389390000,
    "updatedFromDate": "2024-11-01",
    "fiscalDateEnding": "2024-09-30"
  },
  {
    "date": "2024-08-01",
    "symbol": "CPT",
    "eps": 1.71,
    "epsEstimated": 1.67,
    "time": "amc",
    "revenue": 391054000,
    "revenueEstimated": 385150000,
    "updatedFromDate": "2025-04-24",
    "fiscalDateEnding": "2024-06-30"
  },
  {
    "date": "2024-05-02",
    "symbol": "CPT",
    "eps": 1.67,
    "epsEstimated": 1.66,
    "time": "amc",
    "revenue": 385893000,
    "revenueEstimated": 387120000,
    "updatedFromDate": "2025-04-24",
    "fiscalDateEnding": "2024-03-31"
  },
  {
    "date": "2024-02-01",
    "symbol": "CPT",
    "eps": 2.03,
    "epsEstimated": 0.39,
    "time": "amc",
    "revenue": 388987000,
    "revenueEstimated": 387320000,
    "updatedFromDate": "2025-04-24",
    "fiscalDateEnding": "2023-12-31"
  },
  {
    "date": "2023-10-26",
    "symbol": "CPT",
    "eps": 1.73,
    "epsEstimated": 1.73,
    "time": "amc",
    "revenue": 390778000,
    "revenueEstimated": 390950000,
    "updatedFromDate": "2025-04-24",
    "fiscalDateEnding": "2023-09-30"
  },
  {
    "date": "2023-08-03",
    "symbol": "CPT",
    "eps": 1.7,
    "epsEstimated": 1.69,
    "time": "amc",
    "revenue": 385499000,
    "revenueEstimated": 391450000,
    "updatedFromDate": "2025-04-24",
    "fiscalDateEnding": "2023-06-30"
  },
  {
    "date": "2023-04-27",
    "symbol": "CPT",
    "eps": 1.66,
    "epsEstimated": 1.68,
    "time": "amc",
    "revenue": 378163000,
    "revenueEstimated": 377340000,
    "updatedFromDate": "2025-04-24",
    "fiscalDateEnding": "2023-03-31"
  },
  {
    "date": "2023-02-02",
    "symbol": "CPT",
    "eps": 1.74,
    "epsEstimated": 1.76,
    "time": "amc",
    "revenue": 375909000,
    "revenueEstimated": 376182438,
    "updatedFromDate": "2025-04-24",
    "fiscalDateEnding": "2022-12-31"
  },
  {
    "date": "2022-10-27",
    "symbol": "CPT",
    "eps": 1.7,
    "epsEstimated": 1.7,
    "time": "amc",
    "revenue": 373772000,
    "revenueEstimated": 372270444,
    "updatedFromDate": "2025-04-24",
    "fiscalDateEnding": "2022-09-30"
  },
  {
    "date": "2022-07-28",
    "symbol": "CPT",
    "eps": 1.64,
    "epsEstimated": 1.62,
    "time": "amc",
    "revenue": 361716000,
    "revenueEstimated": 342053571,
    "updatedFromDate": "2025-04-24",
    "fiscalDateEnding": "2022-06-30"
  },
  {
    "date": "2022-04-28",
    "symbol": "CPT",
    "eps": 1.5,
    "epsEstimated": 1.49,
    "time": "amc",
    "revenue": 311359000,
    "revenueEstimated": 308679900,
    "updatedFromDate": "2025-04-24",
    "fiscalDateEnding": "2022-03-31"
  },
  {
    "date": "2022-02-03",
    "symbol": "CPT",
    "eps": 1.51,
    "epsEstimated": 1.49,
    "time": "amc",
    "revenue": 305364000,
    "revenueEstimated": 303834583,
    "updatedFromDate": "2025-04-24",
    "fiscalDateEnding": "2021-12-31"
  },
  {
    "date": "2021-10-28",
    "symbol": "CPT",
    "eps": 1.36,
    "epsEstimated": 1.35,
    "time": "amc",
    "revenue": 294130000,
    "revenueEstimated": 286370000,
    "updatedFromDate": "2025-04-24",
    "fiscalDateEnding": "2021-09-30"
  },
  {
    "date": "2021-07-29",
    "symbol": "CPT",
    "eps": 1.28,
    "epsEstimated": 1.27,
    "time": "amc",
    "revenue": 276523000,
    "revenueEstimated": 276523000,
    "updatedFromDate": "2025-04-24",
    "fiscalDateEnding": "2021-06-30"
  },
  {
    "date": "2021-04-29",
    "symbol": "CPT",
    "eps": 1.24,
    "epsEstimated": 1.23,
    "time": "amc",
    "revenue": 267568000,
    "revenueEstimated": 263360000,
    "updatedFromDate": "2025-04-24",
    "fiscalDateEnding": "2021-03-31"
  },
  {
    "date": "2021-02-04",
    "symbol": "CPT",
    "eps": 1.21,
    "epsEstimated": 1.24,
    "time": "amc",
    "revenue": 261554000,
    "revenueEstimated": 300017823,
    "updatedFromDate": "2025-04-24",
    "fiscalDateEnding": "2020-12-31"
  },
  {
    "date": "2020-10-29",
    "symbol": "CPT",
    "eps": 1.25,
    "epsEstimated": 1.18,
    "time": "amc",
    "revenue": 265721000,
    "revenueEstimated": 197392742,
    "updatedFromDate": "2025-04-24",
    "fiscalDateEnding": "2020-09-30"
  },
  {
    "date": "2020-07-30",
    "symbol": "CPT",
    "eps": 1.09,
    "epsEstimated": 1.15,
    "time": "amc",
    "revenue": 250683000,
    "revenueEstimated": 383397529,
    "updatedFromDate": "2025-04-24",
    "fiscalDateEnding": "2020-06-30"
  },
  {
    "date": "2020-05-07",
    "symbol": "CPT",
    "eps": 1.35,
    "epsEstimated": 1.31,
    "time": "amc",
    "revenue": 265879000,
    "revenueEstimated": 284428697,
    "updatedFromDate": "2025-04-24",
    "fiscalDateEnding": "2020-03-31"
  },
  {
    "date": "2020-01-30",
    "symbol": "CPT",
    "eps": 1.24,
    "epsEstimated": 1.33,
    "time": "amc",
    "revenue": 263461000,
    "revenueEstimated": 175640666,
    "updatedFromDate": "2025-04-24",
    "fiscalDateEnding": "2019-12-31"
  },
  {
    "date": "2019-10-31",
    "symbol": "CPT",
    "eps": 1.29,
    "epsEstimated": 1.28,
    "time": "amc",
    "revenue": 260672000,
    "revenueEstimated": 260672000,
    "updatedFromDate": "2025-04-24",
    "fiscalDateEnding": "2019-09-30"
  },
  {
    "date": "2019-07-25",
    "symbol": "CPT",
    "eps": 1.28,
    "epsEstimated": 1.27,
    "time": "amc",
    "revenue": 255761000,
    "revenueEstimated": 527785116,
    "updatedFromDate": "2025-04-24",
    "fiscalDateEnding": "2019-06-30"
  },
  {
    "date": "2019-05-02",
    "symbol": "CPT",
    "eps": 1.22,
    "epsEstimated": 1.22,
    "time": "amc",
    "revenue": 248567000,
    "revenueEstimated": 260995349,
    "updatedFromDate": "2025-04-24",
    "fiscalDateEnding": "2019-03-31"
  },
  {
    "date": "2019-01-31",
    "symbol": "CPT",
    "eps": 1.23,
    "epsEstimated": 1.22,
    "time": "amc",
    "revenue": 244919000,
    "revenueEstimated": 262839902,
    "updatedFromDate": "2025-04-24",
    "fiscalDateEnding": "2018-12-31"
  },
  {
    "date": "2018-10-25",
    "symbol": "CPT",
    "eps": 1.2,
    "epsEstimated": 1.19,
    "time": "amc",
    "revenue": 241770000,
    "revenueEstimated": 253889999,
    "updatedFromDate": "2025-04-24",
    "fiscalDateEnding": "2018-09-30"
  },
  {
    "date": "2018-08-02",
    "symbol": "CPT",
    "eps": 1.19,
    "epsEstimated": 1.18,
    "time": "amc",
    "revenue": 237133000,
    "revenueEstimated": 272665000,
    "updatedFromDate": "2025-04-24",
    "fiscalDateEnding": "2018-06-30"
  },
  {
    "date": "2018-05-03",
    "symbol": "CPT",
    "eps": 1.15,
    "epsEstimated": 1.13,
    "time": "amc",
    "revenue": 230683000,
    "revenueEstimated": 253207317,
    "updatedFromDate": "2025-04-24",
    "fiscalDateEnding": "2018-03-31"
  },
  {
    "date": "2018-02-01",
    "symbol": "CPT",
    "eps": 0.91,
    "epsEstimated": 0.5,
    "time": "amc",
    "revenue": 229827000,
    "revenueEstimated": 153581889,
    "updatedFromDate": "2025-04-24",
    "fiscalDateEnding": "2017-12-31"
  },
  {
    "date": "2017-10-26",
    "symbol": "CPT",
    "eps": 1.11,
    "epsEstimated": 1.14,
    "time": "amc",
    "revenue": 228178000,
    "revenueEstimated": 252221052,
    "updatedFromDate": "2025-04-24",
    "fiscalDateEnding": "2017-09-30"
  },
  {
    "date": "2017-07-27",
    "symbol": "CPT",
    "eps": 1.15,
    "epsEstimated": 1.13,
    "time": "amc",
    "revenue": 223370000,
    "revenueEstimated": 238986046,
    "updatedFromDate": "2025-04-24",
    "fiscalDateEnding": "2017-06-30"
  },
  {
    "date": "2017-05-04",
    "symbol": "CPT",
    "eps": 1.09,
    "epsEstimated": 1.1,
    "time": "amc",
    "revenue": 219521000,
    "revenueEstimated": 230756410,
    "updatedFromDate": "2025-04-24",
    "fiscalDateEnding": "2017-03-31"
  },
  {
    "date": "2017-02-07",
    "symbol": "CPT",
    "eps": 1.15,
    "epsEstimated": 1.14,
    "time": "amc",
    "revenue": 217139000,
    "revenueEstimated": 188153333,
    "updatedFromDate": "2025-04-24",
    "fiscalDateEnding": "2016-12-31"
  },
  {
    "date": "2016-10-27",
    "symbol": "CPT",
    "eps": 1.13,
    "epsEstimated": 1.1,
    "time": "amc",
    "revenue": 220235000,
    "revenueEstimated": 38414953,
    "updatedFromDate": "2025-04-24",
    "fiscalDateEnding": "2016-09-30"
  },
  {
    "date": "2016-07-28",
    "symbol": "CPT",
    "eps": 1.15,
    "epsEstimated": 1.15,
    "time": "amc",
    "revenue": 221478000,
    "revenueEstimated": 32731781,
    "updatedFromDate": "2025-04-24",
    "fiscalDateEnding": "2016-06-30"
  }
]