[
  {
    "date": "2026-05-05",
    "symbol": "CRL",
    "eps": null,
    "epsEstimated": null,
    "time": "bmo",
    "revenue": null,
    "revenueEstimated": null,
    "updatedFromDate": "2025-10-02",
    "fiscalDateEnding": "2026-03-28"
  },
  {
    "date": "2026-02-17",
    "symbol": "CRL",
    "eps": null,
    "epsEstimated": null,
    "time": "bmo",
    "revenue": null,
    "revenueEstimated": null,
    "updatedFromDate": "2025-10-02",
    "fiscalDateEnding": "2025-12-28"
  },
  {
    "date": "2025-11-05",
    "symbol": "CRL",
    "eps": null,
    "epsEstimated": 2.33,
    "time": "bmo",
    "revenue": null,
    "revenueEstimated": 990742460,
    "updatedFromDate": "2025-10-02",
    "fiscalDateEnding": "2025-09-28"
  },
  {
    "date": "2025-08-06",
    "symbol": "CRL",
    "eps": 3.12,
    "epsEstimated": 2.5,
    "time": "bmo",
    "revenue": 1032135000,
    "revenueEstimated": 968924570,
    "updatedFromDate": "2025-10-02",
    "fiscalDateEnding": "2025-06-28"
  },
  {
    "date": "2025-05-07",
    "symbol": "CRL",
    "eps": 2.34,
    "epsEstimated": 2.06,
    "time": "bmo",
    "revenue": 984168000,
    "revenueEstimated": 958789940,
    "updatedFromDate": "2025-08-07",
    "fiscalDateEnding": "2025-03-29"
  },
  {
    "date": "2025-02-19",
    "symbol": "CRL",
    "eps": 2.66,
    "epsEstimated": 2.5,
    "time": "bmo",
    "revenue": 1002549000,
    "revenueEstimated": 948220870,
    "updatedFromDate": "2025-05-19",
    "fiscalDateEnding": "2024-12-28"
  },
  {
    "date": "2024-11-06",
    "symbol": "CRL",
    "eps": 2.59,
    "epsEstimated": 2.42,
    "time": "bmo",
    "revenue": 1009763000,
    "revenueEstimated": 975989510,
    "updatedFromDate": "2025-04-23",
    "fiscalDateEnding": "2024-09-28"
  },
  {
    "date": "2024-08-07",
    "symbol": "CRL",
    "eps": 2.8,
    "epsEstimated": 2.39,
    "time": "bmo",
    "revenue": 1026117000,
    "revenueEstimated": 1024341473,
    "updatedFromDate": "2025-04-23",
    "fiscalDateEnding": "2024-06-29"
  },
  {
    "date": "2024-05-09",
    "symbol": "CRL",
    "eps": 2.27,
    "epsEstimated": 2.06,
    "time": "bmo",
    "revenue": 1011560000,
    "revenueEstimated": 992310770,
    "updatedFromDate": "2025-04-23",
    "fiscalDateEnding": "2024-03-30"
  },
  {
    "date": "2024-02-14",
    "symbol": "CRL",
    "eps": 2.46,
    "epsEstimated": 2.39,
    "time": "bmo",
    "revenue": 1013476000,
    "revenueEstimated": 991250000,
    "updatedFromDate": "2025-04-23",
    "fiscalDateEnding": "2023-12-30"
  },
  {
    "date": "2023-11-08",
    "symbol": "CRL",
    "eps": 2.72,
    "epsEstimated": 2.35,
    "time": "bmo",
    "revenue": 1026623000,
    "revenueEstimated": 1000500000,
    "updatedFromDate": "2025-04-23",
    "fiscalDateEnding": "2023-09-30"
  },
  {
    "date": "2023-08-09",
    "symbol": "CRL",
    "eps": 2.69,
    "epsEstimated": 2.63,
    "time": "bmo",
    "revenue": 1059937000,
    "revenueEstimated": 1053710000,
    "updatedFromDate": "2025-04-23",
    "fiscalDateEnding": "2023-07-01"
  },
  {
    "date": "2023-05-11",
    "symbol": "CRL",
    "eps": 2.78,
    "epsEstimated": 2.59,
    "time": "bmo",
    "revenue": 1029373000,
    "revenueEstimated": 986350000,
    "updatedFromDate": "2025-04-23",
    "fiscalDateEnding": "2023-04-01"
  },
  {
    "date": "2023-02-22",
    "symbol": "CRL",
    "eps": 2.98,
    "epsEstimated": 2.75,
    "time": "bmo",
    "revenue": 1099843000,
    "revenueEstimated": 1035027773,
    "updatedFromDate": "2025-04-23",
    "fiscalDateEnding": "2022-12-31"
  },
  {
    "date": "2022-11-02",
    "symbol": "CRL",
    "eps": 2.63,
    "epsEstimated": 2.51,
    "time": "bmo",
    "revenue": 989157000,
    "revenueEstimated": 970431176,
    "updatedFromDate": "2025-04-23",
    "fiscalDateEnding": "2022-09-24"
  },
  {
    "date": "2022-08-03",
    "symbol": "CRL",
    "eps": 2.77,
    "epsEstimated": 2.73,
    "time": "bmo",
    "revenue": 973131000,
    "revenueEstimated": 995181292,
    "updatedFromDate": "2025-04-23",
    "fiscalDateEnding": "2022-06-25"
  },
  {
    "date": "2022-05-04",
    "symbol": "CRL",
    "eps": 2.75,
    "epsEstimated": 2.71,
    "time": "bmo",
    "revenue": 913929000,
    "revenueEstimated": 910098428,
    "updatedFromDate": "2025-04-23",
    "fiscalDateEnding": "2022-03-26"
  },
  {
    "date": "2022-02-16",
    "symbol": "CRL",
    "eps": 2.49,
    "epsEstimated": 2.43,
    "time": "bmo",
    "revenue": 905050000,
    "revenueEstimated": 888266780,
    "updatedFromDate": "2025-04-23",
    "fiscalDateEnding": "2021-12-25"
  },
  {
    "date": "2021-11-03",
    "symbol": "CRL",
    "eps": 2.7,
    "epsEstimated": 2.57,
    "time": "bmo",
    "revenue": 895937000,
    "revenueEstimated": 850617229,
    "updatedFromDate": "2025-04-23",
    "fiscalDateEnding": "2021-09-25"
  },
  {
    "date": "2021-08-04",
    "symbol": "CRL",
    "eps": 2.61,
    "epsEstimated": 2.39,
    "time": "bmo",
    "revenue": 914607000,
    "revenueEstimated": 880440000,
    "updatedFromDate": "2025-04-23",
    "fiscalDateEnding": "2021-06-26"
  },
  {
    "date": "2021-05-04",
    "symbol": "CRL",
    "eps": 2.53,
    "epsEstimated": 2.19,
    "time": "bmo",
    "revenue": 824566000,
    "revenueEstimated": 798530000,
    "updatedFromDate": "2025-04-23",
    "fiscalDateEnding": "2021-03-27"
  },
  {
    "date": "2021-02-17",
    "symbol": "CRL",
    "eps": 2.39,
    "epsEstimated": 2.11,
    "time": "bmo",
    "revenue": 790990000,
    "revenueEstimated": 756600000,
    "updatedFromDate": "2025-04-23",
    "fiscalDateEnding": "2020-12-26"
  },
  {
    "date": "2020-10-29",
    "symbol": "CRL",
    "eps": 2.33,
    "epsEstimated": 1.8,
    "time": "bmo",
    "revenue": 743300000,
    "revenueEstimated": 574223175,
    "updatedFromDate": "2025-04-23",
    "fiscalDateEnding": "2020-09-26"
  },
  {
    "date": "2020-08-05",
    "symbol": "CRL",
    "eps": 1.58,
    "epsEstimated": 1.26,
    "time": "bmo",
    "revenue": 682584000,
    "revenueEstimated": 544339139,
    "updatedFromDate": "2025-04-23",
    "fiscalDateEnding": "2020-06-27"
  },
  {
    "date": "2020-05-07",
    "symbol": "CRL",
    "eps": 1.84,
    "epsEstimated": 1.48,
    "time": "bmo",
    "revenue": 707059000,
    "revenueEstimated": 568721369,
    "updatedFromDate": "2025-04-23",
    "fiscalDateEnding": "2020-03-28"
  },
  {
    "date": "2020-02-11",
    "symbol": "CRL",
    "eps": 2.01,
    "epsEstimated": 1.83,
    "time": "bmo",
    "revenue": 691138000,
    "revenueEstimated": 632683542,
    "updatedFromDate": "2025-04-23",
    "fiscalDateEnding": "2019-12-28"
  },
  {
    "date": "2019-11-06",
    "symbol": "CRL",
    "eps": 1.69,
    "epsEstimated": 1.63,
    "time": "bmo",
    "revenue": 667951000,
    "revenueEstimated": 644236763,
    "updatedFromDate": "2025-04-23",
    "fiscalDateEnding": "2019-09-28"
  },
  {
    "date": "2019-07-31",
    "symbol": "CRL",
    "eps": 1.63,
    "epsEstimated": 1.55,
    "time": "bmo",
    "revenue": 657568000,
    "revenueEstimated": 625294723,
    "updatedFromDate": "2025-04-23",
    "fiscalDateEnding": "2019-06-29"
  },
  {
    "date": "2019-05-07",
    "symbol": "CRL",
    "eps": 1.4,
    "epsEstimated": 1.38,
    "time": "bmo",
    "revenue": 604569000,
    "revenueEstimated": 595932300,
    "updatedFromDate": "2025-04-23",
    "fiscalDateEnding": "2019-03-30"
  },
  {
    "date": "2019-02-13",
    "symbol": "CRL",
    "eps": 1.49,
    "epsEstimated": 1.4,
    "time": "bmo",
    "revenue": 601530000,
    "revenueEstimated": 565195973,
    "updatedFromDate": "2025-04-23",
    "fiscalDateEnding": "2018-12-29"
  },
  {
    "date": "2018-11-07",
    "symbol": "CRL",
    "eps": 1.53,
    "epsEstimated": 1.38,
    "time": "bmo",
    "revenue": 585295000,
    "revenueEstimated": 527917647,
    "updatedFromDate": "2025-04-23",
    "fiscalDateEnding": "2018-09-29"
  },
  {
    "date": "2018-08-08",
    "symbol": "CRL",
    "eps": 1.62,
    "epsEstimated": 1.46,
    "time": "bmo",
    "revenue": 585301000,
    "revenueEstimated": 527492592,
    "updatedFromDate": "2025-04-23",
    "fiscalDateEnding": "2018-06-30"
  },
  {
    "date": "2018-05-10",
    "symbol": "CRL",
    "eps": 1.38,
    "epsEstimated": 1.26,
    "time": "bmo",
    "revenue": 493970000,
    "revenueEstimated": 451043478,
    "updatedFromDate": "2025-04-23",
    "fiscalDateEnding": "2018-03-31"
  },
  {
    "date": "2018-02-13",
    "symbol": "CRL",
    "eps": 1.4,
    "epsEstimated": 1.26,
    "time": "bmo",
    "revenue": 478477000,
    "revenueEstimated": 427232142,
    "updatedFromDate": "2025-04-23",
    "fiscalDateEnding": "2017-12-30"
  },
  {
    "date": "2017-11-09",
    "symbol": "CRL",
    "eps": 1.3,
    "epsEstimated": 1.22,
    "time": "bmo",
    "revenue": 464232000,
    "revenueEstimated": 435633846,
    "updatedFromDate": "2025-04-23",
    "fiscalDateEnding": "2017-09-30"
  },
  {
    "date": "2017-08-09",
    "symbol": "CRL",
    "eps": 1.29,
    "epsEstimated": 1.22,
    "time": "bmo",
    "revenue": 469129000,
    "revenueEstimated": 443644961,
    "updatedFromDate": "2025-04-23",
    "fiscalDateEnding": "2017-07-01"
  },
  {
    "date": "2017-05-10",
    "symbol": "CRL",
    "eps": 1.29,
    "epsEstimated": 1.14,
    "time": "bmo",
    "revenue": 445763000,
    "revenueEstimated": 393962790,
    "updatedFromDate": "2025-04-23",
    "fiscalDateEnding": "2017-04-01"
  },
  {
    "date": "2017-02-14",
    "symbol": "CRL",
    "eps": 1.21,
    "epsEstimated": 1.11,
    "time": "bmo",
    "revenue": 466789000,
    "revenueEstimated": 428221487,
    "updatedFromDate": "2025-04-23",
    "fiscalDateEnding": "2016-12-31"
  },
  {
    "date": "2016-11-02",
    "symbol": "CRL",
    "eps": 1.18,
    "epsEstimated": 1.14,
    "time": "bmo",
    "revenue": 425720000,
    "revenueEstimated": 407661864,
    "updatedFromDate": "2025-04-23",
    "fiscalDateEnding": "2016-09-24"
  },
  {
    "date": "2016-08-03",
    "symbol": "CRL",
    "eps": 1.2,
    "epsEstimated": 1.1,
    "time": "bmo",
    "revenue": 434055000,
    "revenueEstimated": 397925000,
    "updatedFromDate": "2025-04-23",
    "fiscalDateEnding": "2016-06-25"
  }
]