[
  {
    "date": "2026-05-26",
    "symbol": "CRM",
    "eps": null,
    "epsEstimated": null,
    "time": "amc",
    "revenue": null,
    "revenueEstimated": null,
    "updatedFromDate": "2025-10-02",
    "fiscalDateEnding": "2026-04-30"
  },
  {
    "date": "2026-02-24",
    "symbol": "CRM",
    "eps": null,
    "epsEstimated": null,
    "time": "amc",
    "revenue": null,
    "revenueEstimated": null,
    "updatedFromDate": "2025-10-02",
    "fiscalDateEnding": "2026-01-31"
  },
  {
    "date": "2025-12-02",
    "symbol": "CRM",
    "eps": null,
    "epsEstimated": 2.85,
    "time": "amc",
    "revenue": null,
    "revenueEstimated": 10272352940,
    "updatedFromDate": "2025-10-02",
    "fiscalDateEnding": "2025-10-31"
  },
  {
    "date": "2025-09-03",
    "symbol": "CRM",
    "eps": 2.91,
    "epsEstimated": 2.78,
    "time": "amc",
    "revenue": 10236000000,
    "revenueEstimated": 10140349743,
    "updatedFromDate": "2025-10-02",
    "fiscalDateEnding": "2025-07-31"
  },
  {
    "date": "2025-05-28",
    "symbol": "CRM",
    "eps": 2.58,
    "epsEstimated": 2.55,
    "time": "amc",
    "revenue": 9829000000,
    "revenueEstimated": 9756228493,
    "updatedFromDate": "2025-08-28",
    "fiscalDateEnding": "2025-04-30"
  },
  {
    "date": "2025-02-26",
    "symbol": "CRM",
    "eps": 2.78,
    "epsEstimated": 2.61,
    "time": "amc",
    "revenue": 9993000000,
    "revenueEstimated": 10040238216,
    "updatedFromDate": "2025-08-25",
    "fiscalDateEnding": "2025-01-31"
  },
  {
    "date": "2024-12-03",
    "symbol": "CRM",
    "eps": 2.41,
    "epsEstimated": 2.44,
    "time": "amc",
    "revenue": 9444000000,
    "revenueEstimated": 9367177769,
    "updatedFromDate": "2025-08-25",
    "fiscalDateEnding": "2024-10-31"
  },
  {
    "date": "2024-08-28",
    "symbol": "CRM",
    "eps": 2.56,
    "epsEstimated": 2.35,
    "time": "amc",
    "revenue": 9325000000,
    "revenueEstimated": 9219092284,
    "updatedFromDate": "2025-08-25",
    "fiscalDateEnding": "2024-07-31"
  },
  {
    "date": "2024-05-29",
    "symbol": "CRM",
    "eps": 2.44,
    "epsEstimated": 2.37,
    "time": "amc",
    "revenue": 9133000000,
    "revenueEstimated": 9150552060,
    "updatedFromDate": "2025-08-25",
    "fiscalDateEnding": "2024-04-30"
  },
  {
    "date": "2024-02-28",
    "symbol": "CRM",
    "eps": 2.29,
    "epsEstimated": 2.27,
    "time": "amc",
    "revenue": 9287000000,
    "revenueEstimated": 9222782378,
    "updatedFromDate": "2025-08-25",
    "fiscalDateEnding": "2024-01-31"
  },
  {
    "date": "2023-11-29",
    "symbol": "CRM",
    "eps": 2.11,
    "epsEstimated": 2.06,
    "time": "amc",
    "revenue": 8720000000,
    "revenueEstimated": 8715430000,
    "updatedFromDate": "2025-08-25",
    "fiscalDateEnding": "2023-10-31"
  },
  {
    "date": "2023-08-30",
    "symbol": "CRM",
    "eps": 2.12,
    "epsEstimated": 1.9,
    "time": "amc",
    "revenue": 8603000000,
    "revenueEstimated": 8524520000,
    "updatedFromDate": "2025-08-25",
    "fiscalDateEnding": "2023-07-31"
  },
  {
    "date": "2023-05-31",
    "symbol": "CRM",
    "eps": 1.69,
    "epsEstimated": 1.61,
    "time": "amc",
    "revenue": 8247000000,
    "revenueEstimated": 8177530000,
    "updatedFromDate": "2025-08-25",
    "fiscalDateEnding": "2023-04-30"
  },
  {
    "date": "2023-03-01",
    "symbol": "CRM",
    "eps": 1.68,
    "epsEstimated": 1.35,
    "time": "amc",
    "revenue": 8384000000,
    "revenueEstimated": 7991370979,
    "updatedFromDate": "2025-08-25",
    "fiscalDateEnding": "2023-01-31"
  },
  {
    "date": "2022-11-30",
    "symbol": "CRM",
    "eps": 1.4,
    "epsEstimated": 1.21,
    "time": "amc",
    "revenue": 7837000000,
    "revenueEstimated": 7827011242,
    "updatedFromDate": "2025-08-25",
    "fiscalDateEnding": "2022-10-31"
  },
  {
    "date": "2022-08-24",
    "symbol": "CRM",
    "eps": 1.19,
    "epsEstimated": 1.02,
    "time": "amc",
    "revenue": 7720000000,
    "revenueEstimated": 7697151635,
    "updatedFromDate": "2025-08-25",
    "fiscalDateEnding": "2022-07-31"
  },
  {
    "date": "2022-05-31",
    "symbol": "CRM",
    "eps": 0.98,
    "epsEstimated": 0.93,
    "time": "amc",
    "revenue": 7411000000,
    "revenueEstimated": 7382353162,
    "updatedFromDate": "2025-08-25",
    "fiscalDateEnding": "2022-04-30"
  },
  {
    "date": "2022-03-01",
    "symbol": "CRM",
    "eps": 0.84,
    "epsEstimated": 0.73,
    "time": "amc",
    "revenue": 7326000000,
    "revenueEstimated": 7244427221,
    "updatedFromDate": "2025-08-25",
    "fiscalDateEnding": "2022-01-31"
  },
  {
    "date": "2021-11-30",
    "symbol": "CRM",
    "eps": 1.27,
    "epsEstimated": 0.92,
    "time": "amc",
    "revenue": 6863000000,
    "revenueEstimated": 7237500000,
    "updatedFromDate": "2025-08-25",
    "fiscalDateEnding": "2021-10-31"
  },
  {
    "date": "2021-08-25",
    "symbol": "CRM",
    "eps": 1.48,
    "epsEstimated": 0.91,
    "time": "amc",
    "revenue": 6340000000,
    "revenueEstimated": 5431673075,
    "updatedFromDate": "2025-08-25",
    "fiscalDateEnding": "2021-07-31"
  },
  {
    "date": "2021-05-27",
    "symbol": "CRM",
    "eps": 1.21,
    "epsEstimated": 0.88,
    "time": "amc",
    "revenue": 5963000000,
    "revenueEstimated": 5887290000,
    "updatedFromDate": "2025-08-25",
    "fiscalDateEnding": "2021-04-30"
  },
  {
    "date": "2021-02-25",
    "symbol": "CRM",
    "eps": 1.04,
    "epsEstimated": 0.75,
    "time": "amc",
    "revenue": 5817000000,
    "revenueEstimated": 5676990000,
    "updatedFromDate": "2025-08-25",
    "fiscalDateEnding": "2021-01-31"
  },
  {
    "date": "2020-12-01",
    "symbol": "CRM",
    "eps": 1.74,
    "epsEstimated": 0.74,
    "time": "amc",
    "revenue": 5419000000,
    "revenueEstimated": 4291848000,
    "updatedFromDate": "2025-08-25",
    "fiscalDateEnding": "2020-10-31"
  },
  {
    "date": "2020-08-25",
    "symbol": "CRM",
    "eps": 1.44,
    "epsEstimated": 0.67,
    "time": "amc",
    "revenue": 5151000000,
    "revenueEstimated": 4281288245,
    "updatedFromDate": "2025-08-25",
    "fiscalDateEnding": "2020-07-31"
  },
  {
    "date": "2020-05-28",
    "symbol": "CRM",
    "eps": 0.7,
    "epsEstimated": 0.69,
    "time": "amc",
    "revenue": 4865000000,
    "revenueEstimated": 4795500000,
    "updatedFromDate": "2025-08-25",
    "fiscalDateEnding": "2020-04-30"
  },
  {
    "date": "2020-02-25",
    "symbol": "CRM",
    "eps": 0.66,
    "epsEstimated": 0.55,
    "time": "amc",
    "revenue": 4851000000,
    "revenueEstimated": 4116000000,
    "updatedFromDate": "2025-08-25",
    "fiscalDateEnding": "2020-01-31"
  },
  {
    "date": "2019-12-03",
    "symbol": "CRM",
    "eps": 0.75,
    "epsEstimated": 0.66,
    "time": "amc",
    "revenue": 4513000000,
    "revenueEstimated": 3971440000,
    "updatedFromDate": "2025-08-25",
    "fiscalDateEnding": "2019-10-31"
  },
  {
    "date": "2019-08-22",
    "symbol": "CRM",
    "eps": 0.66,
    "epsEstimated": 0.47,
    "time": "amc",
    "revenue": 3997000000,
    "revenueEstimated": 2846348484,
    "updatedFromDate": "2025-08-25",
    "fiscalDateEnding": "2019-07-31"
  },
  {
    "date": "2019-06-04",
    "symbol": "CRM",
    "eps": 0.93,
    "epsEstimated": 0.61,
    "time": "amc",
    "revenue": 3737000000,
    "revenueEstimated": 2451150537,
    "updatedFromDate": "2025-08-25",
    "fiscalDateEnding": "2019-04-30"
  },
  {
    "date": "2019-03-04",
    "symbol": "CRM",
    "eps": 0.7,
    "epsEstimated": 0.56,
    "time": "amc",
    "revenue": 3603000000,
    "revenueEstimated": 2830928571,
    "updatedFromDate": "2025-08-25",
    "fiscalDateEnding": "2019-01-31"
  },
  {
    "date": "2018-11-27",
    "symbol": "CRM",
    "eps": 0.61,
    "epsEstimated": 0.5,
    "time": "amc",
    "revenue": 3392000000,
    "revenueEstimated": 2780327868,
    "updatedFromDate": "2025-08-25",
    "fiscalDateEnding": "2018-10-31"
  },
  {
    "date": "2018-08-29",
    "symbol": "CRM",
    "eps": 0.71,
    "epsEstimated": 0.47,
    "time": "amc",
    "revenue": 3281000000,
    "revenueEstimated": 2171929577,
    "updatedFromDate": "2025-08-25",
    "fiscalDateEnding": "2018-07-31"
  },
  {
    "date": "2018-05-29",
    "symbol": "CRM",
    "eps": 0.74,
    "epsEstimated": 0.46,
    "time": "amc",
    "revenue": 3006000000,
    "revenueEstimated": 1868594594,
    "updatedFromDate": "2025-08-25",
    "fiscalDateEnding": "2018-04-30"
  },
  {
    "date": "2018-02-28",
    "symbol": "CRM",
    "eps": 0.35,
    "epsEstimated": 0.33,
    "time": "amc",
    "revenue": 2851003000,
    "revenueEstimated": 2783142857,
    "updatedFromDate": "2025-08-25",
    "fiscalDateEnding": "2018-01-31"
  },
  {
    "date": "2017-11-21",
    "symbol": "CRM",
    "eps": 0.39,
    "epsEstimated": 0.37,
    "time": "amc",
    "revenue": 2679841000,
    "revenueEstimated": 2562487179,
    "updatedFromDate": "2025-08-25",
    "fiscalDateEnding": "2017-10-31"
  },
  {
    "date": "2017-08-22",
    "symbol": "CRM",
    "eps": 0.33,
    "epsEstimated": 0.31,
    "time": "amc",
    "revenue": 2561589000,
    "revenueEstimated": 2498909090,
    "updatedFromDate": "2025-08-25",
    "fiscalDateEnding": "2017-07-31"
  },
  {
    "date": "2017-05-18",
    "symbol": "CRM",
    "eps": 0.28,
    "epsEstimated": 0.26,
    "time": "amc",
    "revenue": 2387579000,
    "revenueEstimated": 2225785714,
    "updatedFromDate": "2025-08-25",
    "fiscalDateEnding": "2017-04-30"
  },
  {
    "date": "2017-02-28",
    "symbol": "CRM",
    "eps": 0.28,
    "epsEstimated": 0.25,
    "time": "amc",
    "revenue": 2293988000,
    "revenueEstimated": 2088392857,
    "updatedFromDate": "2025-08-25",
    "fiscalDateEnding": "2017-01-31"
  },
  {
    "date": "2016-11-17",
    "symbol": "CRM",
    "eps": 0.24,
    "epsEstimated": 0.21,
    "time": "amc",
    "revenue": 2144775000,
    "revenueEstimated": 1876700000,
    "updatedFromDate": "2025-08-25",
    "fiscalDateEnding": "2016-10-31"
  },
  {
    "date": "2016-08-31",
    "symbol": "CRM",
    "eps": 0.24,
    "epsEstimated": 0.22,
    "time": "amc",
    "revenue": 2036618000,
    "revenueEstimated": 1866883333,
    "updatedFromDate": "2025-08-25",
    "fiscalDateEnding": "2016-07-31"
  }
]