[
  {
    "date": "2026-05-12",
    "symbol": "CSCO",
    "eps": null,
    "epsEstimated": null,
    "time": "amc",
    "revenue": null,
    "revenueEstimated": null,
    "updatedFromDate": "2025-10-02",
    "fiscalDateEnding": "2026-04-26"
  },
  {
    "date": "2026-02-10",
    "symbol": "CSCO",
    "eps": null,
    "epsEstimated": null,
    "time": "amc",
    "revenue": null,
    "revenueEstimated": null,
    "updatedFromDate": "2025-10-02",
    "fiscalDateEnding": "2026-01-26"
  },
  {
    "date": "2025-11-12",
    "symbol": "CSCO",
    "eps": null,
    "epsEstimated": 0.98,
    "time": "bmo",
    "revenue": null,
    "revenueEstimated": 14768323250,
    "updatedFromDate": "2025-10-02",
    "fiscalDateEnding": "2025-10-26"
  },
  {
    "date": "2025-08-13",
    "symbol": "CSCO",
    "eps": 0.99,
    "epsEstimated": 0.977,
    "time": "amc",
    "revenue": 14673000000,
    "revenueEstimated": 14615557750,
    "updatedFromDate": "2025-10-02",
    "fiscalDateEnding": "2025-07-26"
  },
  {
    "date": "2025-05-14",
    "symbol": "CSCO",
    "eps": 0.96,
    "epsEstimated": 0.917,
    "time": "amc",
    "revenue": 14149000000,
    "revenueEstimated": 14047984307,
    "updatedFromDate": "2025-08-14",
    "fiscalDateEnding": "2025-04-26"
  },
  {
    "date": "2025-02-12",
    "symbol": "CSCO",
    "eps": 0.94,
    "epsEstimated": 0.91,
    "time": "amc",
    "revenue": 13991000000,
    "revenueEstimated": 13870805641,
    "updatedFromDate": "2025-05-12",
    "fiscalDateEnding": "2025-01-25"
  },
  {
    "date": "2024-11-13",
    "symbol": "CSCO",
    "eps": 0.91,
    "epsEstimated": 0.872,
    "time": "amc",
    "revenue": 13841000000,
    "revenueEstimated": 13775382648,
    "updatedFromDate": "2025-04-25",
    "fiscalDateEnding": "2024-10-26"
  },
  {
    "date": "2024-08-14",
    "symbol": "CSCO",
    "eps": 0.87,
    "epsEstimated": 0.849,
    "time": "amc",
    "revenue": 13642000000,
    "revenueEstimated": 13534689421,
    "updatedFromDate": "2025-04-25",
    "fiscalDateEnding": "2024-07-27"
  },
  {
    "date": "2024-05-15",
    "symbol": "CSCO",
    "eps": 0.88,
    "epsEstimated": 0.828,
    "time": "amc",
    "revenue": 12702000000,
    "revenueEstimated": 12534414719,
    "updatedFromDate": "2025-04-25",
    "fiscalDateEnding": "2024-04-27"
  },
  {
    "date": "2024-02-14",
    "symbol": "CSCO",
    "eps": 0.87,
    "epsEstimated": 0.839,
    "time": "amc",
    "revenue": 12791000000,
    "revenueEstimated": 12706333712,
    "updatedFromDate": "2025-04-25",
    "fiscalDateEnding": "2024-01-27"
  },
  {
    "date": "2023-11-15",
    "symbol": "CSCO",
    "eps": 1.11,
    "epsEstimated": 1.03,
    "time": "amc",
    "revenue": 14668000000,
    "revenueEstimated": 13785900000,
    "updatedFromDate": "2025-04-25",
    "fiscalDateEnding": "2023-10-28"
  },
  {
    "date": "2023-08-16",
    "symbol": "CSCO",
    "eps": 1.14,
    "epsEstimated": 1.06,
    "time": "amc",
    "revenue": 15203000000,
    "revenueEstimated": 15049900000,
    "updatedFromDate": "2025-04-25",
    "fiscalDateEnding": "2023-07-29"
  },
  {
    "date": "2023-05-17",
    "symbol": "CSCO",
    "eps": 1,
    "epsEstimated": 0.97,
    "time": "amc",
    "revenue": 14571000000,
    "revenueEstimated": 14393900000,
    "updatedFromDate": "2025-04-25",
    "fiscalDateEnding": "2023-04-29"
  },
  {
    "date": "2023-02-15",
    "symbol": "CSCO",
    "eps": 0.88,
    "epsEstimated": 0.86,
    "time": "amc",
    "revenue": 13592000000,
    "revenueEstimated": 13419365106,
    "updatedFromDate": "2025-04-25",
    "fiscalDateEnding": "2023-01-28"
  },
  {
    "date": "2022-11-16",
    "symbol": "CSCO",
    "eps": 0.86,
    "epsEstimated": 0.84,
    "time": "amc",
    "revenue": 13632000000,
    "revenueEstimated": 13312659211,
    "updatedFromDate": "2025-04-25",
    "fiscalDateEnding": "2022-10-29"
  },
  {
    "date": "2022-08-17",
    "symbol": "CSCO",
    "eps": 0.83,
    "epsEstimated": 0.82,
    "time": "amc",
    "revenue": 13102000000,
    "revenueEstimated": 12732066990,
    "updatedFromDate": "2025-04-25",
    "fiscalDateEnding": "2022-07-30"
  },
  {
    "date": "2022-05-18",
    "symbol": "CSCO",
    "eps": 0.87,
    "epsEstimated": 0.86,
    "time": "amc",
    "revenue": 12835000000,
    "revenueEstimated": 13367326943,
    "updatedFromDate": "2025-04-25",
    "fiscalDateEnding": "2022-04-30"
  },
  {
    "date": "2022-02-16",
    "symbol": "CSCO",
    "eps": 0.84,
    "epsEstimated": 0.81,
    "time": "amc",
    "revenue": 12720000000,
    "revenueEstimated": 12663781128,
    "updatedFromDate": "2025-04-25",
    "fiscalDateEnding": "2022-01-29"
  },
  {
    "date": "2021-11-17",
    "symbol": "CSCO",
    "eps": 0.82,
    "epsEstimated": 0.8,
    "time": "amc",
    "revenue": 12900000000,
    "revenueEstimated": 12987300000,
    "updatedFromDate": "2025-04-25",
    "fiscalDateEnding": "2021-10-30"
  },
  {
    "date": "2021-08-18",
    "symbol": "CSCO",
    "eps": 0.84,
    "epsEstimated": 0.82,
    "time": "amc",
    "revenue": 13126000000,
    "revenueEstimated": 12987300000,
    "updatedFromDate": "2025-04-25",
    "fiscalDateEnding": "2021-07-31"
  },
  {
    "date": "2021-05-19",
    "symbol": "CSCO",
    "eps": 0.83,
    "epsEstimated": 0.82,
    "time": "amc",
    "revenue": 12803000000,
    "revenueEstimated": null,
    "updatedFromDate": "2025-04-25",
    "fiscalDateEnding": "2021-05-01"
  },
  {
    "date": "2021-02-09",
    "symbol": "CSCO",
    "eps": 0.79,
    "epsEstimated": 0.76,
    "time": "amc",
    "revenue": 11960000000,
    "revenueEstimated": 11487894736,
    "updatedFromDate": "2025-04-25",
    "fiscalDateEnding": "2021-01-23"
  },
  {
    "date": "2020-11-12",
    "symbol": "CSCO",
    "eps": 0.76,
    "epsEstimated": 0.71,
    "time": "amc",
    "revenue": 11929000000,
    "revenueEstimated": 10906514285,
    "updatedFromDate": "2025-04-25",
    "fiscalDateEnding": "2020-10-24"
  },
  {
    "date": "2020-08-12",
    "symbol": "CSCO",
    "eps": 0.8,
    "epsEstimated": 0.74,
    "time": "amc",
    "revenue": 12154000000,
    "revenueEstimated": 11242450000,
    "updatedFromDate": "2025-04-25",
    "fiscalDateEnding": "2020-07-25"
  },
  {
    "date": "2020-05-13",
    "symbol": "CSCO",
    "eps": 0.79,
    "epsEstimated": 0.69,
    "time": "amc",
    "revenue": 11983000000,
    "revenueEstimated": 10466164556,
    "updatedFromDate": "2025-04-25",
    "fiscalDateEnding": "2020-04-25"
  },
  {
    "date": "2020-02-12",
    "symbol": "CSCO",
    "eps": 0.77,
    "epsEstimated": 0.76,
    "time": "amc",
    "revenue": 12005000000,
    "revenueEstimated": 11849090909,
    "updatedFromDate": "2025-04-25",
    "fiscalDateEnding": "2020-01-25"
  },
  {
    "date": "2019-11-13",
    "symbol": "CSCO",
    "eps": 0.84,
    "epsEstimated": 0.81,
    "time": "amc",
    "revenue": 13159000000,
    "revenueEstimated": 12689035714,
    "updatedFromDate": "2025-04-25",
    "fiscalDateEnding": "2019-10-26"
  },
  {
    "date": "2019-08-14",
    "symbol": "CSCO",
    "eps": 0.83,
    "epsEstimated": 0.82,
    "time": "amc",
    "revenue": 13428000000,
    "revenueEstimated": 13266216867,
    "updatedFromDate": "2025-04-25",
    "fiscalDateEnding": "2019-07-27"
  },
  {
    "date": "2019-05-15",
    "symbol": "CSCO",
    "eps": 0.78,
    "epsEstimated": 0.77,
    "time": "amc",
    "revenue": 12958000000,
    "revenueEstimated": 12791871794,
    "updatedFromDate": "2025-04-25",
    "fiscalDateEnding": "2019-04-27"
  },
  {
    "date": "2019-02-13",
    "symbol": "CSCO",
    "eps": 0.73,
    "epsEstimated": 0.72,
    "time": "amc",
    "revenue": 12446000000,
    "revenueEstimated": 12275506849,
    "updatedFromDate": "2025-04-25",
    "fiscalDateEnding": "2019-01-26"
  },
  {
    "date": "2018-11-14",
    "symbol": "CSCO",
    "eps": 0.75,
    "epsEstimated": 0.72,
    "time": "amc",
    "revenue": 13072000000,
    "revenueEstimated": 12549120000,
    "updatedFromDate": "2025-04-25",
    "fiscalDateEnding": "2018-10-27"
  },
  {
    "date": "2018-08-15",
    "symbol": "CSCO",
    "eps": 0.7,
    "epsEstimated": 0.69,
    "time": "amc",
    "revenue": 12844000000,
    "revenueEstimated": 12660514285,
    "updatedFromDate": "2025-04-25",
    "fiscalDateEnding": "2018-07-28"
  },
  {
    "date": "2018-05-16",
    "symbol": "CSCO",
    "eps": 0.66,
    "epsEstimated": 0.65,
    "time": "amc",
    "revenue": 12463000000,
    "revenueEstimated": 12274166666,
    "updatedFromDate": "2025-04-25",
    "fiscalDateEnding": "2018-04-28"
  },
  {
    "date": "2018-02-14",
    "symbol": "CSCO",
    "eps": 0.63,
    "epsEstimated": 0.59,
    "time": "amc",
    "revenue": 11887000000,
    "revenueEstimated": 11132269841,
    "updatedFromDate": "2025-04-25",
    "fiscalDateEnding": "2018-01-27"
  },
  {
    "date": "2017-11-15",
    "symbol": "CSCO",
    "eps": 0.61,
    "epsEstimated": 0.6,
    "time": "amc",
    "revenue": 12136000000,
    "revenueEstimated": 11937049180,
    "updatedFromDate": "2025-04-25",
    "fiscalDateEnding": "2017-10-28"
  },
  {
    "date": "2017-08-16",
    "symbol": "CSCO",
    "eps": 0.61,
    "epsEstimated": 0.61,
    "time": "amc",
    "revenue": 12133000000,
    "revenueEstimated": 12133000000,
    "updatedFromDate": "2025-04-25",
    "fiscalDateEnding": "2017-07-29"
  },
  {
    "date": "2017-05-17",
    "symbol": "CSCO",
    "eps": 0.6,
    "epsEstimated": 0.58,
    "time": "amc",
    "revenue": 11940000000,
    "revenueEstimated": 11542000000,
    "updatedFromDate": "2025-04-25",
    "fiscalDateEnding": "2017-04-29"
  },
  {
    "date": "2017-02-15",
    "symbol": "CSCO",
    "eps": 0.57,
    "epsEstimated": 0.56,
    "time": "amc",
    "revenue": 11580000000,
    "revenueEstimated": 11376842105,
    "updatedFromDate": "2025-04-25",
    "fiscalDateEnding": "2017-01-28"
  },
  {
    "date": "2016-11-16",
    "symbol": "CSCO",
    "eps": 0.61,
    "epsEstimated": 0.59,
    "time": "amc",
    "revenue": 12352000000,
    "revenueEstimated": 11947016393,
    "updatedFromDate": "2025-04-25",
    "fiscalDateEnding": "2016-10-29"
  },
  {
    "date": "2016-08-17",
    "symbol": "CSCO",
    "eps": 0.63,
    "epsEstimated": 0.6,
    "time": "amc",
    "revenue": 12638000000,
    "revenueEstimated": 12036190476,
    "updatedFromDate": "2025-04-25",
    "fiscalDateEnding": "2016-07-30"
  }
]