[
  {
    "date": "2026-04-27",
    "symbol": "CSGP",
    "eps": null,
    "epsEstimated": null,
    "time": "amc",
    "revenue": null,
    "revenueEstimated": null,
    "updatedFromDate": "2025-09-22",
    "fiscalDateEnding": "2026-03-30"
  },
  {
    "date": "2026-02-16",
    "symbol": "CSGP",
    "eps": null,
    "epsEstimated": null,
    "time": "amc",
    "revenue": null,
    "revenueEstimated": null,
    "updatedFromDate": "2025-09-22",
    "fiscalDateEnding": "2025-12-30"
  },
  {
    "date": "2025-10-28",
    "symbol": "CSGP",
    "eps": null,
    "epsEstimated": 0.19,
    "time": "bmo",
    "revenue": null,
    "revenueEstimated": null,
    "updatedFromDate": "2025-09-22",
    "fiscalDateEnding": "2025-09-30"
  },
  {
    "date": "2025-07-22",
    "symbol": "CSGP",
    "eps": 0.17,
    "epsEstimated": 0.1378,
    "time": "amc",
    "revenue": 781300000,
    "revenueEstimated": 772214187,
    "updatedFromDate": "2025-09-22",
    "fiscalDateEnding": "2025-06-30"
  },
  {
    "date": "2025-04-29",
    "symbol": "CSGP",
    "eps": 0.14,
    "epsEstimated": 0.1147,
    "time": "amc",
    "revenue": 732200000,
    "revenueEstimated": 716791778,
    "updatedFromDate": "2025-07-23",
    "fiscalDateEnding": "2025-03-31"
  },
  {
    "date": "2025-02-18",
    "symbol": "CSGP",
    "eps": 0.26,
    "epsEstimated": 0.22,
    "time": "amc",
    "revenue": 709400000,
    "revenueEstimated": 701011185,
    "updatedFromDate": "2025-05-18",
    "fiscalDateEnding": "2024-12-31"
  },
  {
    "date": "2024-10-22",
    "symbol": "CSGP",
    "eps": 0.22,
    "epsEstimated": 0.1626,
    "time": "amc",
    "revenue": 692600000,
    "revenueEstimated": 695908961,
    "updatedFromDate": "2025-04-16",
    "fiscalDateEnding": "2024-09-30"
  },
  {
    "date": "2024-07-23",
    "symbol": "CSGP",
    "eps": 0.15,
    "epsEstimated": 0.1048,
    "time": "amc",
    "revenue": 677800000,
    "revenueEstimated": 677268143,
    "updatedFromDate": "2025-04-16",
    "fiscalDateEnding": "2024-06-30"
  },
  {
    "date": "2024-04-23",
    "symbol": "CSGP",
    "eps": 0.1,
    "epsEstimated": 0.06621,
    "time": "amc",
    "revenue": 656400000,
    "revenueEstimated": 649509727,
    "updatedFromDate": "2025-04-16",
    "fiscalDateEnding": "2024-03-31"
  },
  {
    "date": "2024-02-20",
    "symbol": "CSGP",
    "eps": 0.33,
    "epsEstimated": 0.32,
    "time": "amc",
    "revenue": 640100000,
    "revenueEstimated": 634250000,
    "updatedFromDate": "2025-04-16",
    "fiscalDateEnding": "2023-12-31"
  },
  {
    "date": "2023-10-24",
    "symbol": "CSGP",
    "eps": 0.3,
    "epsEstimated": 0.3,
    "time": "amc",
    "revenue": 624669000,
    "revenueEstimated": 625870000,
    "updatedFromDate": "2025-04-16",
    "fiscalDateEnding": "2023-09-30"
  },
  {
    "date": "2023-07-25",
    "symbol": "CSGP",
    "eps": 0.31,
    "epsEstimated": 0.3,
    "time": "amc",
    "revenue": 605906000,
    "revenueEstimated": 607200000,
    "updatedFromDate": "2025-04-16",
    "fiscalDateEnding": "2023-06-30"
  },
  {
    "date": "2023-04-25",
    "symbol": "CSGP",
    "eps": 0.29,
    "epsEstimated": 0.25,
    "time": "amc",
    "revenue": 584400000,
    "revenueEstimated": 579380000,
    "updatedFromDate": "2025-04-16",
    "fiscalDateEnding": "2023-03-31"
  },
  {
    "date": "2023-02-21",
    "symbol": "CSGP",
    "eps": 0.38,
    "epsEstimated": 0.36,
    "time": "amc",
    "revenue": 573345000,
    "revenueEstimated": 569737303,
    "updatedFromDate": "2025-04-16",
    "fiscalDateEnding": "2022-12-31"
  },
  {
    "date": "2022-10-25",
    "symbol": "CSGP",
    "eps": 0.3,
    "epsEstimated": 0.24,
    "time": "amc",
    "revenue": 556921000,
    "revenueEstimated": 555645211,
    "updatedFromDate": "2025-04-16",
    "fiscalDateEnding": "2022-09-30"
  },
  {
    "date": "2022-07-26",
    "symbol": "CSGP",
    "eps": 0.28,
    "epsEstimated": 0.21,
    "time": "amc",
    "revenue": 536308000,
    "revenueEstimated": 532203036,
    "updatedFromDate": "2025-04-16",
    "fiscalDateEnding": "2022-06-30"
  },
  {
    "date": "2022-04-26",
    "symbol": "CSGP",
    "eps": 0.31,
    "epsEstimated": 0.28,
    "time": "amc",
    "revenue": 515825000,
    "revenueEstimated": 512475299,
    "updatedFromDate": "2025-04-16",
    "fiscalDateEnding": "2022-03-31"
  },
  {
    "date": "2022-02-22",
    "symbol": "CSGP",
    "eps": 0.35,
    "epsEstimated": 0.29,
    "time": "amc",
    "revenue": 506786000,
    "revenueEstimated": 501282497,
    "updatedFromDate": "2025-04-16",
    "fiscalDateEnding": "2021-12-31"
  },
  {
    "date": "2021-10-26",
    "symbol": "CSGP",
    "eps": 0.25,
    "epsEstimated": 0.23,
    "time": "amc",
    "revenue": 499319000,
    "revenueEstimated": 497470000,
    "updatedFromDate": "2025-04-16",
    "fiscalDateEnding": "2021-09-30"
  },
  {
    "date": "2021-07-27",
    "symbol": "CSGP",
    "eps": 0.26,
    "epsEstimated": 0.23,
    "time": "amc",
    "revenue": 480333000,
    "revenueEstimated": 497470000,
    "updatedFromDate": "2025-04-16",
    "fiscalDateEnding": "2021-06-30"
  },
  {
    "date": "2021-04-27",
    "symbol": "CSGP",
    "eps": 0.28,
    "epsEstimated": 0.24,
    "time": "amc",
    "revenue": 457697000,
    "revenueEstimated": 454030000,
    "updatedFromDate": "2025-04-16",
    "fiscalDateEnding": "2021-03-31"
  },
  {
    "date": "2021-02-23",
    "symbol": "CSGP",
    "eps": 0.29,
    "epsEstimated": 0.24,
    "time": "amc",
    "revenue": 444393000,
    "revenueEstimated": 363259008,
    "updatedFromDate": "2025-04-16",
    "fiscalDateEnding": "2020-12-31"
  },
  {
    "date": "2020-10-27",
    "symbol": "CSGP",
    "eps": 0.23,
    "epsEstimated": 0.21,
    "time": "amc",
    "revenue": 425620000,
    "revenueEstimated": 389837787,
    "updatedFromDate": "2025-04-16",
    "fiscalDateEnding": "2020-09-30"
  },
  {
    "date": "2020-07-28",
    "symbol": "CSGP",
    "eps": 0.23,
    "epsEstimated": 0.2,
    "time": "amc",
    "revenue": 397159000,
    "revenueEstimated": 339452136,
    "updatedFromDate": "2025-04-16",
    "fiscalDateEnding": "2020-06-30"
  },
  {
    "date": "2020-04-28",
    "symbol": "CSGP",
    "eps": 0.24,
    "epsEstimated": 0.23,
    "time": "amc",
    "revenue": 391847000,
    "revenueEstimated": 364546184,
    "updatedFromDate": "2025-04-16",
    "fiscalDateEnding": "2020-03-31"
  },
  {
    "date": "2020-02-25",
    "symbol": "CSGP",
    "eps": 0.28,
    "epsEstimated": 0.26,
    "time": "amc",
    "revenue": 374726000,
    "revenueEstimated": 348149687,
    "updatedFromDate": "2025-04-16",
    "fiscalDateEnding": "2019-12-31"
  },
  {
    "date": "2019-10-22",
    "symbol": "CSGP",
    "eps": 0.26,
    "epsEstimated": 0.25,
    "time": "amc",
    "revenue": 352808000,
    "revenueEstimated": 340642206,
    "updatedFromDate": "2025-04-16",
    "fiscalDateEnding": "2019-09-30"
  },
  {
    "date": "2019-07-23",
    "symbol": "CSGP",
    "eps": 0.22,
    "epsEstimated": 0.2,
    "time": "amc",
    "revenue": 343760000,
    "revenueEstimated": 308304932,
    "updatedFromDate": "2025-04-16",
    "fiscalDateEnding": "2019-06-30"
  },
  {
    "date": "2019-04-23",
    "symbol": "CSGP",
    "eps": 0.25,
    "epsEstimated": 0.24,
    "time": "amc",
    "revenue": 328425000,
    "revenueEstimated": 316741897,
    "updatedFromDate": "2025-04-16",
    "fiscalDateEnding": "2019-03-31"
  },
  {
    "date": "2019-02-26",
    "symbol": "CSGP",
    "eps": 0.28,
    "epsEstimated": 0.25,
    "time": "amc",
    "revenue": 315571000,
    "revenueEstimated": 284126202,
    "updatedFromDate": "2025-04-16",
    "fiscalDateEnding": "2018-12-31"
  },
  {
    "date": "2018-10-23",
    "symbol": "CSGP",
    "eps": 0.22,
    "epsEstimated": 0.21,
    "time": "amc",
    "revenue": 305525000,
    "revenueEstimated": 294209259,
    "updatedFromDate": "2025-04-16",
    "fiscalDateEnding": "2018-09-30"
  },
  {
    "date": "2018-07-24",
    "symbol": "CSGP",
    "eps": 0.17,
    "epsEstimated": 0.13,
    "time": "amc",
    "revenue": 297018000,
    "revenueEstimated": 234393722,
    "updatedFromDate": "2025-04-16",
    "fiscalDateEnding": "2018-06-30"
  },
  {
    "date": "2018-04-23",
    "symbol": "CSGP",
    "eps": 0.17,
    "epsEstimated": 0.14,
    "time": "amc",
    "revenue": 273718000,
    "revenueEstimated": 227268884,
    "updatedFromDate": "2025-04-16",
    "fiscalDateEnding": "2018-03-31"
  },
  {
    "date": "2018-02-21",
    "symbol": "CSGP",
    "eps": 0.13,
    "epsEstimated": 0.12,
    "time": "amc",
    "revenue": 253991000,
    "revenueEstimated": 253991000,
    "updatedFromDate": "2025-04-16",
    "fiscalDateEnding": "2017-12-31"
  },
  {
    "date": "2017-10-25",
    "symbol": "CSGP",
    "eps": 0.14,
    "epsEstimated": 0.11,
    "time": "amc",
    "revenue": 247533000,
    "revenueEstimated": 198377510,
    "updatedFromDate": "2025-04-16",
    "fiscalDateEnding": "2017-09-30"
  },
  {
    "date": "2017-07-26",
    "symbol": "CSGP",
    "eps": 0.09,
    "epsEstimated": 0.06,
    "time": "amc",
    "revenue": 237153000,
    "revenueEstimated": 173728360,
    "updatedFromDate": "2025-04-16",
    "fiscalDateEnding": "2017-06-30"
  },
  {
    "date": "2017-04-26",
    "symbol": "CSGP",
    "eps": 0.11,
    "epsEstimated": 0.09,
    "time": "amc",
    "revenue": 226553000,
    "revenueEstimated": 202818876,
    "updatedFromDate": "2025-04-16",
    "fiscalDateEnding": "2017-03-31"
  },
  {
    "date": "2017-02-22",
    "symbol": "CSGP",
    "eps": 0.13,
    "epsEstimated": 0.13,
    "time": "amc",
    "revenue": 218311000,
    "revenueEstimated": 213234000,
    "updatedFromDate": "2025-04-16",
    "fiscalDateEnding": "2016-12-31"
  },
  {
    "date": "2016-10-26",
    "symbol": "CSGP",
    "eps": 0.11,
    "epsEstimated": 0.1,
    "time": "amc",
    "revenue": 212711000,
    "revenueEstimated": 197380477,
    "updatedFromDate": "2025-04-16",
    "fiscalDateEnding": "2016-09-30"
  },
  {
    "date": "2016-07-27",
    "symbol": "CSGP",
    "eps": 0.09,
    "epsEstimated": 0.08,
    "time": "amc",
    "revenue": 206869000,
    "revenueEstimated": 188682714,
    "updatedFromDate": "2025-04-16",
    "fiscalDateEnding": "2016-06-30"
  }
]