[
  {
    "date": "2026-04-14",
    "symbol": "CSX",
    "eps": null,
    "epsEstimated": null,
    "time": "amc",
    "revenue": null,
    "revenueEstimated": null,
    "updatedFromDate": "2025-10-02",
    "fiscalDateEnding": "2026-03-30"
  },
  {
    "date": "2026-01-21",
    "symbol": "CSX",
    "eps": null,
    "epsEstimated": null,
    "time": "amc",
    "revenue": null,
    "revenueEstimated": null,
    "updatedFromDate": "2025-10-02",
    "fiscalDateEnding": "2025-12-30"
  },
  {
    "date": "2025-10-16",
    "symbol": "CSX",
    "eps": null,
    "epsEstimated": 0.44,
    "time": "amc",
    "revenue": null,
    "revenueEstimated": 3586823920,
    "updatedFromDate": "2025-10-02",
    "fiscalDateEnding": "2025-09-30"
  },
  {
    "date": "2025-07-23",
    "symbol": "CSX",
    "eps": 0.44,
    "epsEstimated": 0.4157,
    "time": "amc",
    "revenue": 3574000000,
    "revenueEstimated": 3576075510,
    "updatedFromDate": "2025-10-02",
    "fiscalDateEnding": "2025-06-30"
  },
  {
    "date": "2025-04-16",
    "symbol": "CSX",
    "eps": 0.34,
    "epsEstimated": 0.365,
    "time": "amc",
    "revenue": 3423000000,
    "revenueEstimated": 3452325378,
    "updatedFromDate": "2025-07-16",
    "fiscalDateEnding": "2025-03-31"
  },
  {
    "date": "2025-01-23",
    "symbol": "CSX",
    "eps": 0.42,
    "epsEstimated": 0.44,
    "time": "amc",
    "revenue": 3539000000,
    "revenueEstimated": 3557748729,
    "updatedFromDate": "2025-04-25",
    "fiscalDateEnding": "2024-12-31"
  },
  {
    "date": "2024-10-16",
    "symbol": "CSX",
    "eps": 0.46,
    "epsEstimated": 0.48,
    "time": "amc",
    "revenue": 3619000000,
    "revenueEstimated": 3675280006,
    "updatedFromDate": "2025-04-25",
    "fiscalDateEnding": "2024-09-30"
  },
  {
    "date": "2024-08-05",
    "symbol": "CSX",
    "eps": 0.49,
    "epsEstimated": 0.48,
    "time": "amc",
    "revenue": 3701000000,
    "revenueEstimated": 3697941910,
    "updatedFromDate": "2025-04-25",
    "fiscalDateEnding": "2024-06-30"
  },
  {
    "date": "2024-04-17",
    "symbol": "CSX",
    "eps": 0.46,
    "epsEstimated": 0.45,
    "time": "amc",
    "revenue": 3681000000,
    "revenueEstimated": 3666841208,
    "updatedFromDate": "2025-04-25",
    "fiscalDateEnding": "2024-03-31"
  },
  {
    "date": "2024-01-24",
    "symbol": "CSX",
    "eps": 0.45,
    "epsEstimated": 0.44,
    "time": "amc",
    "revenue": 3680000000,
    "revenueEstimated": 3626120000,
    "updatedFromDate": "2025-04-25",
    "fiscalDateEnding": "2023-12-31"
  },
  {
    "date": "2023-10-19",
    "symbol": "CSX",
    "eps": 0.42,
    "epsEstimated": 0.43,
    "time": "amc",
    "revenue": 3572000000,
    "revenueEstimated": 3598990000,
    "updatedFromDate": "2025-04-25",
    "fiscalDateEnding": "2023-09-30"
  },
  {
    "date": "2023-07-20",
    "symbol": "CSX",
    "eps": 0.49,
    "epsEstimated": 0.49,
    "time": "amc",
    "revenue": 3699000000,
    "revenueEstimated": 3734740000,
    "updatedFromDate": "2025-04-25",
    "fiscalDateEnding": "2023-06-30"
  },
  {
    "date": "2023-04-20",
    "symbol": "CSX",
    "eps": 0.48,
    "epsEstimated": 0.43,
    "time": "amc",
    "revenue": 3706000000,
    "revenueEstimated": 3586480000,
    "updatedFromDate": "2025-04-25",
    "fiscalDateEnding": "2023-03-31"
  },
  {
    "date": "2023-01-25",
    "symbol": "CSX",
    "eps": 0.47,
    "epsEstimated": 0.46,
    "time": "amc",
    "revenue": 3730000000,
    "revenueEstimated": 3732033961,
    "updatedFromDate": "2025-04-25",
    "fiscalDateEnding": "2022-12-31"
  },
  {
    "date": "2022-10-20",
    "symbol": "CSX",
    "eps": 0.51,
    "epsEstimated": 0.49,
    "time": "amc",
    "revenue": 3895000000,
    "revenueEstimated": 3738717460,
    "updatedFromDate": "2025-04-25",
    "fiscalDateEnding": "2022-09-30"
  },
  {
    "date": "2022-07-20",
    "symbol": "CSX",
    "eps": 0.54,
    "epsEstimated": 0.47,
    "time": "amc",
    "revenue": 3815000000,
    "revenueEstimated": 3655269014,
    "updatedFromDate": "2025-04-25",
    "fiscalDateEnding": "2022-06-30"
  },
  {
    "date": "2022-04-20",
    "symbol": "CSX",
    "eps": 0.39,
    "epsEstimated": 0.37,
    "time": "amc",
    "revenue": 3413000000,
    "revenueEstimated": 3310637285,
    "updatedFromDate": "2025-04-25",
    "fiscalDateEnding": "2022-03-31"
  },
  {
    "date": "2022-01-20",
    "symbol": "CSX",
    "eps": 0.42,
    "epsEstimated": 0.41,
    "time": "amc",
    "revenue": 3427000000,
    "revenueEstimated": 3360390000,
    "updatedFromDate": "2025-04-25",
    "fiscalDateEnding": "2021-12-31"
  },
  {
    "date": "2021-10-20",
    "symbol": "CSX",
    "eps": 0.43,
    "epsEstimated": 0.38,
    "time": "amc",
    "revenue": 3292000000,
    "revenueEstimated": 3138190000,
    "updatedFromDate": "2025-04-25",
    "fiscalDateEnding": "2021-09-30"
  },
  {
    "date": "2021-07-21",
    "symbol": "CSX",
    "eps": 0.39,
    "epsEstimated": 0.37,
    "time": "amc",
    "revenue": 2990000000,
    "revenueEstimated": 3138190000,
    "updatedFromDate": "2025-04-25",
    "fiscalDateEnding": "2021-06-30"
  },
  {
    "date": "2021-04-20",
    "symbol": "CSX",
    "eps": 0.31,
    "epsEstimated": 0.32,
    "time": "amc",
    "revenue": 2813000000,
    "revenueEstimated": 2821460000,
    "updatedFromDate": "2025-04-25",
    "fiscalDateEnding": "2021-03-31"
  },
  {
    "date": "2021-01-21",
    "symbol": "CSX",
    "eps": 0.35,
    "epsEstimated": 0.34,
    "time": "amc",
    "revenue": 2825000000,
    "revenueEstimated": 2712000000,
    "updatedFromDate": "2025-04-25",
    "fiscalDateEnding": "2020-12-31"
  },
  {
    "date": "2020-10-21",
    "symbol": "CSX",
    "eps": 0.32,
    "epsEstimated": 0.31,
    "time": "amc",
    "revenue": 2648000000,
    "revenueEstimated": 2565250000,
    "updatedFromDate": "2025-04-25",
    "fiscalDateEnding": "2020-09-30"
  },
  {
    "date": "2020-07-22",
    "symbol": "CSX",
    "eps": 0.22,
    "epsEstimated": 0.21,
    "time": "amc",
    "revenue": 2255000000,
    "revenueEstimated": 2220307692,
    "updatedFromDate": "2025-04-25",
    "fiscalDateEnding": "2020-06-30"
  },
  {
    "date": "2020-04-22",
    "symbol": "CSX",
    "eps": 0.33,
    "epsEstimated": 0.31,
    "time": "amc",
    "revenue": 2855000000,
    "revenueEstimated": 2683700000,
    "updatedFromDate": "2025-04-25",
    "fiscalDateEnding": "2020-03-31"
  },
  {
    "date": "2020-01-16",
    "symbol": "CSX",
    "eps": 0.33,
    "epsEstimated": 0.32,
    "time": "amc",
    "revenue": 2885000000,
    "revenueEstimated": 2797575757,
    "updatedFromDate": "2025-04-25",
    "fiscalDateEnding": "2019-12-31"
  },
  {
    "date": "2019-10-16",
    "symbol": "CSX",
    "eps": 0.36,
    "epsEstimated": 0.34,
    "time": "amc",
    "revenue": 2978000000,
    "revenueEstimated": 2784981481,
    "updatedFromDate": "2025-04-25",
    "fiscalDateEnding": "2019-09-30"
  },
  {
    "date": "2019-07-16",
    "symbol": "CSX",
    "eps": 0.36,
    "epsEstimated": 0.37,
    "time": "amc",
    "revenue": 3061000000,
    "revenueEstimated": 3146027777,
    "updatedFromDate": "2025-04-25",
    "fiscalDateEnding": "2019-06-30"
  },
  {
    "date": "2019-04-16",
    "symbol": "CSX",
    "eps": 0.34,
    "epsEstimated": 0.3,
    "time": "amc",
    "revenue": 3013000000,
    "revenueEstimated": 2688068627,
    "updatedFromDate": "2025-04-25",
    "fiscalDateEnding": "2019-03-31"
  },
  {
    "date": "2019-01-16",
    "symbol": "CSX",
    "eps": 0.34,
    "epsEstimated": 0.33,
    "time": "amc",
    "revenue": 3143000000,
    "revenueEstimated": 3080762376,
    "updatedFromDate": "2025-04-25",
    "fiscalDateEnding": "2018-12-31"
  },
  {
    "date": "2018-10-16",
    "symbol": "CSX",
    "eps": 0.35,
    "epsEstimated": 0.32,
    "time": "amc",
    "revenue": 3129000000,
    "revenueEstimated": 2830999999,
    "updatedFromDate": "2025-04-25",
    "fiscalDateEnding": "2018-09-30"
  },
  {
    "date": "2018-07-17",
    "symbol": "CSX",
    "eps": 0.34,
    "epsEstimated": 0.29,
    "time": "amc",
    "revenue": 3102000000,
    "revenueEstimated": 2672019801,
    "updatedFromDate": "2025-04-25",
    "fiscalDateEnding": "2018-06-30"
  },
  {
    "date": "2018-04-17",
    "symbol": "CSX",
    "eps": 0.26,
    "epsEstimated": 0.22,
    "time": "amc",
    "revenue": 2876000000,
    "revenueEstimated": 2433538461,
    "updatedFromDate": "2025-04-25",
    "fiscalDateEnding": "2018-03-31"
  },
  {
    "date": "2018-01-16",
    "symbol": "CSX",
    "eps": 0.21,
    "epsEstimated": 0.19,
    "time": "amc",
    "revenue": 2863000000,
    "revenueEstimated": 2505125000,
    "updatedFromDate": "2025-04-25",
    "fiscalDateEnding": "2017-12-31"
  },
  {
    "date": "2017-10-17",
    "symbol": "CSX",
    "eps": 0.17,
    "epsEstimated": 0.17,
    "time": "bmo",
    "revenue": 2743000000,
    "revenueEstimated": 2743000000,
    "updatedFromDate": "2025-04-25",
    "fiscalDateEnding": "2017-09-30"
  },
  {
    "date": "2017-07-18",
    "symbol": "CSX",
    "eps": 0.21,
    "epsEstimated": 0.2,
    "time": "amc",
    "revenue": 2933000000,
    "revenueEstimated": 2703859374,
    "updatedFromDate": "2025-04-25",
    "fiscalDateEnding": "2017-06-30"
  },
  {
    "date": "2017-04-19",
    "symbol": "CSX",
    "eps": 0.17,
    "epsEstimated": 0.14,
    "time": "amc",
    "revenue": 2869000000,
    "revenueEstimated": 2418960784,
    "updatedFromDate": "2025-04-25",
    "fiscalDateEnding": "2017-03-31"
  },
  {
    "date": "2017-01-17",
    "symbol": "CSX",
    "eps": 0.16,
    "epsEstimated": 0.17,
    "time": "amc",
    "revenue": 3037000000,
    "revenueEstimated": 3098979591,
    "updatedFromDate": "2025-04-25",
    "fiscalDateEnding": "2016-12-30"
  },
  {
    "date": "2016-10-12",
    "symbol": "CSX",
    "eps": 0.16,
    "epsEstimated": 0.15,
    "time": "amc",
    "revenue": 2710000000,
    "revenueEstimated": 2540625000,
    "updatedFromDate": "2025-04-25",
    "fiscalDateEnding": "2016-09-23"
  },
  {
    "date": "2016-07-13",
    "symbol": "CSX",
    "eps": 0.16,
    "epsEstimated": 0.15,
    "time": "amc",
    "revenue": 2704000000,
    "revenueEstimated": 2531404255,
    "updatedFromDate": "2025-04-25",
    "fiscalDateEnding": "2016-06-24"
  }
]