[
  {
    "date": "2026-03-24",
    "symbol": "CTAS",
    "eps": null,
    "epsEstimated": null,
    "time": "bmo",
    "revenue": null,
    "revenueEstimated": null,
    "updatedFromDate": "2025-10-02",
    "fiscalDateEnding": "2026-02-28"
  },
  {
    "date": "2025-12-18",
    "symbol": "CTAS",
    "eps": null,
    "epsEstimated": 1.19,
    "time": "bmo",
    "revenue": null,
    "revenueEstimated": 2767933550,
    "updatedFromDate": "2025-10-02",
    "fiscalDateEnding": "2025-11-30"
  },
  {
    "date": "2025-09-24",
    "symbol": "CTAS",
    "eps": 1.2,
    "epsEstimated": 1.19,
    "time": "bmo",
    "revenue": 2718122000,
    "revenueEstimated": 2698466683,
    "updatedFromDate": "2025-10-02",
    "fiscalDateEnding": "2025-08-31"
  },
  {
    "date": "2025-07-17",
    "symbol": "CTAS",
    "eps": 1.09,
    "epsEstimated": 1.07,
    "time": "bmo",
    "revenue": 2667652000,
    "revenueEstimated": 2625995661,
    "updatedFromDate": "2025-10-02",
    "fiscalDateEnding": "2025-05-31"
  },
  {
    "date": "2025-03-26",
    "symbol": "CTAS",
    "eps": 1.13,
    "epsEstimated": 1.07,
    "time": "bmo",
    "revenue": 2609159000,
    "revenueEstimated": 2597190078,
    "updatedFromDate": "2025-06-26",
    "fiscalDateEnding": "2025-02-28"
  },
  {
    "date": "2024-12-19",
    "symbol": "CTAS",
    "eps": 1.09,
    "epsEstimated": 1.01,
    "time": "bmo",
    "revenue": 2561783000,
    "revenueEstimated": 2562058657,
    "updatedFromDate": "2025-04-25",
    "fiscalDateEnding": "2024-11-30"
  },
  {
    "date": "2024-09-25",
    "symbol": "CTAS",
    "eps": 1.1,
    "epsEstimated": 0.95,
    "time": "bmo",
    "revenue": 2501587000,
    "revenueEstimated": 2493867207,
    "updatedFromDate": "2025-04-25",
    "fiscalDateEnding": "2024-08-31"
  },
  {
    "date": "2024-07-18",
    "symbol": "CTAS",
    "eps": 1,
    "epsEstimated": 0.949,
    "time": "bmo",
    "revenue": 2470935000,
    "revenueEstimated": 2468706558,
    "updatedFromDate": "2025-04-25",
    "fiscalDateEnding": "2024-05-31"
  },
  {
    "date": "2024-03-27",
    "symbol": "CTAS",
    "eps": 0.96,
    "epsEstimated": 3.58,
    "time": "bmo",
    "revenue": 2406173000,
    "revenueEstimated": 2389649539,
    "updatedFromDate": "2025-04-25",
    "fiscalDateEnding": "2024-02-29"
  },
  {
    "date": "2023-12-21",
    "symbol": "CTAS",
    "eps": 0.9,
    "epsEstimated": 0.87,
    "time": "bmo",
    "revenue": 2377177000,
    "revenueEstimated": 2380460000,
    "updatedFromDate": "2025-04-25",
    "fiscalDateEnding": "2023-11-30"
  },
  {
    "date": "2023-09-26",
    "symbol": "CTAS",
    "eps": 0.93,
    "epsEstimated": 0.91,
    "time": "bmo",
    "revenue": 2342330000,
    "revenueEstimated": 2335620000,
    "updatedFromDate": "2025-04-25",
    "fiscalDateEnding": "2023-08-31"
  },
  {
    "date": "2023-07-13",
    "symbol": "CTAS",
    "eps": 0.83,
    "epsEstimated": 0.8,
    "time": "bmo",
    "revenue": 2284471000,
    "revenueEstimated": 2255060000,
    "updatedFromDate": "2025-04-25",
    "fiscalDateEnding": "2023-05-31"
  },
  {
    "date": "2023-03-29",
    "symbol": "CTAS",
    "eps": 0.79,
    "epsEstimated": 0.75,
    "time": "bmo",
    "revenue": 2189986000,
    "revenueEstimated": 2255340000,
    "updatedFromDate": "2025-04-25",
    "fiscalDateEnding": "2023-02-28"
  },
  {
    "date": "2022-12-21",
    "symbol": "CTAS",
    "eps": 0.78,
    "epsEstimated": 0.76,
    "time": "bmo",
    "revenue": 2174858000,
    "revenueEstimated": 2126767422,
    "updatedFromDate": "2025-04-25",
    "fiscalDateEnding": "2022-11-30"
  },
  {
    "date": "2022-09-28",
    "symbol": "CTAS",
    "eps": 0.85,
    "epsEstimated": 0.79,
    "time": "bmo",
    "revenue": 2166454000,
    "revenueEstimated": 2084184458,
    "updatedFromDate": "2025-04-25",
    "fiscalDateEnding": "2022-08-31"
  },
  {
    "date": "2022-07-14",
    "symbol": "CTAS",
    "eps": 0.7,
    "epsEstimated": 0.67,
    "time": "bmo",
    "revenue": 2074686000,
    "revenueEstimated": 2007188049,
    "updatedFromDate": "2025-04-25",
    "fiscalDateEnding": "2022-05-31"
  },
  {
    "date": "2022-03-23",
    "symbol": "CTAS",
    "eps": 0.67,
    "epsEstimated": 0.62,
    "time": "bmo",
    "revenue": 1960542000,
    "revenueEstimated": 1905734056,
    "updatedFromDate": "2025-04-25",
    "fiscalDateEnding": "2022-02-28"
  },
  {
    "date": "2021-12-22",
    "symbol": "CTAS",
    "eps": 0.69,
    "epsEstimated": 0.66,
    "time": "bmo",
    "revenue": 1922281000,
    "revenueEstimated": 1902520000,
    "updatedFromDate": "2025-04-25",
    "fiscalDateEnding": "2021-11-30"
  },
  {
    "date": "2021-09-29",
    "symbol": "CTAS",
    "eps": 0.78,
    "epsEstimated": 0.69,
    "time": "bmo",
    "revenue": 1896950000,
    "revenueEstimated": 1648622000,
    "updatedFromDate": "2025-04-25",
    "fiscalDateEnding": "2021-08-31"
  },
  {
    "date": "2021-07-15",
    "symbol": "CTAS",
    "eps": 0.62,
    "epsEstimated": 0.58,
    "time": "bmo",
    "revenue": 1835661000,
    "revenueEstimated": 1822510000,
    "updatedFromDate": "2025-04-25",
    "fiscalDateEnding": "2021-05-31"
  },
  {
    "date": "2021-03-17",
    "symbol": "CTAS",
    "eps": 0.59,
    "epsEstimated": 0.55,
    "time": "bmo",
    "revenue": 1777056000,
    "revenueEstimated": 1338203147,
    "updatedFromDate": "2025-04-25",
    "fiscalDateEnding": "2021-02-28"
  },
  {
    "date": "2020-12-22",
    "symbol": "CTAS",
    "eps": 0.66,
    "epsEstimated": 0.55,
    "time": "bmo",
    "revenue": 1757048000,
    "revenueEstimated": null,
    "updatedFromDate": "2025-04-25",
    "fiscalDateEnding": "2020-11-30"
  },
  {
    "date": "2020-09-23",
    "symbol": "CTAS",
    "eps": 0.7,
    "epsEstimated": 0.54,
    "time": "bmo",
    "revenue": 1746575000,
    "revenueEstimated": null,
    "updatedFromDate": "2025-04-25",
    "fiscalDateEnding": "2020-08-31"
  },
  {
    "date": "2020-07-23",
    "symbol": "CTAS",
    "eps": 0.34,
    "epsEstimated": 0.31,
    "time": "bmo",
    "revenue": 1619584000,
    "revenueEstimated": 1451627140,
    "updatedFromDate": "2025-04-25",
    "fiscalDateEnding": "2020-05-31"
  },
  {
    "date": "2020-03-19",
    "symbol": "CTAS",
    "eps": 0.54,
    "epsEstimated": 0.51,
    "time": "amc",
    "revenue": 1810648000,
    "revenueEstimated": 1693291185,
    "updatedFromDate": "2025-04-25",
    "fiscalDateEnding": "2020-02-29"
  },
  {
    "date": "2019-12-17",
    "symbol": "CTAS",
    "eps": 0.57,
    "epsEstimated": 0.51,
    "time": "amc",
    "revenue": 1843749000,
    "revenueEstimated": 1625768822,
    "updatedFromDate": "2025-04-25",
    "fiscalDateEnding": "2019-11-30"
  },
  {
    "date": "2019-09-24",
    "symbol": "CTAS",
    "eps": 0.58,
    "epsEstimated": 0.54,
    "time": "amc",
    "revenue": 1811139000,
    "revenueEstimated": 1678426228,
    "updatedFromDate": "2025-04-25",
    "fiscalDateEnding": "2019-08-31"
  },
  {
    "date": "2019-07-16",
    "symbol": "CTAS",
    "eps": 0.52,
    "epsEstimated": 0.49,
    "time": "amc",
    "revenue": 1793730000,
    "revenueEstimated": 1672414927,
    "updatedFromDate": "2025-04-25",
    "fiscalDateEnding": "2019-05-31"
  },
  {
    "date": "2019-03-21",
    "symbol": "CTAS",
    "eps": 0.46,
    "epsEstimated": 0.43,
    "time": "amc",
    "revenue": 1682330000,
    "revenueEstimated": 1563469728,
    "updatedFromDate": "2025-04-25",
    "fiscalDateEnding": "2019-02-28"
  },
  {
    "date": "2018-12-20",
    "symbol": "CTAS",
    "eps": 0.44,
    "epsEstimated": 0.43,
    "time": "amc",
    "revenue": 1718268000,
    "revenueEstimated": 1657623247,
    "updatedFromDate": "2025-04-25",
    "fiscalDateEnding": "2018-11-30"
  },
  {
    "date": "2018-09-25",
    "symbol": "CTAS",
    "eps": 0.48,
    "epsEstimated": 0.45,
    "time": "amc",
    "revenue": 1697975000,
    "revenueEstimated": 1592424870,
    "updatedFromDate": "2025-04-25",
    "fiscalDateEnding": "2018-08-31"
  },
  {
    "date": "2018-07-19",
    "symbol": "CTAS",
    "eps": 0.44,
    "epsEstimated": 0.42,
    "time": "amc",
    "revenue": 1669550000,
    "revenueEstimated": 1575272316,
    "updatedFromDate": "2025-04-25",
    "fiscalDateEnding": "2018-05-31"
  },
  {
    "date": "2018-03-22",
    "symbol": "CTAS",
    "eps": 0.34,
    "epsEstimated": 0.31,
    "time": "amc",
    "revenue": 1589138000,
    "revenueEstimated": 1473107299,
    "updatedFromDate": "2025-04-25",
    "fiscalDateEnding": "2018-02-28"
  },
  {
    "date": "2017-12-21",
    "symbol": "CTAS",
    "eps": 0.33,
    "epsEstimated": 0.32,
    "time": "amc",
    "revenue": 1606441000,
    "revenueEstimated": 1555844433,
    "updatedFromDate": "2025-04-25",
    "fiscalDateEnding": "2017-11-30"
  },
  {
    "date": "2017-09-26",
    "symbol": "CTAS",
    "eps": 0.37,
    "epsEstimated": 0.32,
    "time": "amc",
    "revenue": 1611503000,
    "revenueEstimated": 1415506756,
    "updatedFromDate": "2025-04-25",
    "fiscalDateEnding": "2017-08-31"
  },
  {
    "date": "2017-07-20",
    "symbol": "CTAS",
    "eps": 0.3,
    "epsEstimated": 0.27,
    "time": "amc",
    "revenue": 1530287000,
    "revenueEstimated": 2244440000,
    "updatedFromDate": "2025-04-25",
    "fiscalDateEnding": "2017-05-31"
  },
  {
    "date": "2017-03-22",
    "symbol": "CTAS",
    "eps": 0.28,
    "epsEstimated": 0.27,
    "time": "amc",
    "revenue": 1281135000,
    "revenueEstimated": 1243775925,
    "updatedFromDate": "2025-04-25",
    "fiscalDateEnding": "2017-02-28"
  },
  {
    "date": "2016-12-22",
    "symbol": "CTAS",
    "eps": 0.29,
    "epsEstimated": 0.29,
    "time": "amc",
    "revenue": 1296923000,
    "revenueEstimated": 1319478182,
    "updatedFromDate": "2025-04-25",
    "fiscalDateEnding": "2016-11-30"
  },
  {
    "date": "2016-09-27",
    "symbol": "CTAS",
    "eps": 0.28,
    "epsEstimated": 0.27,
    "time": "amc",
    "revenue": 1294130000,
    "revenueEstimated": 1095796031,
    "updatedFromDate": "2025-04-25",
    "fiscalDateEnding": "2016-08-31"
  },
  {
    "date": "2016-07-19",
    "symbol": "CTAS",
    "eps": 0.27,
    "epsEstimated": 0.26,
    "time": "amc",
    "revenue": 1271405000,
    "revenueEstimated": 1075648148,
    "updatedFromDate": "2025-04-25",
    "fiscalDateEnding": "2016-05-31"
  }
]