[
  {
    "date": "2026-05-04",
    "symbol": "CTRA",
    "eps": null,
    "epsEstimated": null,
    "time": "amc",
    "revenue": null,
    "revenueEstimated": null,
    "updatedFromDate": "2025-10-02",
    "fiscalDateEnding": "2026-03-30"
  },
  {
    "date": "2026-02-23",
    "symbol": "CTRA",
    "eps": null,
    "epsEstimated": null,
    "time": "amc",
    "revenue": null,
    "revenueEstimated": null,
    "updatedFromDate": "2025-10-02",
    "fiscalDateEnding": "2025-12-30"
  },
  {
    "date": "2025-10-30",
    "symbol": "CTRA",
    "eps": null,
    "epsEstimated": 0.51,
    "time": "bmo",
    "revenue": null,
    "revenueEstimated": 1828169340,
    "updatedFromDate": "2025-10-02",
    "fiscalDateEnding": "2025-09-30"
  },
  {
    "date": "2025-08-04",
    "symbol": "CTRA",
    "eps": 0.48,
    "epsEstimated": 0.4511,
    "time": "amc",
    "revenue": 1733000000,
    "revenueEstimated": 1692517906,
    "updatedFromDate": "2025-10-02",
    "fiscalDateEnding": "2025-06-30"
  },
  {
    "date": "2025-05-05",
    "symbol": "CTRA",
    "eps": 0.8,
    "epsEstimated": 0.809,
    "time": "amc",
    "revenue": 924000000,
    "revenueEstimated": 1989040606,
    "updatedFromDate": "2025-08-04",
    "fiscalDateEnding": "2025-03-31"
  },
  {
    "date": "2025-02-24",
    "symbol": "CTRA",
    "eps": 0.49,
    "epsEstimated": 0.4329,
    "time": "amc",
    "revenue": 1395000000,
    "revenueEstimated": 1409337848,
    "updatedFromDate": "2025-05-24",
    "fiscalDateEnding": "2024-12-31"
  },
  {
    "date": "2024-10-31",
    "symbol": "CTRA",
    "eps": 0.32,
    "epsEstimated": 0.34,
    "time": "amc",
    "revenue": 1359000000,
    "revenueEstimated": 1284102799,
    "updatedFromDate": "2025-04-25",
    "fiscalDateEnding": "2024-09-30"
  },
  {
    "date": "2024-08-01",
    "symbol": "CTRA",
    "eps": 0.37,
    "epsEstimated": 0.39,
    "time": "amc",
    "revenue": 1299000000,
    "revenueEstimated": 1322946243,
    "updatedFromDate": "2025-04-25",
    "fiscalDateEnding": "2024-06-30"
  },
  {
    "date": "2024-05-02",
    "symbol": "CTRA",
    "eps": 0.51,
    "epsEstimated": 0.41,
    "time": "amc",
    "revenue": 1365000000,
    "revenueEstimated": 1385233500,
    "updatedFromDate": "2025-04-25",
    "fiscalDateEnding": "2024-03-31"
  },
  {
    "date": "2024-02-22",
    "symbol": "CTRA",
    "eps": 0.52,
    "epsEstimated": 0.55,
    "time": "amc",
    "revenue": 1429000000,
    "revenueEstimated": 1528380000,
    "updatedFromDate": "2025-04-25",
    "fiscalDateEnding": "2023-12-31"
  },
  {
    "date": "2023-11-06",
    "symbol": "CTRA",
    "eps": 0.5,
    "epsEstimated": 0.44,
    "time": "amc",
    "revenue": 1356000000,
    "revenueEstimated": 1364730000,
    "updatedFromDate": "2025-04-25",
    "fiscalDateEnding": "2023-09-30"
  },
  {
    "date": "2023-08-07",
    "symbol": "CTRA",
    "eps": 0.39,
    "epsEstimated": 0.36,
    "time": "amc",
    "revenue": 1185000000,
    "revenueEstimated": 1401140000,
    "updatedFromDate": "2025-04-25",
    "fiscalDateEnding": "2023-06-30"
  },
  {
    "date": "2023-05-04",
    "symbol": "CTRA",
    "eps": 0.87,
    "epsEstimated": 0.7,
    "time": "amc",
    "revenue": 1777000000,
    "revenueEstimated": 1613410000,
    "updatedFromDate": "2025-04-25",
    "fiscalDateEnding": "2023-03-31"
  },
  {
    "date": "2023-02-22",
    "symbol": "CTRA",
    "eps": 1.16,
    "epsEstimated": 1.1,
    "time": "amc",
    "revenue": 2280000000,
    "revenueEstimated": 2069554107,
    "updatedFromDate": "2025-04-25",
    "fiscalDateEnding": "2022-12-31"
  },
  {
    "date": "2022-11-03",
    "symbol": "CTRA",
    "eps": 1.42,
    "epsEstimated": 1.37,
    "time": "amc",
    "revenue": 2520000000,
    "revenueEstimated": 2395166213,
    "updatedFromDate": "2025-04-25",
    "fiscalDateEnding": "2022-09-30"
  },
  {
    "date": "2022-08-02",
    "symbol": "CTRA",
    "eps": 1.35,
    "epsEstimated": 1.23,
    "time": "amc",
    "revenue": 2572000000,
    "revenueEstimated": 2238539103,
    "updatedFromDate": "2025-04-25",
    "fiscalDateEnding": "2022-06-30"
  },
  {
    "date": "2022-05-02",
    "symbol": "CTRA",
    "eps": 1.01,
    "epsEstimated": 0.81,
    "time": "amc",
    "revenue": 1679000000,
    "revenueEstimated": 1795526325,
    "updatedFromDate": "2025-04-25",
    "fiscalDateEnding": "2022-03-31"
  },
  {
    "date": "2022-02-23",
    "symbol": "CTRA",
    "eps": 0.83,
    "epsEstimated": 1.02,
    "time": "amc",
    "revenue": 2225000000,
    "revenueEstimated": 1852436423,
    "updatedFromDate": "2025-04-25",
    "fiscalDateEnding": "2021-12-31"
  },
  {
    "date": "2021-11-03",
    "symbol": "CTRA",
    "eps": 0.52,
    "epsEstimated": 0.53,
    "time": "bmo",
    "revenue": 440396000,
    "revenueEstimated": 449031215,
    "updatedFromDate": "2025-04-25",
    "fiscalDateEnding": "2021-09-30"
  },
  {
    "date": "2021-07-30",
    "symbol": "CTRA",
    "eps": 0.26,
    "epsEstimated": 0.28,
    "time": "amc",
    "revenue": 324667000,
    "revenueEstimated": null,
    "updatedFromDate": "2025-04-25",
    "fiscalDateEnding": "2021-06-30"
  },
  {
    "date": "2021-04-29",
    "symbol": "CTRA",
    "eps": 0.38,
    "epsEstimated": 0.36,
    "time": "amc",
    "revenue": 459680000,
    "revenueEstimated": null,
    "updatedFromDate": "2025-04-25",
    "fiscalDateEnding": "2021-03-31"
  },
  {
    "date": "2021-02-23",
    "symbol": "CTRA",
    "eps": 0.26,
    "epsEstimated": 0.21,
    "time": "amc",
    "revenue": 456778000,
    "revenueEstimated": null,
    "updatedFromDate": "2025-04-25",
    "fiscalDateEnding": "2020-12-31"
  },
  {
    "date": "2020-10-29",
    "symbol": "CTRA",
    "eps": 0.09,
    "epsEstimated": 0.07,
    "time": "bmo",
    "revenue": 291041000,
    "revenueEstimated": 307108562,
    "updatedFromDate": "2025-04-25",
    "fiscalDateEnding": "2020-09-30"
  },
  {
    "date": "2020-07-30",
    "symbol": "CTRA",
    "eps": 0.05,
    "epsEstimated": 0.02018,
    "time": "bmo",
    "revenue": 332348000,
    "revenueEstimated": 105331838,
    "updatedFromDate": "2025-04-25",
    "fiscalDateEnding": "2020-06-30"
  },
  {
    "date": "2020-04-30",
    "symbol": "CTRA",
    "eps": 0.14,
    "epsEstimated": 0.13,
    "time": "bmo",
    "revenue": 386457000,
    "revenueEstimated": 347449816,
    "updatedFromDate": "2025-04-25",
    "fiscalDateEnding": "2020-03-31"
  },
  {
    "date": "2020-02-20",
    "symbol": "CTRA",
    "eps": 0.3,
    "epsEstimated": 0.3,
    "time": "bmo",
    "revenue": 461368000,
    "revenueEstimated": 281150630,
    "updatedFromDate": "2025-04-25",
    "fiscalDateEnding": "2019-12-31"
  },
  {
    "date": "2019-10-24",
    "symbol": "CTRA",
    "eps": 0.29,
    "epsEstimated": 0.27,
    "time": "bmo",
    "revenue": 429111000,
    "revenueEstimated": 195189694,
    "updatedFromDate": "2025-04-25",
    "fiscalDateEnding": "2019-09-30"
  },
  {
    "date": "2019-07-26",
    "symbol": "CTRA",
    "eps": 0.36,
    "epsEstimated": 0.34,
    "time": "bmo",
    "revenue": 534117000,
    "revenueEstimated": 829444384,
    "updatedFromDate": "2025-04-25",
    "fiscalDateEnding": "2019-06-30"
  },
  {
    "date": "2019-04-26",
    "symbol": "CTRA",
    "eps": 0.73,
    "epsEstimated": 0.63,
    "time": "bmo",
    "revenue": 641681000,
    "revenueEstimated": 11664533100,
    "updatedFromDate": "2025-04-25",
    "fiscalDateEnding": "2019-03-31"
  },
  {
    "date": "2019-02-22",
    "symbol": "CTRA",
    "eps": 0.55,
    "epsEstimated": 0.58,
    "time": "bmo",
    "revenue": 716301000,
    "revenueEstimated": null,
    "updatedFromDate": "2025-04-25",
    "fiscalDateEnding": "2018-12-31"
  },
  {
    "date": "2018-10-26",
    "symbol": "CTRA",
    "eps": 0.25,
    "epsEstimated": 0.28,
    "time": "bmo",
    "revenue": 545173000,
    "revenueEstimated": 682224889,
    "updatedFromDate": "2025-04-25",
    "fiscalDateEnding": "2018-09-30"
  },
  {
    "date": "2018-07-27",
    "symbol": "CTRA",
    "eps": 0.13,
    "epsEstimated": 0.19,
    "time": "bmo",
    "revenue": 453447000,
    "revenueEstimated": 307630413,
    "updatedFromDate": "2025-04-25",
    "fiscalDateEnding": "2018-06-30"
  },
  {
    "date": "2018-04-27",
    "symbol": "CTRA",
    "eps": 0.28,
    "epsEstimated": 0.27,
    "time": "bmo",
    "revenue": 473227000,
    "revenueEstimated": 407817244,
    "updatedFromDate": "2025-04-25",
    "fiscalDateEnding": "2018-03-31"
  },
  {
    "date": "2018-02-23",
    "symbol": "CTRA",
    "eps": 0.13,
    "epsEstimated": 0.11,
    "time": "bmo",
    "revenue": 400503000,
    "revenueEstimated": null,
    "updatedFromDate": "2025-04-25",
    "fiscalDateEnding": "2017-12-31"
  },
  {
    "date": "2017-10-27",
    "symbol": "CTRA",
    "eps": 0.07,
    "epsEstimated": 0.07,
    "time": "bmo",
    "revenue": 385416000,
    "revenueEstimated": 525540382,
    "updatedFromDate": "2025-04-25",
    "fiscalDateEnding": "2017-09-30"
  },
  {
    "date": "2017-07-27",
    "symbol": "CTRA",
    "eps": 0.14,
    "epsEstimated": 0.15,
    "time": "bmo",
    "revenue": 460457000,
    "revenueEstimated": 733280271,
    "updatedFromDate": "2025-04-25",
    "fiscalDateEnding": "2017-06-30"
  },
  {
    "date": "2017-04-28",
    "symbol": "CTRA",
    "eps": 0.19,
    "epsEstimated": 0.16,
    "time": "bmo",
    "revenue": 517843000,
    "revenueEstimated": null,
    "updatedFromDate": "2025-04-25",
    "fiscalDateEnding": "2017-03-31"
  },
  {
    "date": "2017-02-24",
    "symbol": "CTRA",
    "eps": -0.62939,
    "epsEstimated": null,
    "time": "amc",
    "revenue": 316491000,
    "revenueEstimated": null,
    "updatedFromDate": "2025-04-25",
    "fiscalDateEnding": "2016-12-31"
  },
  {
    "date": "2016-10-28",
    "symbol": "CTRA",
    "eps": -0.04,
    "epsEstimated": -0.0378,
    "time": "bmo",
    "revenue": 310429000,
    "revenueEstimated": null,
    "updatedFromDate": "2025-04-25",
    "fiscalDateEnding": "2016-09-30"
  },
  {
    "date": "2016-07-29",
    "symbol": "CTRA",
    "eps": -0.07,
    "epsEstimated": -0.08,
    "time": "bmo",
    "revenue": 246816000,
    "revenueEstimated": null,
    "updatedFromDate": "2025-04-25",
    "fiscalDateEnding": "2016-06-30"
  }
]