[
  {
    "date": "2026-04-28",
    "symbol": "CTSH",
    "eps": null,
    "epsEstimated": null,
    "time": "amc",
    "revenue": null,
    "revenueEstimated": null,
    "updatedFromDate": "2025-10-01",
    "fiscalDateEnding": "2026-03-30"
  },
  {
    "date": "2026-02-03",
    "symbol": "CTSH",
    "eps": null,
    "epsEstimated": null,
    "time": "amc",
    "revenue": null,
    "revenueEstimated": null,
    "updatedFromDate": "2025-10-01",
    "fiscalDateEnding": "2025-12-30"
  },
  {
    "date": "2025-10-29",
    "symbol": "CTSH",
    "eps": null,
    "epsEstimated": 1.29,
    "time": "bmo",
    "revenue": null,
    "revenueEstimated": 5315847620,
    "updatedFromDate": "2025-10-01",
    "fiscalDateEnding": "2025-09-30"
  },
  {
    "date": "2025-07-30",
    "symbol": "CTSH",
    "eps": 1.31,
    "epsEstimated": 1.26,
    "time": "amc",
    "revenue": 5245000000,
    "revenueEstimated": 5187268053,
    "updatedFromDate": "2025-10-01",
    "fiscalDateEnding": "2025-06-30"
  },
  {
    "date": "2025-04-30",
    "symbol": "CTSH",
    "eps": 1.23,
    "epsEstimated": 1.2,
    "time": "amc",
    "revenue": 5115000000,
    "revenueEstimated": 5063932722,
    "updatedFromDate": "2025-07-30",
    "fiscalDateEnding": "2025-03-31"
  },
  {
    "date": "2025-02-05",
    "symbol": "CTSH",
    "eps": 1.21,
    "epsEstimated": 1.12,
    "time": "amc",
    "revenue": 5082000000,
    "revenueEstimated": 5070401234,
    "updatedFromDate": "2025-05-05",
    "fiscalDateEnding": "2024-12-31"
  },
  {
    "date": "2024-10-30",
    "symbol": "CTSH",
    "eps": 1.25,
    "epsEstimated": 1.15,
    "time": "amc",
    "revenue": 5044000000,
    "revenueEstimated": 4993817579,
    "updatedFromDate": "2025-04-25",
    "fiscalDateEnding": "2024-09-30"
  },
  {
    "date": "2024-07-31",
    "symbol": "CTSH",
    "eps": 1.17,
    "epsEstimated": 1.12,
    "time": "amc",
    "revenue": 4850000000,
    "revenueEstimated": 4802092700,
    "updatedFromDate": "2025-04-25",
    "fiscalDateEnding": "2024-06-30"
  },
  {
    "date": "2024-05-01",
    "symbol": "CTSH",
    "eps": 1.12,
    "epsEstimated": 1.11,
    "time": "amc",
    "revenue": 4760000000,
    "revenueEstimated": 4718765705,
    "updatedFromDate": "2025-04-25",
    "fiscalDateEnding": "2024-03-31"
  },
  {
    "date": "2024-02-06",
    "symbol": "CTSH",
    "eps": 1.18,
    "epsEstimated": 1.04,
    "time": "amc",
    "revenue": 4758000000,
    "revenueEstimated": 4760899316,
    "updatedFromDate": "2025-04-25",
    "fiscalDateEnding": "2023-12-31"
  },
  {
    "date": "2023-11-01",
    "symbol": "CTSH",
    "eps": 1.16,
    "epsEstimated": 1.09,
    "time": "amc",
    "revenue": 4897000000,
    "revenueEstimated": 4911290000,
    "updatedFromDate": "2025-04-25",
    "fiscalDateEnding": "2023-09-30"
  },
  {
    "date": "2023-08-02",
    "symbol": "CTSH",
    "eps": 1.1,
    "epsEstimated": 0.99,
    "time": "amc",
    "revenue": 4886000000,
    "revenueEstimated": 4837140000,
    "updatedFromDate": "2025-04-25",
    "fiscalDateEnding": "2023-06-30"
  },
  {
    "date": "2023-05-03",
    "symbol": "CTSH",
    "eps": 1.11,
    "epsEstimated": 1.04,
    "time": "amc",
    "revenue": 4812000000,
    "revenueEstimated": 4733170000,
    "updatedFromDate": "2025-04-25",
    "fiscalDateEnding": "2023-03-31"
  },
  {
    "date": "2023-02-02",
    "symbol": "CTSH",
    "eps": 1.01,
    "epsEstimated": 1.02,
    "time": "amc",
    "revenue": 4839000000,
    "revenueEstimated": 4778976358,
    "updatedFromDate": "2025-04-25",
    "fiscalDateEnding": "2022-12-31"
  },
  {
    "date": "2022-11-02",
    "symbol": "CTSH",
    "eps": 1.17,
    "epsEstimated": 1.16,
    "time": "amc",
    "revenue": 4857000000,
    "revenueEstimated": 4983486400,
    "updatedFromDate": "2025-04-25",
    "fiscalDateEnding": "2022-09-30"
  },
  {
    "date": "2022-07-27",
    "symbol": "CTSH",
    "eps": 1.14,
    "epsEstimated": 1.08,
    "time": "amc",
    "revenue": 4906000000,
    "revenueEstimated": 4913317632,
    "updatedFromDate": "2025-04-25",
    "fiscalDateEnding": "2022-06-30"
  },
  {
    "date": "2022-05-04",
    "symbol": "CTSH",
    "eps": 1.08,
    "epsEstimated": 1.04,
    "time": "amc",
    "revenue": 4826000000,
    "revenueEstimated": 4824949778,
    "updatedFromDate": "2025-04-25",
    "fiscalDateEnding": "2022-03-31"
  },
  {
    "date": "2022-02-02",
    "symbol": "CTSH",
    "eps": 1.1,
    "epsEstimated": 1.04,
    "time": "amc",
    "revenue": 4777000000,
    "revenueEstimated": 4775701587,
    "updatedFromDate": "2025-04-25",
    "fiscalDateEnding": "2021-12-31"
  },
  {
    "date": "2021-10-27",
    "symbol": "CTSH",
    "eps": 1.06,
    "epsEstimated": 1.05,
    "time": "amc",
    "revenue": 4744000000,
    "revenueEstimated": 4712470000,
    "updatedFromDate": "2025-04-25",
    "fiscalDateEnding": "2021-09-30"
  },
  {
    "date": "2021-07-28",
    "symbol": "CTSH",
    "eps": 0.99,
    "epsEstimated": 0.96,
    "time": "amc",
    "revenue": 4585000000,
    "revenueEstimated": 4712470000,
    "updatedFromDate": "2025-04-25",
    "fiscalDateEnding": "2021-06-30"
  },
  {
    "date": "2021-05-05",
    "symbol": "CTSH",
    "eps": 0.97,
    "epsEstimated": 0.94,
    "time": "amc",
    "revenue": 4401000000,
    "revenueEstimated": 4358390000,
    "updatedFromDate": "2025-04-25",
    "fiscalDateEnding": "2021-03-31"
  },
  {
    "date": "2021-02-03",
    "symbol": "CTSH",
    "eps": 0.67,
    "epsEstimated": 0.9,
    "time": "amc",
    "revenue": 4184000000,
    "revenueEstimated": 5253244444,
    "updatedFromDate": "2025-04-25",
    "fiscalDateEnding": "2020-12-31"
  },
  {
    "date": "2020-10-28",
    "symbol": "CTSH",
    "eps": 0.97,
    "epsEstimated": 0.9,
    "time": "amc",
    "revenue": 4243000000,
    "revenueEstimated": 3980546391,
    "updatedFromDate": "2025-04-25",
    "fiscalDateEnding": "2020-09-30"
  },
  {
    "date": "2020-07-29",
    "symbol": "CTSH",
    "eps": 0.82,
    "epsEstimated": 0.69,
    "time": "amc",
    "revenue": 4000000000,
    "revenueEstimated": 3365853658,
    "updatedFromDate": "2025-04-25",
    "fiscalDateEnding": "2020-06-30"
  },
  {
    "date": "2020-05-07",
    "symbol": "CTSH",
    "eps": 0.96,
    "epsEstimated": 0.92,
    "time": "amc",
    "revenue": 4225000000,
    "revenueEstimated": 4048958333,
    "updatedFromDate": "2025-04-25",
    "fiscalDateEnding": "2020-03-31"
  },
  {
    "date": "2020-02-05",
    "symbol": "CTSH",
    "eps": 1.07,
    "epsEstimated": 1.04,
    "time": "amc",
    "revenue": 4284000000,
    "revenueEstimated": 4163887850,
    "updatedFromDate": "2025-04-25",
    "fiscalDateEnding": "2019-12-31"
  },
  {
    "date": "2019-10-30",
    "symbol": "CTSH",
    "eps": 1.08,
    "epsEstimated": 1.05,
    "time": "amc",
    "revenue": 4248000000,
    "revenueEstimated": 4130000000,
    "updatedFromDate": "2025-04-25",
    "fiscalDateEnding": "2019-09-30"
  },
  {
    "date": "2019-07-31",
    "symbol": "CTSH",
    "eps": 0.94,
    "epsEstimated": 0.92,
    "time": "amc",
    "revenue": 4141000000,
    "revenueEstimated": 4052893617,
    "updatedFromDate": "2025-04-25",
    "fiscalDateEnding": "2019-06-30"
  },
  {
    "date": "2019-05-02",
    "symbol": "CTSH",
    "eps": 0.91,
    "epsEstimated": 1.04,
    "time": "amc",
    "revenue": 4110000000,
    "revenueEstimated": 4697142857,
    "updatedFromDate": "2025-04-25",
    "fiscalDateEnding": "2019-03-31"
  },
  {
    "date": "2019-02-06",
    "symbol": "CTSH",
    "eps": 1.13,
    "epsEstimated": 1.07,
    "time": "bmo",
    "revenue": 4129000000,
    "revenueEstimated": 3909761061,
    "updatedFromDate": "2025-04-25",
    "fiscalDateEnding": "2018-12-31"
  },
  {
    "date": "2018-10-30",
    "symbol": "CTSH",
    "eps": 1.19,
    "epsEstimated": 1.13,
    "time": "bmo",
    "revenue": 4078000000,
    "revenueEstimated": 3872386554,
    "updatedFromDate": "2025-04-25",
    "fiscalDateEnding": "2018-09-30"
  },
  {
    "date": "2018-08-02",
    "symbol": "CTSH",
    "eps": 1.19,
    "epsEstimated": 1.1,
    "time": "bmo",
    "revenue": 4006000000,
    "revenueEstimated": 3703025210,
    "updatedFromDate": "2025-04-25",
    "fiscalDateEnding": "2018-06-30"
  },
  {
    "date": "2018-05-07",
    "symbol": "CTSH",
    "eps": 1.06,
    "epsEstimated": 1.06,
    "time": "bmo",
    "revenue": 3912000000,
    "revenueEstimated": 3912000000,
    "updatedFromDate": "2025-04-25",
    "fiscalDateEnding": "2018-03-31"
  },
  {
    "date": "2018-02-07",
    "symbol": "CTSH",
    "eps": 1.03,
    "epsEstimated": 0.97,
    "time": "bmo",
    "revenue": 3828000000,
    "revenueEstimated": 3605009708,
    "updatedFromDate": "2025-04-25",
    "fiscalDateEnding": "2017-12-31"
  },
  {
    "date": "2017-11-01",
    "symbol": "CTSH",
    "eps": 0.98,
    "epsEstimated": 0.95,
    "time": "bmo",
    "revenue": 3766000000,
    "revenueEstimated": 3689142857,
    "updatedFromDate": "2025-04-25",
    "fiscalDateEnding": "2017-09-30"
  },
  {
    "date": "2017-08-03",
    "symbol": "CTSH",
    "eps": 0.93,
    "epsEstimated": 0.9,
    "time": "bmo",
    "revenue": 3670000000,
    "revenueEstimated": 3591075268,
    "updatedFromDate": "2025-04-25",
    "fiscalDateEnding": "2017-06-30"
  },
  {
    "date": "2017-05-05",
    "symbol": "CTSH",
    "eps": 0.84,
    "epsEstimated": 0.83,
    "time": "bmo",
    "revenue": 3546000000,
    "revenueEstimated": 3503785714,
    "updatedFromDate": "2025-04-25",
    "fiscalDateEnding": "2017-03-31"
  },
  {
    "date": "2017-02-08",
    "symbol": "CTSH",
    "eps": 0.87,
    "epsEstimated": 0.86,
    "time": "bmo",
    "revenue": 3462000000,
    "revenueEstimated": 3422108045,
    "updatedFromDate": "2025-04-25",
    "fiscalDateEnding": "2016-12-31"
  },
  {
    "date": "2016-11-07",
    "symbol": "CTSH",
    "eps": 0.86,
    "epsEstimated": 0.84,
    "time": "bmo",
    "revenue": 3453200000,
    "revenueEstimated": 3372893023,
    "updatedFromDate": "2025-04-25",
    "fiscalDateEnding": "2016-09-30"
  },
  {
    "date": "2016-08-05",
    "symbol": "CTSH",
    "eps": 0.87,
    "epsEstimated": 0.82,
    "time": "bmo",
    "revenue": 3369900000,
    "revenueEstimated": 3176321839,
    "updatedFromDate": "2025-04-25",
    "fiscalDateEnding": "2016-06-30"
  }
]