[
  {
    "date": "2026-05-05",
    "symbol": "CTVA",
    "eps": null,
    "epsEstimated": null,
    "time": "amc",
    "revenue": null,
    "revenueEstimated": null,
    "updatedFromDate": "2025-10-02",
    "fiscalDateEnding": "2026-03-30"
  },
  {
    "date": "2026-02-03",
    "symbol": "CTVA",
    "eps": null,
    "epsEstimated": null,
    "time": "amc",
    "revenue": null,
    "revenueEstimated": null,
    "updatedFromDate": "2025-10-02",
    "fiscalDateEnding": "2025-12-30"
  },
  {
    "date": "2025-11-05",
    "symbol": "CTVA",
    "eps": null,
    "epsEstimated": -0.47,
    "time": "bmo",
    "revenue": null,
    "revenueEstimated": null,
    "updatedFromDate": "2025-10-02",
    "fiscalDateEnding": "2025-09-30"
  },
  {
    "date": "2025-08-06",
    "symbol": "CTVA",
    "eps": 2.2,
    "epsEstimated": 1.89,
    "time": "amc",
    "revenue": 6456000000,
    "revenueEstimated": 6270147981,
    "updatedFromDate": "2025-10-02",
    "fiscalDateEnding": "2025-06-30"
  },
  {
    "date": "2025-05-07",
    "symbol": "CTVA",
    "eps": 1.13,
    "epsEstimated": 0.874,
    "time": "amc",
    "revenue": 4417000000,
    "revenueEstimated": 4542838832,
    "updatedFromDate": "2025-08-06",
    "fiscalDateEnding": "2025-03-31"
  },
  {
    "date": "2025-02-05",
    "symbol": "CTVA",
    "eps": 0.32,
    "epsEstimated": 0.3123,
    "time": "amc",
    "revenue": 3978000000,
    "revenueEstimated": 4037065200,
    "updatedFromDate": "2025-05-05",
    "fiscalDateEnding": "2024-12-31"
  },
  {
    "date": "2024-11-06",
    "symbol": "CTVA",
    "eps": -0.49,
    "epsEstimated": -0.30302,
    "time": "amc",
    "revenue": 2326000000,
    "revenueEstimated": 2695481221,
    "updatedFromDate": "2025-04-25",
    "fiscalDateEnding": "2024-09-30"
  },
  {
    "date": "2024-07-31",
    "symbol": "CTVA",
    "eps": 1.83,
    "epsEstimated": 1.73,
    "time": "amc",
    "revenue": 6112000000,
    "revenueEstimated": 6146141222,
    "updatedFromDate": "2025-04-25",
    "fiscalDateEnding": "2024-06-30"
  },
  {
    "date": "2024-05-01",
    "symbol": "CTVA",
    "eps": 0.89,
    "epsEstimated": 0.823,
    "time": "amc",
    "revenue": 4492000000,
    "revenueEstimated": 4649409815,
    "updatedFromDate": "2025-04-25",
    "fiscalDateEnding": "2024-03-31"
  },
  {
    "date": "2024-01-31",
    "symbol": "CTVA",
    "eps": 0.15,
    "epsEstimated": 0.05873,
    "time": "amc",
    "revenue": 3707000000,
    "revenueEstimated": 3605985620,
    "updatedFromDate": "2025-04-25",
    "fiscalDateEnding": "2023-12-31"
  },
  {
    "date": "2023-11-08",
    "symbol": "CTVA",
    "eps": -0.23,
    "epsEstimated": -0.26,
    "time": "amc",
    "revenue": 2590000000,
    "revenueEstimated": 2762780000,
    "updatedFromDate": "2025-04-25",
    "fiscalDateEnding": "2023-09-30"
  },
  {
    "date": "2023-08-03",
    "symbol": "CTVA",
    "eps": 1.6,
    "epsEstimated": 1.58,
    "time": "amc",
    "revenue": 6045000000,
    "revenueEstimated": 3009260000,
    "updatedFromDate": "2025-04-25",
    "fiscalDateEnding": "2023-06-30"
  },
  {
    "date": "2023-05-03",
    "symbol": "CTVA",
    "eps": 1.16,
    "epsEstimated": 0.93,
    "time": "amc",
    "revenue": 4884000000,
    "revenueEstimated": 6638060000,
    "updatedFromDate": "2025-04-25",
    "fiscalDateEnding": "2023-03-31"
  },
  {
    "date": "2023-02-01",
    "symbol": "CTVA",
    "eps": 0.16,
    "epsEstimated": 0.06,
    "time": "amc",
    "revenue": 3825000000,
    "revenueEstimated": 3787766402,
    "updatedFromDate": "2025-04-25",
    "fiscalDateEnding": "2022-12-31"
  },
  {
    "date": "2022-11-03",
    "symbol": "CTVA",
    "eps": -0.12,
    "epsEstimated": -0.23,
    "time": "amc",
    "revenue": 2777000000,
    "revenueEstimated": 2590331416,
    "updatedFromDate": "2025-04-25",
    "fiscalDateEnding": "2022-09-30"
  },
  {
    "date": "2022-08-04",
    "symbol": "CTVA",
    "eps": 1.64,
    "epsEstimated": 1.46,
    "time": "amc",
    "revenue": 6252000000,
    "revenueEstimated": 6084128225,
    "updatedFromDate": "2025-04-25",
    "fiscalDateEnding": "2022-06-30"
  },
  {
    "date": "2022-05-04",
    "symbol": "CTVA",
    "eps": 0.97,
    "epsEstimated": 0.82,
    "time": "amc",
    "revenue": 4601000000,
    "revenueEstimated": 4484880841,
    "updatedFromDate": "2025-04-25",
    "fiscalDateEnding": "2022-03-31"
  },
  {
    "date": "2022-02-02",
    "symbol": "CTVA",
    "eps": 0.08,
    "epsEstimated": 0.08,
    "time": "amc",
    "revenue": 3479000000,
    "revenueEstimated": 3447384453,
    "updatedFromDate": "2025-04-25",
    "fiscalDateEnding": "2021-12-31"
  },
  {
    "date": "2021-11-03",
    "symbol": "CTVA",
    "eps": -0.14,
    "epsEstimated": -0.33,
    "time": "amc",
    "revenue": 2371000000,
    "revenueEstimated": 2032830000,
    "updatedFromDate": "2025-04-25",
    "fiscalDateEnding": "2021-09-30"
  },
  {
    "date": "2021-08-05",
    "symbol": "CTVA",
    "eps": 1.4,
    "epsEstimated": 1.26,
    "time": "amc",
    "revenue": 5627000000,
    "revenueEstimated": 5627000000,
    "updatedFromDate": "2025-04-25",
    "fiscalDateEnding": "2021-06-30"
  },
  {
    "date": "2021-05-04",
    "symbol": "CTVA",
    "eps": 0.79,
    "epsEstimated": 0.65,
    "time": "amc",
    "revenue": 4178000000,
    "revenueEstimated": 3878480000,
    "updatedFromDate": "2025-04-25",
    "fiscalDateEnding": "2021-03-31"
  },
  {
    "date": "2021-02-03",
    "symbol": "CTVA",
    "eps": 0.04,
    "epsEstimated": -0.05,
    "time": "amc",
    "revenue": 3207000000,
    "revenueEstimated": 8081640000,
    "updatedFromDate": "2025-04-25",
    "fiscalDateEnding": "2020-12-31"
  },
  {
    "date": "2020-11-04",
    "symbol": "CTVA",
    "eps": -0.39,
    "epsEstimated": -0.42,
    "time": "amc",
    "revenue": 1863000000,
    "revenueEstimated": 1996071428,
    "updatedFromDate": "2025-04-25",
    "fiscalDateEnding": "2020-09-30"
  },
  {
    "date": "2020-08-05",
    "symbol": "CTVA",
    "eps": 1.26,
    "epsEstimated": 1.24,
    "time": "amc",
    "revenue": 5191000000,
    "revenueEstimated": 5108603174,
    "updatedFromDate": "2025-04-25",
    "fiscalDateEnding": "2020-06-30"
  },
  {
    "date": "2020-05-06",
    "symbol": "CTVA",
    "eps": 0.59,
    "epsEstimated": 0.39,
    "time": "bmo",
    "revenue": 3956000000,
    "revenueEstimated": 2682033898,
    "updatedFromDate": "2025-04-25",
    "fiscalDateEnding": "2020-03-31"
  },
  {
    "date": "2020-01-30",
    "symbol": "CTVA",
    "eps": 0.07,
    "epsEstimated": -0.12,
    "time": "bmo",
    "revenue": 2983000000,
    "revenueEstimated": 5113714285,
    "updatedFromDate": "2025-04-25",
    "fiscalDateEnding": "2019-12-31"
  },
  {
    "date": "2019-10-31",
    "symbol": "CTVA",
    "eps": -0.39,
    "epsEstimated": -0.46,
    "time": "bmo",
    "revenue": 1911000000,
    "revenueEstimated": 2254000000,
    "updatedFromDate": "2025-04-25",
    "fiscalDateEnding": "2019-09-30"
  },
  {
    "date": "2019-08-01",
    "symbol": "CTVA",
    "eps": 1.42,
    "epsEstimated": 1,
    "time": "bmo",
    "revenue": 5556000000,
    "revenueEstimated": 3912676056,
    "updatedFromDate": "2025-04-25",
    "fiscalDateEnding": "2019-06-30"
  },
  {
    "date": "2019-05-31",
    "symbol": "CTVA",
    "eps": 0.2187,
    "epsEstimated": null,
    "time": "bmo",
    "revenue": 6288000000,
    "revenueEstimated": null,
    "updatedFromDate": "2025-04-25",
    "fiscalDateEnding": "2019-03-31"
  },
  {
    "date": "2019-03-19",
    "symbol": "CTVA",
    "eps": -6.83347,
    "epsEstimated": null,
    "time": "bmo",
    "revenue": 1947000000,
    "revenueEstimated": null,
    "updatedFromDate": "2025-04-25",
    "fiscalDateEnding": "2018-09-30"
  },
  {
    "date": "2018-12-30",
    "symbol": "CTVA",
    "eps": -0.60933,
    "epsEstimated": null,
    "time": "amc",
    "revenue": 2815000000,
    "revenueEstimated": null,
    "updatedFromDate": "2025-04-25",
    "fiscalDateEnding": "2018-12-31"
  },
  {
    "date": "2018-06-29",
    "symbol": "CTVA",
    "eps": 0.926,
    "epsEstimated": null,
    "time": "amc",
    "revenue": 5731000000,
    "revenueEstimated": null,
    "updatedFromDate": "2025-04-25",
    "fiscalDateEnding": "2018-06-30"
  },
  {
    "date": "2018-03-30",
    "symbol": "CTVA",
    "eps": -0.2949,
    "epsEstimated": null,
    "time": "amc",
    "revenue": 6699000000,
    "revenueEstimated": null,
    "updatedFromDate": "2025-04-25",
    "fiscalDateEnding": "2018-03-31"
  },
  {
    "date": "2017-12-30",
    "symbol": "CTVA",
    "eps": 2.94,
    "epsEstimated": null,
    "time": "amc",
    "revenue": 2827000000,
    "revenueEstimated": null,
    "updatedFromDate": "2025-04-25",
    "fiscalDateEnding": "2017-12-31"
  },
  {
    "date": "2017-09-29",
    "symbol": "CTVA",
    "eps": -1.13246,
    "epsEstimated": null,
    "time": "amc",
    "revenue": 1868000000,
    "revenueEstimated": null,
    "updatedFromDate": "2025-04-25",
    "fiscalDateEnding": "2017-09-30"
  },
  {
    "date": "2017-06-29",
    "symbol": "CTVA",
    "eps": 0.792,
    "epsEstimated": null,
    "time": "amc",
    "revenue": 4772500000,
    "revenueEstimated": null,
    "updatedFromDate": "2025-04-25",
    "fiscalDateEnding": "2017-06-30"
  },
  {
    "date": "2017-03-30",
    "symbol": "CTVA",
    "eps": 0.792,
    "epsEstimated": null,
    "time": "amc",
    "revenue": 4772500000,
    "revenueEstimated": null,
    "updatedFromDate": "2025-04-25",
    "fiscalDateEnding": "2017-03-31"
  }
]