[
  {
    "date": "2026-04-29",
    "symbol": "CVS",
    "eps": null,
    "epsEstimated": null,
    "time": "bmo",
    "revenue": null,
    "revenueEstimated": null,
    "updatedFromDate": "2025-10-02",
    "fiscalDateEnding": "2026-03-30"
  },
  {
    "date": "2026-02-10",
    "symbol": "CVS",
    "eps": null,
    "epsEstimated": null,
    "time": "bmo",
    "revenue": null,
    "revenueEstimated": null,
    "updatedFromDate": "2025-10-02",
    "fiscalDateEnding": "2025-12-30"
  },
  {
    "date": "2025-10-29",
    "symbol": "CVS",
    "eps": null,
    "epsEstimated": 1.36,
    "time": "bmo",
    "revenue": null,
    "revenueEstimated": 98845949290,
    "updatedFromDate": "2025-10-02",
    "fiscalDateEnding": "2025-09-30"
  },
  {
    "date": "2025-07-31",
    "symbol": "CVS",
    "eps": 1.81,
    "epsEstimated": 1.46,
    "time": "bmo",
    "revenue": 98915000000,
    "revenueEstimated": 94532680058,
    "updatedFromDate": "2025-10-02",
    "fiscalDateEnding": "2025-06-30"
  },
  {
    "date": "2025-05-01",
    "symbol": "CVS",
    "eps": 2.25,
    "epsEstimated": 1.7,
    "time": "bmo",
    "revenue": 94588000000,
    "revenueEstimated": 93678681216,
    "updatedFromDate": "2025-08-01",
    "fiscalDateEnding": "2025-03-31"
  },
  {
    "date": "2025-02-12",
    "symbol": "CVS",
    "eps": 1.19,
    "epsEstimated": 0.914,
    "time": "bmo",
    "revenue": 97710000000,
    "revenueEstimated": 97092668956,
    "updatedFromDate": "2025-05-12",
    "fiscalDateEnding": "2024-12-31"
  },
  {
    "date": "2024-11-06",
    "symbol": "CVS",
    "eps": 1.09,
    "epsEstimated": 1.44,
    "time": "bmo",
    "revenue": 95428000000,
    "revenueEstimated": 92746399917,
    "updatedFromDate": "2025-04-25",
    "fiscalDateEnding": "2024-09-30"
  },
  {
    "date": "2024-08-07",
    "symbol": "CVS",
    "eps": 1.83,
    "epsEstimated": 1.73,
    "time": "bmo",
    "revenue": 91234000000,
    "revenueEstimated": 91408068460,
    "updatedFromDate": "2025-04-25",
    "fiscalDateEnding": "2024-06-30"
  },
  {
    "date": "2024-05-01",
    "symbol": "CVS",
    "eps": 1.31,
    "epsEstimated": 1.7,
    "time": "bmo",
    "revenue": 88437000000,
    "revenueEstimated": 89328378367,
    "updatedFromDate": "2025-04-25",
    "fiscalDateEnding": "2024-03-31"
  },
  {
    "date": "2024-02-07",
    "symbol": "CVS",
    "eps": 2.12,
    "epsEstimated": 2.01,
    "time": "bmo",
    "revenue": 93813000000,
    "revenueEstimated": 90359800000,
    "updatedFromDate": "2025-04-25",
    "fiscalDateEnding": "2023-12-31"
  },
  {
    "date": "2023-11-01",
    "symbol": "CVS",
    "eps": 2.21,
    "epsEstimated": 2.13,
    "time": "bmo",
    "revenue": 89764000000,
    "revenueEstimated": 88246500000,
    "updatedFromDate": "2025-04-25",
    "fiscalDateEnding": "2023-09-30"
  },
  {
    "date": "2023-08-02",
    "symbol": "CVS",
    "eps": 2.21,
    "epsEstimated": 2.12,
    "time": "bmo",
    "revenue": 88921000000,
    "revenueEstimated": 86532900000,
    "updatedFromDate": "2025-04-25",
    "fiscalDateEnding": "2023-06-30"
  },
  {
    "date": "2023-05-03",
    "symbol": "CVS",
    "eps": 2.2,
    "epsEstimated": 2.07,
    "time": "bmo",
    "revenue": 85278000000,
    "revenueEstimated": 80813400000,
    "updatedFromDate": "2025-04-25",
    "fiscalDateEnding": "2023-03-31"
  },
  {
    "date": "2023-02-08",
    "symbol": "CVS",
    "eps": 1.99,
    "epsEstimated": 1.92,
    "time": "bmo",
    "revenue": 83846000000,
    "revenueEstimated": 76430863948,
    "updatedFromDate": "2025-04-25",
    "fiscalDateEnding": "2022-12-31"
  },
  {
    "date": "2022-11-02",
    "symbol": "CVS",
    "eps": 2.09,
    "epsEstimated": 1.99,
    "time": "bmo",
    "revenue": 81159000000,
    "revenueEstimated": 76740169851,
    "updatedFromDate": "2025-04-25",
    "fiscalDateEnding": "2022-09-30"
  },
  {
    "date": "2022-08-03",
    "symbol": "CVS",
    "eps": 2.4,
    "epsEstimated": 2.17,
    "time": "bmo",
    "revenue": 80636000000,
    "revenueEstimated": 76409130953,
    "updatedFromDate": "2025-04-25",
    "fiscalDateEnding": "2022-06-30"
  },
  {
    "date": "2022-05-04",
    "symbol": "CVS",
    "eps": 2.22,
    "epsEstimated": 2.15,
    "time": "bmo",
    "revenue": 76826000000,
    "revenueEstimated": 75537405638,
    "updatedFromDate": "2025-04-25",
    "fiscalDateEnding": "2022-03-31"
  },
  {
    "date": "2022-02-09",
    "symbol": "CVS",
    "eps": 1.98,
    "epsEstimated": 1.94,
    "time": "bmo",
    "revenue": 76604000000,
    "revenueEstimated": 75657489090,
    "updatedFromDate": "2025-04-25",
    "fiscalDateEnding": "2021-12-31"
  },
  {
    "date": "2021-11-03",
    "symbol": "CVS",
    "eps": 1.97,
    "epsEstimated": 1.79,
    "time": "bmo",
    "revenue": 73794000000,
    "revenueEstimated": 70337500000,
    "updatedFromDate": "2025-04-25",
    "fiscalDateEnding": "2021-09-30"
  },
  {
    "date": "2021-08-04",
    "symbol": "CVS",
    "eps": 2.42,
    "epsEstimated": 2.06,
    "time": "bmo",
    "revenue": 72616000000,
    "revenueEstimated": 70298800000,
    "updatedFromDate": "2025-04-25",
    "fiscalDateEnding": "2021-06-30"
  },
  {
    "date": "2021-05-04",
    "symbol": "CVS",
    "eps": 2.04,
    "epsEstimated": 1.72,
    "time": "bmo",
    "revenue": 69097000000,
    "revenueEstimated": 68336700000,
    "updatedFromDate": "2025-04-25",
    "fiscalDateEnding": "2021-03-31"
  },
  {
    "date": "2021-02-16",
    "symbol": "CVS",
    "eps": 1.3,
    "epsEstimated": 1.24,
    "time": "bmo",
    "revenue": 69554000000,
    "revenueEstimated": 66188483870,
    "updatedFromDate": "2025-04-25",
    "fiscalDateEnding": "2020-12-31"
  },
  {
    "date": "2020-11-06",
    "symbol": "CVS",
    "eps": 1.66,
    "epsEstimated": 1.34,
    "time": "bmo",
    "revenue": 67056000000,
    "revenueEstimated": 50418045112,
    "updatedFromDate": "2025-04-25",
    "fiscalDateEnding": "2020-09-30"
  },
  {
    "date": "2020-08-05",
    "symbol": "CVS",
    "eps": 2.64,
    "epsEstimated": 1.93,
    "time": "bmo",
    "revenue": 65341000000,
    "revenueEstimated": 47768231060,
    "updatedFromDate": "2025-04-25",
    "fiscalDateEnding": "2020-06-30"
  },
  {
    "date": "2020-05-06",
    "symbol": "CVS",
    "eps": 1.91,
    "epsEstimated": 1.63,
    "time": "bmo",
    "revenue": 66755000000,
    "revenueEstimated": 56968926701,
    "updatedFromDate": "2025-04-25",
    "fiscalDateEnding": "2020-03-31"
  },
  {
    "date": "2020-02-12",
    "symbol": "CVS",
    "eps": 1.73,
    "epsEstimated": 1.68,
    "time": "bmo",
    "revenue": 66889000000,
    "revenueEstimated": 64955791907,
    "updatedFromDate": "2025-04-25",
    "fiscalDateEnding": "2019-12-31"
  },
  {
    "date": "2019-11-06",
    "symbol": "CVS",
    "eps": 1.84,
    "epsEstimated": 1.77,
    "time": "bmo",
    "revenue": 64810000000,
    "revenueEstimated": 62344402173,
    "updatedFromDate": "2025-04-25",
    "fiscalDateEnding": "2019-09-30"
  },
  {
    "date": "2019-08-07",
    "symbol": "CVS",
    "eps": 1.89,
    "epsEstimated": 1.69,
    "time": "bmo",
    "revenue": 63431000000,
    "revenueEstimated": 56718724867,
    "updatedFromDate": "2025-04-25",
    "fiscalDateEnding": "2019-06-30"
  },
  {
    "date": "2019-05-01",
    "symbol": "CVS",
    "eps": 1.62,
    "epsEstimated": 1.5,
    "time": "bmo",
    "revenue": 61646000000,
    "revenueEstimated": 57079629629,
    "updatedFromDate": "2025-04-25",
    "fiscalDateEnding": "2019-03-31"
  },
  {
    "date": "2019-02-20",
    "symbol": "CVS",
    "eps": 2.14,
    "epsEstimated": 2.07,
    "time": "bmo",
    "revenue": 54909000000,
    "revenueEstimated": 52599742990,
    "updatedFromDate": "2025-04-25",
    "fiscalDateEnding": "2018-12-31"
  },
  {
    "date": "2018-11-06",
    "symbol": "CVS",
    "eps": 1.73,
    "epsEstimated": 1.71,
    "time": "bmo",
    "revenue": 47490000000,
    "revenueEstimated": 46940982658,
    "updatedFromDate": "2025-04-25",
    "fiscalDateEnding": "2018-09-30"
  },
  {
    "date": "2018-08-08",
    "symbol": "CVS",
    "eps": 1.69,
    "epsEstimated": 1.61,
    "time": "bmo",
    "revenue": 46922000000,
    "revenueEstimated": 44700840236,
    "updatedFromDate": "2025-04-25",
    "fiscalDateEnding": "2018-06-30"
  },
  {
    "date": "2018-05-02",
    "symbol": "CVS",
    "eps": 1.48,
    "epsEstimated": 1.39,
    "time": "bmo",
    "revenue": 45743000000,
    "revenueEstimated": 43579479729,
    "updatedFromDate": "2025-04-25",
    "fiscalDateEnding": "2018-03-31"
  },
  {
    "date": "2018-02-08",
    "symbol": "CVS",
    "eps": 1.92,
    "epsEstimated": 1.89,
    "time": "bmo",
    "revenue": 48385000000,
    "revenueEstimated": 47649656250,
    "updatedFromDate": "2025-04-25",
    "fiscalDateEnding": "2017-12-31"
  },
  {
    "date": "2017-11-06",
    "symbol": "CVS",
    "eps": 1.5,
    "epsEstimated": 1.48,
    "time": "bmo",
    "revenue": 46181000000,
    "revenueEstimated": 45873126666,
    "updatedFromDate": "2025-04-25",
    "fiscalDateEnding": "2017-09-30"
  },
  {
    "date": "2017-08-08",
    "symbol": "CVS",
    "eps": 1.33,
    "epsEstimated": 1.31,
    "time": "bmo",
    "revenue": 45685000000,
    "revenueEstimated": 44998007518,
    "updatedFromDate": "2025-04-25",
    "fiscalDateEnding": "2017-06-30"
  },
  {
    "date": "2017-05-02",
    "symbol": "CVS",
    "eps": 1.17,
    "epsEstimated": 1.1,
    "time": "bmo",
    "revenue": 44514000000,
    "revenueEstimated": 41850769230,
    "updatedFromDate": "2025-04-25",
    "fiscalDateEnding": "2017-03-31"
  },
  {
    "date": "2017-02-09",
    "symbol": "CVS",
    "eps": 1.71,
    "epsEstimated": 1.67,
    "time": "bmo",
    "revenue": 45971000000,
    "revenueEstimated": 44915187134,
    "updatedFromDate": "2025-04-25",
    "fiscalDateEnding": "2016-12-31"
  },
  {
    "date": "2016-11-08",
    "symbol": "CVS",
    "eps": 1.59,
    "epsEstimated": 1.57,
    "time": "bmo",
    "revenue": 44615000000,
    "revenueEstimated": 42710701219,
    "updatedFromDate": "2025-04-25",
    "fiscalDateEnding": "2016-09-30"
  },
  {
    "date": "2016-08-02",
    "symbol": "CVS",
    "eps": 1.32,
    "epsEstimated": 1.3,
    "time": "bmo",
    "revenue": 43725000000,
    "revenueEstimated": 43062500000,
    "updatedFromDate": "2025-04-25",
    "fiscalDateEnding": "2016-06-30"
  }
]