[
  {
    "date": "2026-04-30",
    "symbol": "CVX",
    "eps": null,
    "epsEstimated": null,
    "time": "bmo",
    "revenue": null,
    "revenueEstimated": null,
    "updatedFromDate": "2025-10-02",
    "fiscalDateEnding": "2026-03-30"
  },
  {
    "date": "2026-01-29",
    "symbol": "CVX",
    "eps": null,
    "epsEstimated": null,
    "time": "bmo",
    "revenue": null,
    "revenueEstimated": null,
    "updatedFromDate": "2025-10-02",
    "fiscalDateEnding": "2025-12-30"
  },
  {
    "date": "2025-11-07",
    "symbol": "CVX",
    "eps": null,
    "epsEstimated": 2.03,
    "time": "bmo",
    "revenue": null,
    "revenueEstimated": null,
    "updatedFromDate": "2025-10-02",
    "fiscalDateEnding": "2025-09-30"
  },
  {
    "date": "2025-08-01",
    "symbol": "CVX",
    "eps": 1.77,
    "epsEstimated": 1.73,
    "time": "bmo",
    "revenue": 44375000000,
    "revenueEstimated": 43865127937,
    "updatedFromDate": "2025-10-02",
    "fiscalDateEnding": "2025-06-30"
  },
  {
    "date": "2025-05-02",
    "symbol": "CVX",
    "eps": 2.18,
    "epsEstimated": 2.16,
    "time": "bmo",
    "revenue": 47610000000,
    "revenueEstimated": 48249315794,
    "updatedFromDate": "2025-08-01",
    "fiscalDateEnding": "2025-03-31"
  },
  {
    "date": "2025-01-31",
    "symbol": "CVX",
    "eps": 2.06,
    "epsEstimated": 2.42,
    "time": "bmo",
    "revenue": 52226000000,
    "revenueEstimated": 46599277088,
    "updatedFromDate": "2025-05-01",
    "fiscalDateEnding": "2024-12-31"
  },
  {
    "date": "2024-11-01",
    "symbol": "CVX",
    "eps": 2.51,
    "epsEstimated": 2.42,
    "time": "bmo",
    "revenue": 48926000000,
    "revenueEstimated": 48862710294,
    "updatedFromDate": "2025-04-24",
    "fiscalDateEnding": "2024-09-30"
  },
  {
    "date": "2024-08-02",
    "symbol": "CVX",
    "eps": 2.55,
    "epsEstimated": 2.93,
    "time": "bmo",
    "revenue": 49574000000,
    "revenueEstimated": 50660336301,
    "updatedFromDate": "2025-04-24",
    "fiscalDateEnding": "2024-06-30"
  },
  {
    "date": "2024-04-26",
    "symbol": "CVX",
    "eps": 2.93,
    "epsEstimated": 2.87,
    "time": "bmo",
    "revenue": 46580000000,
    "revenueEstimated": 48418607624,
    "updatedFromDate": "2025-04-24",
    "fiscalDateEnding": "2024-03-31"
  },
  {
    "date": "2024-02-02",
    "symbol": "CVX",
    "eps": 3.45,
    "epsEstimated": 3.29,
    "time": "bmo",
    "revenue": 48933000000,
    "revenueEstimated": 47170300000,
    "updatedFromDate": "2025-04-24",
    "fiscalDateEnding": "2023-12-31"
  },
  {
    "date": "2023-10-27",
    "symbol": "CVX",
    "eps": 3.05,
    "epsEstimated": 3.75,
    "time": "bmo",
    "revenue": 51922000000,
    "revenueEstimated": 47789500000,
    "updatedFromDate": "2025-04-24",
    "fiscalDateEnding": "2023-09-30"
  },
  {
    "date": "2023-07-28",
    "symbol": "CVX",
    "eps": 3.08,
    "epsEstimated": 2.97,
    "time": "bmo",
    "revenue": 47216000000,
    "revenueEstimated": 43480800000,
    "updatedFromDate": "2025-04-24",
    "fiscalDateEnding": "2023-06-30"
  },
  {
    "date": "2023-04-28",
    "symbol": "CVX",
    "eps": 3.55,
    "epsEstimated": 3.41,
    "time": "bmo",
    "revenue": 48842000000,
    "revenueEstimated": 47886700000,
    "updatedFromDate": "2025-04-24",
    "fiscalDateEnding": "2023-03-31"
  },
  {
    "date": "2023-01-27",
    "symbol": "CVX",
    "eps": 4.09,
    "epsEstimated": 4.38,
    "time": "bmo",
    "revenue": 54523000000,
    "revenueEstimated": 52675239250,
    "updatedFromDate": "2025-04-24",
    "fiscalDateEnding": "2022-12-31"
  },
  {
    "date": "2022-10-28",
    "symbol": "CVX",
    "eps": 5.56,
    "epsEstimated": 4.81,
    "time": "bmo",
    "revenue": 63508000000,
    "revenueEstimated": 60263093143,
    "updatedFromDate": "2025-04-24",
    "fiscalDateEnding": "2022-09-30"
  },
  {
    "date": "2022-07-29",
    "symbol": "CVX",
    "eps": 5.82,
    "epsEstimated": 5.1,
    "time": "bmo",
    "revenue": 65372000000,
    "revenueEstimated": 58658000000,
    "updatedFromDate": "2025-04-24",
    "fiscalDateEnding": "2022-06-30"
  },
  {
    "date": "2022-04-29",
    "symbol": "CVX",
    "eps": 3.36,
    "epsEstimated": 3.27,
    "time": "bmo",
    "revenue": 52314000000,
    "revenueEstimated": 47947333333,
    "updatedFromDate": "2025-04-24",
    "fiscalDateEnding": "2022-03-31"
  },
  {
    "date": "2022-01-28",
    "symbol": "CVX",
    "eps": 2.56,
    "epsEstimated": 3.12,
    "time": "bmo",
    "revenue": 45861000000,
    "revenueEstimated": 45336889125,
    "updatedFromDate": "2025-04-24",
    "fiscalDateEnding": "2021-12-31"
  },
  {
    "date": "2021-10-29",
    "symbol": "CVX",
    "eps": 2.96,
    "epsEstimated": 2.21,
    "time": "bmo",
    "revenue": 42552000000,
    "revenueEstimated": 40403600000,
    "updatedFromDate": "2025-04-24",
    "fiscalDateEnding": "2021-09-30"
  },
  {
    "date": "2021-07-30",
    "symbol": "CVX",
    "eps": 1.71,
    "epsEstimated": 1.59,
    "time": "bmo",
    "revenue": 36117000000,
    "revenueEstimated": 37597000000,
    "updatedFromDate": "2025-04-24",
    "fiscalDateEnding": "2021-06-30"
  },
  {
    "date": "2021-04-30",
    "symbol": "CVX",
    "eps": 0.9,
    "epsEstimated": 0.9,
    "time": "bmo",
    "revenue": 31076000000,
    "revenueEstimated": 30483200000,
    "updatedFromDate": "2025-04-24",
    "fiscalDateEnding": "2021-03-31"
  },
  {
    "date": "2021-01-29",
    "symbol": "CVX",
    "eps": -0.01,
    "epsEstimated": 0.08,
    "time": "bmo",
    "revenue": 24843000000,
    "revenueEstimated": 47911500000,
    "updatedFromDate": "2025-04-24",
    "fiscalDateEnding": "2020-12-31"
  },
  {
    "date": "2020-10-30",
    "symbol": "CVX",
    "eps": 0.11,
    "epsEstimated": -0.29,
    "time": "bmo",
    "revenue": 23997000000,
    "revenueEstimated": 60016090909,
    "updatedFromDate": "2025-04-24",
    "fiscalDateEnding": "2020-09-30"
  },
  {
    "date": "2020-07-31",
    "symbol": "CVX",
    "eps": -1.59,
    "epsEstimated": -0.93,
    "time": "bmo",
    "revenue": 15926000000,
    "revenueEstimated": 10711100542,
    "updatedFromDate": "2025-04-24",
    "fiscalDateEnding": "2020-06-30"
  },
  {
    "date": "2020-05-01",
    "symbol": "CVX",
    "eps": 1.29,
    "epsEstimated": 0.64,
    "time": "bmo",
    "revenue": 29705000000,
    "revenueEstimated": 25542750683,
    "updatedFromDate": "2025-04-24",
    "fiscalDateEnding": "2020-03-31"
  },
  {
    "date": "2020-01-31",
    "symbol": "CVX",
    "eps": 1.49,
    "epsEstimated": 1.47,
    "time": "bmo",
    "revenue": 34574000000,
    "revenueEstimated": 33745100671,
    "updatedFromDate": "2025-04-24",
    "fiscalDateEnding": "2019-12-31"
  },
  {
    "date": "2019-11-01",
    "symbol": "CVX",
    "eps": 1.55,
    "epsEstimated": 1.45,
    "time": "bmo",
    "revenue": 34779000000,
    "revenueEstimated": 32483741935,
    "updatedFromDate": "2025-04-24",
    "fiscalDateEnding": "2019-09-30"
  },
  {
    "date": "2019-08-02",
    "symbol": "CVX",
    "eps": 1.77,
    "epsEstimated": 1.8,
    "time": "bmo",
    "revenue": 36323000000,
    "revenueEstimated": 36944745762,
    "updatedFromDate": "2025-04-24",
    "fiscalDateEnding": "2019-06-30"
  },
  {
    "date": "2019-04-26",
    "symbol": "CVX",
    "eps": 1.39,
    "epsEstimated": 1.3,
    "time": "bmo",
    "revenue": 34189000000,
    "revenueEstimated": 30445646258,
    "updatedFromDate": "2025-04-24",
    "fiscalDateEnding": "2019-03-31"
  },
  {
    "date": "2019-02-01",
    "symbol": "CVX",
    "eps": 1.95,
    "epsEstimated": 1.87,
    "time": "bmo",
    "revenue": 40338000000,
    "revenueEstimated": 38307189743,
    "updatedFromDate": "2025-04-24",
    "fiscalDateEnding": "2018-12-31"
  },
  {
    "date": "2018-11-02",
    "symbol": "CVX",
    "eps": 2.11,
    "epsEstimated": 2.06,
    "time": "bmo",
    "revenue": 42105000000,
    "revenueEstimated": 41185355450,
    "updatedFromDate": "2025-04-24",
    "fiscalDateEnding": "2018-09-30"
  },
  {
    "date": "2018-07-27",
    "symbol": "CVX",
    "eps": 1.78,
    "epsEstimated": 2.09,
    "time": "bmo",
    "revenue": 40491000000,
    "revenueEstimated": 47736539325,
    "updatedFromDate": "2025-04-24",
    "fiscalDateEnding": "2018-06-30"
  },
  {
    "date": "2018-04-27",
    "symbol": "CVX",
    "eps": 1.9,
    "epsEstimated": 1.48,
    "time": "bmo",
    "revenue": 35968000000,
    "revenueEstimated": 28026526315,
    "updatedFromDate": "2025-04-24",
    "fiscalDateEnding": "2018-03-31"
  },
  {
    "date": "2018-02-02",
    "symbol": "CVX",
    "eps": 0.73,
    "epsEstimated": 1.27,
    "time": "bmo",
    "revenue": 36381000000,
    "revenueEstimated": 61962444444,
    "updatedFromDate": "2025-04-24",
    "fiscalDateEnding": "2017-12-31"
  },
  {
    "date": "2017-10-27",
    "symbol": "CVX",
    "eps": 0.85,
    "epsEstimated": 0.98,
    "time": "bmo",
    "revenue": 33892000000,
    "revenueEstimated": 39301458823,
    "updatedFromDate": "2025-04-24",
    "fiscalDateEnding": "2017-09-30"
  },
  {
    "date": "2017-07-28",
    "symbol": "CVX",
    "eps": 0.91,
    "epsEstimated": 0.86,
    "time": "bmo",
    "revenue": 32877000000,
    "revenueEstimated": 30960945054,
    "updatedFromDate": "2025-04-24",
    "fiscalDateEnding": "2017-06-30"
  },
  {
    "date": "2017-04-28",
    "symbol": "CVX",
    "eps": 1.23,
    "epsEstimated": 0.85,
    "time": "bmo",
    "revenue": 31524000000,
    "revenueEstimated": 21927902439,
    "updatedFromDate": "2025-04-24",
    "fiscalDateEnding": "2017-03-31"
  },
  {
    "date": "2017-01-27",
    "symbol": "CVX",
    "eps": 0.21,
    "epsEstimated": 0.64,
    "time": "bmo",
    "revenue": 30142000000,
    "revenueEstimated": 92089904761,
    "updatedFromDate": "2025-04-24",
    "fiscalDateEnding": "2016-12-31"
  },
  {
    "date": "2016-10-28",
    "symbol": "CVX",
    "eps": 0.49,
    "epsEstimated": 0.37,
    "time": "bmo",
    "revenue": 29159000000,
    "revenueEstimated": 22035387755,
    "updatedFromDate": "2025-04-24",
    "fiscalDateEnding": "2016-09-30"
  },
  {
    "date": "2016-07-29",
    "symbol": "CVX",
    "eps": 0.48,
    "epsEstimated": 0.31,
    "time": "bmo",
    "revenue": 27844000000,
    "revenueEstimated": 25589942857,
    "updatedFromDate": "2025-04-24",
    "fiscalDateEnding": "2016-06-30"
  }
]