[
  {
    "date": "2026-04-29",
    "symbol": "D",
    "eps": null,
    "epsEstimated": null,
    "time": "bmo",
    "revenue": null,
    "revenueEstimated": null,
    "updatedFromDate": "2025-10-02",
    "fiscalDateEnding": "2026-03-30"
  },
  {
    "date": "2026-02-10",
    "symbol": "D",
    "eps": null,
    "epsEstimated": null,
    "time": "bmo",
    "revenue": null,
    "revenueEstimated": null,
    "updatedFromDate": "2025-10-02",
    "fiscalDateEnding": "2025-12-30"
  },
  {
    "date": "2025-11-07",
    "symbol": "D",
    "eps": null,
    "epsEstimated": 1.02,
    "time": "bmo",
    "revenue": null,
    "revenueEstimated": null,
    "updatedFromDate": "2025-10-02",
    "fiscalDateEnding": "2025-09-30"
  },
  {
    "date": "2025-08-01",
    "symbol": "D",
    "eps": 0.75,
    "epsEstimated": 0.677,
    "time": "bmo",
    "revenue": 3810000000,
    "revenueEstimated": 3652293378,
    "updatedFromDate": "2025-10-02",
    "fiscalDateEnding": "2025-06-30"
  },
  {
    "date": "2025-05-01",
    "symbol": "D",
    "eps": 0.93,
    "epsEstimated": 0.753,
    "time": "bmo",
    "revenue": 4076000000,
    "revenueEstimated": 3959896737,
    "updatedFromDate": "2025-07-31",
    "fiscalDateEnding": "2025-03-31"
  },
  {
    "date": "2025-02-12",
    "symbol": "D",
    "eps": 0.58,
    "epsEstimated": 0.56,
    "time": "bmo",
    "revenue": 3400000000,
    "revenueEstimated": 3940963825,
    "updatedFromDate": "2025-05-12",
    "fiscalDateEnding": "2024-12-31"
  },
  {
    "date": "2024-11-01",
    "symbol": "D",
    "eps": 0.98,
    "epsEstimated": 0.93,
    "time": "bmo",
    "revenue": 3941000000,
    "revenueEstimated": 4178468795,
    "updatedFromDate": "2025-04-25",
    "fiscalDateEnding": "2024-09-30"
  },
  {
    "date": "2024-08-01",
    "symbol": "D",
    "eps": 0.65,
    "epsEstimated": 0.56,
    "time": "bmo",
    "revenue": 3486000000,
    "revenueEstimated": 3729270451,
    "updatedFromDate": "2025-04-25",
    "fiscalDateEnding": "2024-06-30"
  },
  {
    "date": "2024-05-02",
    "symbol": "D",
    "eps": 0.55,
    "epsEstimated": 0.55,
    "time": "bmo",
    "revenue": 3632000000,
    "revenueEstimated": 4342408451,
    "updatedFromDate": "2025-04-25",
    "fiscalDateEnding": "2024-03-31"
  },
  {
    "date": "2024-02-22",
    "symbol": "D",
    "eps": 0.29,
    "epsEstimated": 0.38,
    "time": "bmo",
    "revenue": 3534000000,
    "revenueEstimated": 4206006443,
    "updatedFromDate": "2025-04-25",
    "fiscalDateEnding": "2023-12-31"
  },
  {
    "date": "2023-11-03",
    "symbol": "D",
    "eps": 0.77,
    "epsEstimated": 0.78,
    "time": "bmo",
    "revenue": 3810000000,
    "revenueEstimated": 4669580000,
    "updatedFromDate": "2025-04-25",
    "fiscalDateEnding": "2023-09-30"
  },
  {
    "date": "2023-08-04",
    "symbol": "D",
    "eps": 0.53,
    "epsEstimated": 0.47,
    "time": "bmo",
    "revenue": 3166000000,
    "revenueEstimated": 3722350000,
    "updatedFromDate": "2025-04-25",
    "fiscalDateEnding": "2023-06-30"
  },
  {
    "date": "2023-05-05",
    "symbol": "D",
    "eps": 0.99,
    "epsEstimated": 0.97,
    "time": "bmo",
    "revenue": 3883000000,
    "revenueEstimated": 4457740000,
    "updatedFromDate": "2025-04-25",
    "fiscalDateEnding": "2023-03-31"
  },
  {
    "date": "2023-02-08",
    "symbol": "D",
    "eps": 1.06,
    "epsEstimated": 1.03,
    "time": "bmo",
    "revenue": 4913000000,
    "revenueEstimated": 4210322487,
    "updatedFromDate": "2025-04-25",
    "fiscalDateEnding": "2022-12-31"
  },
  {
    "date": "2022-11-04",
    "symbol": "D",
    "eps": 1.11,
    "epsEstimated": 1.08,
    "time": "bmo",
    "revenue": 3963000000,
    "revenueEstimated": 3984654241,
    "updatedFromDate": "2025-04-25",
    "fiscalDateEnding": "2022-09-30"
  },
  {
    "date": "2022-08-08",
    "symbol": "D",
    "eps": 0.77,
    "epsEstimated": 0.77,
    "time": "bmo",
    "revenue": 3596000000,
    "revenueEstimated": 3507469475,
    "updatedFromDate": "2025-04-25",
    "fiscalDateEnding": "2022-06-30"
  },
  {
    "date": "2022-05-05",
    "symbol": "D",
    "eps": 1.18,
    "epsEstimated": 1.19,
    "time": "bmo",
    "revenue": 4279000000,
    "revenueEstimated": 4314308385,
    "updatedFromDate": "2025-04-25",
    "fiscalDateEnding": "2022-03-31"
  },
  {
    "date": "2022-02-11",
    "symbol": "D",
    "eps": 0.9,
    "epsEstimated": 0.9,
    "time": "bmo",
    "revenue": 3880000000,
    "revenueEstimated": 4036701837,
    "updatedFromDate": "2025-04-25",
    "fiscalDateEnding": "2021-12-31"
  },
  {
    "date": "2021-11-05",
    "symbol": "D",
    "eps": 1.11,
    "epsEstimated": 1.06,
    "time": "bmo",
    "revenue": 3176000000,
    "revenueEstimated": 3973010000,
    "updatedFromDate": "2025-04-25",
    "fiscalDateEnding": "2021-09-30"
  },
  {
    "date": "2021-08-06",
    "symbol": "D",
    "eps": 0.76,
    "epsEstimated": 0.77,
    "time": "bmo",
    "revenue": 3038000000,
    "revenueEstimated": 3038000000,
    "updatedFromDate": "2025-04-25",
    "fiscalDateEnding": "2021-06-30"
  },
  {
    "date": "2021-05-04",
    "symbol": "D",
    "eps": 1.09,
    "epsEstimated": 1.08,
    "time": "bmo",
    "revenue": 3870000000,
    "revenueEstimated": 4106170000,
    "updatedFromDate": "2025-04-25",
    "fiscalDateEnding": "2021-03-31"
  },
  {
    "date": "2021-02-12",
    "symbol": "D",
    "eps": 0.81,
    "epsEstimated": 0.8,
    "time": "bmo",
    "revenue": 3521000000,
    "revenueEstimated": 3476987500,
    "updatedFromDate": "2025-04-25",
    "fiscalDateEnding": "2020-12-31"
  },
  {
    "date": "2020-11-05",
    "symbol": "D",
    "eps": 1.08,
    "epsEstimated": 1,
    "time": "bmo",
    "revenue": 3607000000,
    "revenueEstimated": 3279090909,
    "updatedFromDate": "2025-04-25",
    "fiscalDateEnding": "2020-09-30"
  },
  {
    "date": "2020-07-31",
    "symbol": "D",
    "eps": 0.82,
    "epsEstimated": 0.81,
    "time": "bmo",
    "revenue": 3106000000,
    "revenueEstimated": 3322682926,
    "updatedFromDate": "2025-04-25",
    "fiscalDateEnding": "2020-06-30"
  },
  {
    "date": "2020-05-05",
    "symbol": "D",
    "eps": 1.09,
    "epsEstimated": 1.1,
    "time": "bmo",
    "revenue": 3938000000,
    "revenueEstimated": 4496000000,
    "updatedFromDate": "2025-04-25",
    "fiscalDateEnding": "2020-03-31"
  },
  {
    "date": "2020-02-11",
    "symbol": "D",
    "eps": 1.18,
    "epsEstimated": 1.16,
    "time": "bmo",
    "revenue": 4475000000,
    "revenueEstimated": 4399152542,
    "updatedFromDate": "2025-04-25",
    "fiscalDateEnding": "2019-12-31"
  },
  {
    "date": "2019-11-01",
    "symbol": "D",
    "eps": 1.18,
    "epsEstimated": 1.14,
    "time": "bmo",
    "revenue": 3782000000,
    "revenueEstimated": 4124288135,
    "updatedFromDate": "2025-04-25",
    "fiscalDateEnding": "2019-09-30"
  },
  {
    "date": "2019-07-31",
    "symbol": "D",
    "eps": 0.77,
    "epsEstimated": 0.75,
    "time": "bmo",
    "revenue": 3970000000,
    "revenueEstimated": 3918441558,
    "updatedFromDate": "2025-04-25",
    "fiscalDateEnding": "2019-06-30"
  },
  {
    "date": "2019-05-03",
    "symbol": "D",
    "eps": 1.1,
    "epsEstimated": 1.12,
    "time": "bmo",
    "revenue": 3858000000,
    "revenueEstimated": 3893072727,
    "updatedFromDate": "2025-04-25",
    "fiscalDateEnding": "2019-03-31"
  },
  {
    "date": "2019-02-01",
    "symbol": "D",
    "eps": 0.89,
    "epsEstimated": 0.9,
    "time": "bmo",
    "revenue": 3361000000,
    "revenueEstimated": 3398764044,
    "updatedFromDate": "2025-04-25",
    "fiscalDateEnding": "2018-12-31"
  },
  {
    "date": "2018-11-01",
    "symbol": "D",
    "eps": 1.15,
    "epsEstimated": 1.13,
    "time": "bmo",
    "revenue": 3451000000,
    "revenueEstimated": 3390982608,
    "updatedFromDate": "2025-04-25",
    "fiscalDateEnding": "2018-09-30"
  },
  {
    "date": "2018-08-01",
    "symbol": "D",
    "eps": 0.86,
    "epsEstimated": 0.79,
    "time": "bmo",
    "revenue": 3088000000,
    "revenueEstimated": 2836651162,
    "updatedFromDate": "2025-04-25",
    "fiscalDateEnding": "2018-06-30"
  },
  {
    "date": "2018-04-27",
    "symbol": "D",
    "eps": 1.14,
    "epsEstimated": 1.03,
    "time": "bmo",
    "revenue": 3466000000,
    "revenueEstimated": 3192368421,
    "updatedFromDate": "2025-04-25",
    "fiscalDateEnding": "2018-03-31"
  },
  {
    "date": "2018-01-29",
    "symbol": "D",
    "eps": 0.91,
    "epsEstimated": 0.88,
    "time": "bmo",
    "revenue": 3210000000,
    "revenueEstimated": 3139450549,
    "updatedFromDate": "2025-04-25",
    "fiscalDateEnding": "2017-12-31"
  },
  {
    "date": "2017-10-30",
    "symbol": "D",
    "eps": 1.04,
    "epsEstimated": 1.02,
    "time": "bmo",
    "revenue": 3179000000,
    "revenueEstimated": 3117865384,
    "updatedFromDate": "2025-04-25",
    "fiscalDateEnding": "2017-09-30"
  },
  {
    "date": "2017-08-02",
    "symbol": "D",
    "eps": 0.67,
    "epsEstimated": 0.67,
    "time": "bmo",
    "revenue": 2813000000,
    "revenueEstimated": 2813000000,
    "updatedFromDate": "2025-04-25",
    "fiscalDateEnding": "2017-06-30"
  },
  {
    "date": "2017-05-04",
    "symbol": "D",
    "eps": 0.97,
    "epsEstimated": 0.96,
    "time": "bmo",
    "revenue": 3384000000,
    "revenueEstimated": 3349113402,
    "updatedFromDate": "2025-04-25",
    "fiscalDateEnding": "2017-03-31"
  },
  {
    "date": "2017-02-01",
    "symbol": "D",
    "eps": 0.99,
    "epsEstimated": 1,
    "time": "bmo",
    "revenue": 3086000000,
    "revenueEstimated": 3117171717,
    "updatedFromDate": "2025-04-25",
    "fiscalDateEnding": "2016-12-31"
  },
  {
    "date": "2016-10-31",
    "symbol": "D",
    "eps": 1.14,
    "epsEstimated": 1.07,
    "time": "bmo",
    "revenue": 3132000000,
    "revenueEstimated": 2939684210,
    "updatedFromDate": "2025-04-25",
    "fiscalDateEnding": "2016-09-30"
  },
  {
    "date": "2016-08-03",
    "symbol": "D",
    "eps": 0.71,
    "epsEstimated": 0.71,
    "time": "bmo",
    "revenue": 2598000000,
    "revenueEstimated": 2598000000,
    "updatedFromDate": "2025-04-25",
    "fiscalDateEnding": "2016-06-30"
  }
]