[
  {
    "date": "2026-04-07",
    "symbol": "DAL",
    "eps": null,
    "epsEstimated": null,
    "time": "bmo",
    "revenue": null,
    "revenueEstimated": null,
    "updatedFromDate": "2025-10-02",
    "fiscalDateEnding": "2026-03-30"
  },
  {
    "date": "2026-01-08",
    "symbol": "DAL",
    "eps": null,
    "epsEstimated": null,
    "time": "bmo",
    "revenue": null,
    "revenueEstimated": null,
    "updatedFromDate": "2025-10-02",
    "fiscalDateEnding": "2025-12-30"
  },
  {
    "date": "2025-10-09",
    "symbol": "DAL",
    "eps": null,
    "epsEstimated": 1.56,
    "time": "bmo",
    "revenue": null,
    "revenueEstimated": 15938986330,
    "updatedFromDate": "2025-10-02",
    "fiscalDateEnding": "2025-09-30"
  },
  {
    "date": "2025-07-10",
    "symbol": "DAL",
    "eps": 2.1,
    "epsEstimated": 2.06,
    "time": "bmo",
    "revenue": 16648000000,
    "revenueEstimated": 15460269663,
    "updatedFromDate": "2025-10-02",
    "fiscalDateEnding": "2025-06-30"
  },
  {
    "date": "2025-04-09",
    "symbol": "DAL",
    "eps": 0.46,
    "epsEstimated": 0.3805,
    "time": "bmo",
    "revenue": 14040000000,
    "revenueEstimated": 12975993282,
    "updatedFromDate": "2025-07-09",
    "fiscalDateEnding": "2025-03-31"
  },
  {
    "date": "2025-01-10",
    "symbol": "DAL",
    "eps": 1.85,
    "epsEstimated": 1.74,
    "time": "bmo",
    "revenue": 15559000000,
    "revenueEstimated": 14192514092,
    "updatedFromDate": "2025-04-25",
    "fiscalDateEnding": "2024-12-31"
  },
  {
    "date": "2024-10-10",
    "symbol": "DAL",
    "eps": 1.5,
    "epsEstimated": 1.52,
    "time": "bmo",
    "revenue": 15677000000,
    "revenueEstimated": 14645748655,
    "updatedFromDate": "2025-04-25",
    "fiscalDateEnding": "2024-09-30"
  },
  {
    "date": "2024-07-11",
    "symbol": "DAL",
    "eps": 2.36,
    "epsEstimated": 2.36,
    "time": "bmo",
    "revenue": 16658000000,
    "revenueEstimated": 15447873659,
    "updatedFromDate": "2025-04-25",
    "fiscalDateEnding": "2024-06-30"
  },
  {
    "date": "2024-04-10",
    "symbol": "DAL",
    "eps": 0.45,
    "epsEstimated": 0.3702,
    "time": "bmo",
    "revenue": 13748000000,
    "revenueEstimated": 12514987383,
    "updatedFromDate": "2025-04-25",
    "fiscalDateEnding": "2024-03-31"
  },
  {
    "date": "2024-01-12",
    "symbol": "DAL",
    "eps": 1.28,
    "epsEstimated": 1.17,
    "time": "bmo",
    "revenue": 14223000000,
    "revenueEstimated": 13522900000,
    "updatedFromDate": "2025-04-25",
    "fiscalDateEnding": "2023-12-31"
  },
  {
    "date": "2023-10-12",
    "symbol": "DAL",
    "eps": 2.03,
    "epsEstimated": 1.95,
    "time": "bmo",
    "revenue": 15488000000,
    "revenueEstimated": 14537700000,
    "updatedFromDate": "2025-04-25",
    "fiscalDateEnding": "2023-09-30"
  },
  {
    "date": "2023-07-13",
    "symbol": "DAL",
    "eps": 2.68,
    "epsEstimated": 2.4,
    "time": "bmo",
    "revenue": 15578000000,
    "revenueEstimated": 14450400000,
    "updatedFromDate": "2025-04-25",
    "fiscalDateEnding": "2023-06-30"
  },
  {
    "date": "2023-04-13",
    "symbol": "DAL",
    "eps": 0.25,
    "epsEstimated": 0.29,
    "time": "bmo",
    "revenue": 12759000000,
    "revenueEstimated": 14123200000,
    "updatedFromDate": "2025-04-25",
    "fiscalDateEnding": "2023-03-31"
  },
  {
    "date": "2023-01-13",
    "symbol": "DAL",
    "eps": 1.48,
    "epsEstimated": 1.33,
    "time": "bmo",
    "revenue": 13435000000,
    "revenueEstimated": 12225955523,
    "updatedFromDate": "2025-04-25",
    "fiscalDateEnding": "2022-12-31"
  },
  {
    "date": "2022-10-13",
    "symbol": "DAL",
    "eps": 1.51,
    "epsEstimated": 1.56,
    "time": "bmo",
    "revenue": 13975000000,
    "revenueEstimated": 12861814321,
    "updatedFromDate": "2025-04-25",
    "fiscalDateEnding": "2022-09-30"
  },
  {
    "date": "2022-07-13",
    "symbol": "DAL",
    "eps": 1.44,
    "epsEstimated": 1.73,
    "time": "bmo",
    "revenue": 13824000000,
    "revenueEstimated": 12372101307,
    "updatedFromDate": "2025-04-25",
    "fiscalDateEnding": "2022-06-30"
  },
  {
    "date": "2022-04-13",
    "symbol": "DAL",
    "eps": -1.23,
    "epsEstimated": -1.28,
    "time": "bmo",
    "revenue": 9348000000,
    "revenueEstimated": 8773571823,
    "updatedFromDate": "2025-04-25",
    "fiscalDateEnding": "2022-03-31"
  },
  {
    "date": "2022-01-13",
    "symbol": "DAL",
    "eps": 0.22,
    "epsEstimated": 0.15,
    "time": "bmo",
    "revenue": 9470000000,
    "revenueEstimated": 8682250000,
    "updatedFromDate": "2025-04-25",
    "fiscalDateEnding": "2021-12-31"
  },
  {
    "date": "2021-10-13",
    "symbol": "DAL",
    "eps": 0.3,
    "epsEstimated": 0.15,
    "time": "bmo",
    "revenue": 9154000000,
    "revenueEstimated": 8663560000,
    "updatedFromDate": "2025-04-25",
    "fiscalDateEnding": "2021-09-30"
  },
  {
    "date": "2021-07-14",
    "symbol": "DAL",
    "eps": -1.07,
    "epsEstimated": -1.41,
    "time": "bmo",
    "revenue": 7126000000,
    "revenueEstimated": 6163020000,
    "updatedFromDate": "2025-04-25",
    "fiscalDateEnding": "2021-06-30"
  },
  {
    "date": "2021-04-15",
    "symbol": "DAL",
    "eps": -3.55,
    "epsEstimated": -3.08,
    "time": "bmo",
    "revenue": 4150000000,
    "revenueEstimated": 4060490000,
    "updatedFromDate": "2025-04-25",
    "fiscalDateEnding": "2021-03-31"
  },
  {
    "date": "2021-01-14",
    "symbol": "DAL",
    "eps": -2.53,
    "epsEstimated": -2.43,
    "time": "bmo",
    "revenue": 3973000000,
    "revenueEstimated": 3925324000,
    "updatedFromDate": "2025-04-25",
    "fiscalDateEnding": "2020-12-31"
  },
  {
    "date": "2020-10-13",
    "symbol": "DAL",
    "eps": -3.3,
    "epsEstimated": -3.14,
    "time": "bmo",
    "revenue": 3062000000,
    "revenueEstimated": 1761818181,
    "updatedFromDate": "2025-04-25",
    "fiscalDateEnding": "2020-09-30"
  },
  {
    "date": "2020-07-14",
    "symbol": "DAL",
    "eps": -4.43,
    "epsEstimated": -3.97,
    "time": "bmo",
    "revenue": 1468000000,
    "revenueEstimated": 1348704288,
    "updatedFromDate": "2025-04-25",
    "fiscalDateEnding": "2020-06-30"
  },
  {
    "date": "2020-04-22",
    "symbol": "DAL",
    "eps": -0.51,
    "epsEstimated": -0.72,
    "time": "bmo",
    "revenue": 8592000000,
    "revenueEstimated": 11792941176,
    "updatedFromDate": "2025-04-25",
    "fiscalDateEnding": "2020-03-31"
  },
  {
    "date": "2020-01-14",
    "symbol": "DAL",
    "eps": 1.7,
    "epsEstimated": 1.4,
    "time": "bmo",
    "revenue": 11439000000,
    "revenueEstimated": 9420352941,
    "updatedFromDate": "2025-04-25",
    "fiscalDateEnding": "2019-12-31"
  },
  {
    "date": "2019-10-10",
    "symbol": "DAL",
    "eps": 2.32,
    "epsEstimated": 2.26,
    "time": "bmo",
    "revenue": 12560000000,
    "revenueEstimated": 12235172413,
    "updatedFromDate": "2025-04-25",
    "fiscalDateEnding": "2019-09-30"
  },
  {
    "date": "2019-07-11",
    "symbol": "DAL",
    "eps": 2.35,
    "epsEstimated": 2.28,
    "time": "bmo",
    "revenue": 12536000000,
    "revenueEstimated": 12215931914,
    "updatedFromDate": "2025-04-25",
    "fiscalDateEnding": "2019-06-30"
  },
  {
    "date": "2019-04-10",
    "symbol": "DAL",
    "eps": 0.96,
    "epsEstimated": 0.9,
    "time": "bmo",
    "revenue": 10472000000,
    "revenueEstimated": 9817500000,
    "updatedFromDate": "2025-04-25",
    "fiscalDateEnding": "2019-03-31"
  },
  {
    "date": "2019-01-15",
    "symbol": "DAL",
    "eps": 1.3,
    "epsEstimated": 1.27,
    "time": "bmo",
    "revenue": 10742000000,
    "revenueEstimated": 10494107692,
    "updatedFromDate": "2025-04-25",
    "fiscalDateEnding": "2018-12-31"
  },
  {
    "date": "2018-10-11",
    "symbol": "DAL",
    "eps": 1.83,
    "epsEstimated": 1.74,
    "time": "bmo",
    "revenue": 11953000000,
    "revenueEstimated": 11554566666,
    "updatedFromDate": "2025-04-25",
    "fiscalDateEnding": "2018-09-30"
  },
  {
    "date": "2018-07-12",
    "symbol": "DAL",
    "eps": 1.77,
    "epsEstimated": 1.72,
    "time": "bmo",
    "revenue": 11775000000,
    "revenueEstimated": 11442372881,
    "updatedFromDate": "2025-04-25",
    "fiscalDateEnding": "2018-06-30"
  },
  {
    "date": "2018-04-12",
    "symbol": "DAL",
    "eps": 0.74,
    "epsEstimated": 0.73,
    "time": "bmo",
    "revenue": 9968000000,
    "revenueEstimated": 9833297297,
    "updatedFromDate": "2025-04-25",
    "fiscalDateEnding": "2018-03-31"
  },
  {
    "date": "2018-01-11",
    "symbol": "DAL",
    "eps": 0.96,
    "epsEstimated": 0.88,
    "time": "bmo",
    "revenue": 10245000000,
    "revenueEstimated": 9375666666,
    "updatedFromDate": "2025-04-25",
    "fiscalDateEnding": "2017-12-31"
  },
  {
    "date": "2017-10-11",
    "symbol": "DAL",
    "eps": 1.57,
    "epsEstimated": 1.53,
    "time": "bmo",
    "revenue": 11061000000,
    "revenueEstimated": 10779191082,
    "updatedFromDate": "2025-04-25",
    "fiscalDateEnding": "2017-09-30"
  },
  {
    "date": "2017-07-13",
    "symbol": "DAL",
    "eps": 1.64,
    "epsEstimated": 1.67,
    "time": "bmo",
    "revenue": 10747000000,
    "revenueEstimated": 10943591463,
    "updatedFromDate": "2025-04-25",
    "fiscalDateEnding": "2017-06-30"
  },
  {
    "date": "2017-04-12",
    "symbol": "DAL",
    "eps": 0.77,
    "epsEstimated": 0.75,
    "time": "bmo",
    "revenue": 9101000000,
    "revenueEstimated": 8864610389,
    "updatedFromDate": "2025-04-25",
    "fiscalDateEnding": "2017-03-31"
  },
  {
    "date": "2017-01-12",
    "symbol": "DAL",
    "eps": 0.82,
    "epsEstimated": 0.82,
    "time": "bmo",
    "revenue": 9458000000,
    "revenueEstimated": 9269000000,
    "updatedFromDate": "2025-04-25",
    "fiscalDateEnding": "2016-12-31"
  },
  {
    "date": "2016-10-13",
    "symbol": "DAL",
    "eps": 1.7,
    "epsEstimated": 1.65,
    "time": "bmo",
    "revenue": 10483000000,
    "revenueEstimated": 10174676470,
    "updatedFromDate": "2025-04-25",
    "fiscalDateEnding": "2016-09-30"
  },
  {
    "date": "2016-07-14",
    "symbol": "DAL",
    "eps": 1.47,
    "epsEstimated": 1.42,
    "time": "bmo",
    "revenue": 10447000000,
    "revenueEstimated": 10091659863,
    "updatedFromDate": "2025-04-25",
    "fiscalDateEnding": "2016-06-30"
  }
]