[
  {
    "date": "2026-05-04",
    "symbol": "DASH",
    "eps": null,
    "epsEstimated": null,
    "time": "amc",
    "revenue": null,
    "revenueEstimated": null,
    "updatedFromDate": "2025-09-29",
    "fiscalDateEnding": "2026-03-30"
  },
  {
    "date": "2026-02-09",
    "symbol": "DASH",
    "eps": null,
    "epsEstimated": null,
    "time": "amc",
    "revenue": null,
    "revenueEstimated": null,
    "updatedFromDate": "2025-09-29",
    "fiscalDateEnding": "2025-12-30"
  },
  {
    "date": "2025-10-29",
    "symbol": "DASH",
    "eps": null,
    "epsEstimated": 0.68,
    "time": "bmo",
    "revenue": null,
    "revenueEstimated": 3353898360,
    "updatedFromDate": "2025-09-29",
    "fiscalDateEnding": "2025-09-30"
  },
  {
    "date": "2025-08-06",
    "symbol": "DASH",
    "eps": 0.65,
    "epsEstimated": 0.4384,
    "time": "amc",
    "revenue": 3284000000,
    "revenueEstimated": 3162065136,
    "updatedFromDate": "2025-09-29",
    "fiscalDateEnding": "2025-06-30"
  },
  {
    "date": "2025-05-06",
    "symbol": "DASH",
    "eps": 0.44,
    "epsEstimated": 0.3914,
    "time": "bmo",
    "revenue": 3032000000,
    "revenueEstimated": 3096853736,
    "updatedFromDate": "2025-08-06",
    "fiscalDateEnding": "2025-03-31"
  },
  {
    "date": "2025-02-11",
    "symbol": "DASH",
    "eps": 0.33,
    "epsEstimated": 0.3372,
    "time": "amc",
    "revenue": 2873000000,
    "revenueEstimated": 2842211150,
    "updatedFromDate": "2025-05-11",
    "fiscalDateEnding": "2024-12-31"
  },
  {
    "date": "2024-10-30",
    "symbol": "DASH",
    "eps": 0.38,
    "epsEstimated": 0.22,
    "time": "amc",
    "revenue": 2706000000,
    "revenueEstimated": 2659334004,
    "updatedFromDate": "2025-04-25",
    "fiscalDateEnding": "2024-09-30"
  },
  {
    "date": "2024-08-01",
    "symbol": "DASH",
    "eps": -0.38,
    "epsEstimated": -0.09285,
    "time": "amc",
    "revenue": 2630000000,
    "revenueEstimated": 2539286847,
    "updatedFromDate": "2025-04-25",
    "fiscalDateEnding": "2024-06-30"
  },
  {
    "date": "2024-05-01",
    "symbol": "DASH",
    "eps": -0.06,
    "epsEstimated": -0.04283,
    "time": "amc",
    "revenue": 2513000000,
    "revenueEstimated": 2456519778,
    "updatedFromDate": "2025-04-25",
    "fiscalDateEnding": "2024-03-31"
  },
  {
    "date": "2024-02-15",
    "symbol": "DASH",
    "eps": -0.39,
    "epsEstimated": -0.15,
    "time": "amc",
    "revenue": 2303000000,
    "revenueEstimated": 2243130000,
    "updatedFromDate": "2025-04-25",
    "fiscalDateEnding": "2023-12-31"
  },
  {
    "date": "2023-11-01",
    "symbol": "DASH",
    "eps": -0.19,
    "epsEstimated": -0.45,
    "time": "amc",
    "revenue": 2164000000,
    "revenueEstimated": 2090300000,
    "updatedFromDate": "2025-04-25",
    "fiscalDateEnding": "2023-09-30"
  },
  {
    "date": "2023-08-02",
    "symbol": "DASH",
    "eps": -0.44,
    "epsEstimated": -0.42,
    "time": "amc",
    "revenue": 2133000000,
    "revenueEstimated": 2060790000,
    "updatedFromDate": "2025-04-25",
    "fiscalDateEnding": "2023-06-30"
  },
  {
    "date": "2023-05-04",
    "symbol": "DASH",
    "eps": -0.41,
    "epsEstimated": -0.56,
    "time": "amc",
    "revenue": 2035000000,
    "revenueEstimated": 1932260000,
    "updatedFromDate": "2025-04-25",
    "fiscalDateEnding": "2023-03-31"
  },
  {
    "date": "2023-02-16",
    "symbol": "DASH",
    "eps": -0.63,
    "epsEstimated": -0.7,
    "time": "amc",
    "revenue": 1818000000,
    "revenueEstimated": 1770460241,
    "updatedFromDate": "2025-04-25",
    "fiscalDateEnding": "2022-12-31"
  },
  {
    "date": "2022-11-03",
    "symbol": "DASH",
    "eps": -0.77,
    "epsEstimated": -0.6,
    "time": "amc",
    "revenue": 1701000000,
    "revenueEstimated": 1625737339,
    "updatedFromDate": "2025-04-25",
    "fiscalDateEnding": "2022-09-30"
  },
  {
    "date": "2022-08-04",
    "symbol": "DASH",
    "eps": -0.72,
    "epsEstimated": -0.39,
    "time": "amc",
    "revenue": 1608000000,
    "revenueEstimated": 1524410066,
    "updatedFromDate": "2025-04-25",
    "fiscalDateEnding": "2022-06-30"
  },
  {
    "date": "2022-05-05",
    "symbol": "DASH",
    "eps": -0.48,
    "epsEstimated": -0.38,
    "time": "amc",
    "revenue": 1456000000,
    "revenueEstimated": 1207414634,
    "updatedFromDate": "2025-04-25",
    "fiscalDateEnding": "2022-03-31"
  },
  {
    "date": "2022-02-16",
    "symbol": "DASH",
    "eps": -0.45,
    "epsEstimated": -0.28,
    "time": "amc",
    "revenue": 1300000000,
    "revenueEstimated": 1281650000,
    "updatedFromDate": "2025-04-25",
    "fiscalDateEnding": "2021-12-31"
  },
  {
    "date": "2021-11-09",
    "symbol": "DASH",
    "eps": -0.3,
    "epsEstimated": -0.27,
    "time": "amc",
    "revenue": 1275000000,
    "revenueEstimated": 1140920000,
    "updatedFromDate": "2025-04-25",
    "fiscalDateEnding": "2021-09-30"
  },
  {
    "date": "2021-08-12",
    "symbol": "DASH",
    "eps": -0.3,
    "epsEstimated": -0.2,
    "time": "amc",
    "revenue": 1236000000,
    "revenueEstimated": 1236000000,
    "updatedFromDate": "2025-04-25",
    "fiscalDateEnding": "2021-06-30"
  },
  {
    "date": "2021-05-13",
    "symbol": "DASH",
    "eps": -0.34,
    "epsEstimated": -0.23,
    "time": "amc",
    "revenue": 1077000000,
    "revenueEstimated": 745615384,
    "updatedFromDate": "2025-04-25",
    "fiscalDateEnding": "2021-03-31"
  },
  {
    "date": "2021-02-25",
    "symbol": "DASH",
    "eps": -2.67,
    "epsEstimated": -0.75,
    "time": "amc",
    "revenue": 970000000,
    "revenueEstimated": 4676785714,
    "updatedFromDate": "2025-04-25",
    "fiscalDateEnding": "2020-12-31"
  },
  {
    "date": "2020-12-09",
    "symbol": "DASH",
    "eps": 0.08123,
    "epsEstimated": null,
    "time": "bmo",
    "revenue": 675000000,
    "revenueEstimated": null,
    "updatedFromDate": "2025-04-25",
    "fiscalDateEnding": "2020-06-30"
  },
  {
    "date": "2020-09-29",
    "symbol": "DASH",
    "eps": -0.13537,
    "epsEstimated": null,
    "time": "amc",
    "revenue": 879000000,
    "revenueEstimated": null,
    "updatedFromDate": "2025-04-25",
    "fiscalDateEnding": "2020-09-30"
  },
  {
    "date": "2020-03-30",
    "symbol": "DASH",
    "eps": -0.4556,
    "epsEstimated": null,
    "time": "amc",
    "revenue": 362000000,
    "revenueEstimated": null,
    "updatedFromDate": "2025-04-25",
    "fiscalDateEnding": "2020-03-31"
  },
  {
    "date": "2019-12-30",
    "symbol": "DASH",
    "eps": -0.47326,
    "epsEstimated": null,
    "time": "amc",
    "revenue": 298000000,
    "revenueEstimated": null,
    "updatedFromDate": "2025-04-25",
    "fiscalDateEnding": "2019-12-31"
  }
]