[
  {
    "date": "2026-05-05",
    "symbol": "DAY",
    "eps": null,
    "epsEstimated": null,
    "time": "bmo",
    "revenue": null,
    "revenueEstimated": null,
    "updatedFromDate": "2025-09-29",
    "fiscalDateEnding": "2026-03-30"
  },
  {
    "date": "2026-02-03",
    "symbol": "DAY",
    "eps": null,
    "epsEstimated": null,
    "time": "bmo",
    "revenue": null,
    "revenueEstimated": null,
    "updatedFromDate": "2025-09-29",
    "fiscalDateEnding": "2025-12-30"
  },
  {
    "date": "2025-10-29",
    "symbol": "DAY",
    "eps": null,
    "epsEstimated": 0.56,
    "time": "bmo",
    "revenue": null,
    "revenueEstimated": null,
    "updatedFromDate": "2025-09-29",
    "fiscalDateEnding": "2025-09-30"
  },
  {
    "date": "2025-08-06",
    "symbol": "DAY",
    "eps": 0.61,
    "epsEstimated": 0.52,
    "time": "bmo",
    "revenue": 464700000,
    "revenueEstimated": 482416890,
    "updatedFromDate": "2025-09-29",
    "fiscalDateEnding": "2025-06-30"
  },
  {
    "date": "2025-05-07",
    "symbol": "DAY",
    "eps": 0.58,
    "epsEstimated": 0.548,
    "time": "bmo",
    "revenue": 481800000,
    "revenueEstimated": 476962325,
    "updatedFromDate": "2025-09-09",
    "fiscalDateEnding": "2025-03-31"
  },
  {
    "date": "2025-02-05",
    "symbol": "DAY",
    "eps": 0.6,
    "epsEstimated": 0.46,
    "time": "bmo",
    "revenue": 465200000,
    "revenueEstimated": 454996590,
    "updatedFromDate": "2025-09-09",
    "fiscalDateEnding": "2024-12-31"
  },
  {
    "date": "2024-10-30",
    "symbol": "DAY",
    "eps": 0.47,
    "epsEstimated": 0.4296,
    "time": "bmo",
    "revenue": 440000000,
    "revenueEstimated": 428341608,
    "updatedFromDate": "2025-09-09",
    "fiscalDateEnding": "2024-09-30"
  },
  {
    "date": "2024-07-31",
    "symbol": "DAY",
    "eps": 0.48,
    "epsEstimated": 0.37,
    "time": "bmo",
    "revenue": 423300000,
    "revenueEstimated": 417540000,
    "updatedFromDate": "2025-09-09",
    "fiscalDateEnding": "2024-06-30"
  },
  {
    "date": "2024-05-01",
    "symbol": "DAY",
    "eps": 0.43,
    "epsEstimated": 0.45,
    "time": "bmo",
    "revenue": 431500000,
    "revenueEstimated": 417540000,
    "updatedFromDate": "2025-09-09",
    "fiscalDateEnding": "2024-03-31"
  },
  {
    "date": "2024-02-07",
    "symbol": "DAY",
    "eps": 0.5,
    "epsEstimated": 0.32,
    "time": "bmo",
    "revenue": 399700000,
    "revenueEstimated": 399710000,
    "updatedFromDate": "2025-09-09",
    "fiscalDateEnding": "2023-12-31"
  },
  {
    "date": "2023-11-13",
    "symbol": "DAY",
    "eps": -0.03384,
    "epsEstimated": null,
    "time": "bmo",
    "revenue": 336100000,
    "revenueEstimated": null,
    "updatedFromDate": "2025-09-09",
    "fiscalDateEnding": "2022-12-31"
  },
  {
    "date": "2023-11-13",
    "symbol": "DAY",
    "eps": 0.01968,
    "epsEstimated": null,
    "time": "bmo",
    "revenue": 365900000,
    "revenueEstimated": null,
    "updatedFromDate": "2025-09-09",
    "fiscalDateEnding": "2023-06-30"
  },
  {
    "date": "2023-11-13",
    "symbol": "DAY",
    "eps": 0.06278,
    "epsEstimated": null,
    "time": "bmo",
    "revenue": 370600000,
    "revenueEstimated": null,
    "updatedFromDate": "2025-09-09",
    "fiscalDateEnding": "2023-03-31"
  },
  {
    "date": "2023-11-01",
    "symbol": "DAY",
    "eps": -0.02441,
    "epsEstimated": 0.2937,
    "time": "bmo",
    "revenue": 377500000,
    "revenueEstimated": 369440146,
    "updatedFromDate": "2025-09-09",
    "fiscalDateEnding": "2023-09-30"
  },
  {
    "date": "2022-11-02",
    "symbol": "DAY",
    "eps": -0.13709,
    "epsEstimated": 0.1182,
    "time": "bmo",
    "revenue": 315600000,
    "revenueEstimated": 305526771,
    "updatedFromDate": "2025-09-09",
    "fiscalDateEnding": "2022-09-30"
  },
  {
    "date": "2022-08-03",
    "symbol": "DAY",
    "eps": -0.12962,
    "epsEstimated": 0.103,
    "time": "bmo",
    "revenue": 301200000,
    "revenueEstimated": 294503621,
    "updatedFromDate": "2025-09-09",
    "fiscalDateEnding": "2022-06-30"
  },
  {
    "date": "2022-05-04",
    "symbol": "DAY",
    "eps": -0.18012,
    "epsEstimated": 0.07753,
    "time": "bmo",
    "revenue": 293300000,
    "revenueEstimated": 289316362,
    "updatedFromDate": "2025-09-09",
    "fiscalDateEnding": "2022-03-31"
  },
  {
    "date": "2022-02-25",
    "symbol": "DAY",
    "eps": -0.06272,
    "epsEstimated": null,
    "time": "bmo",
    "revenue": 282100000,
    "revenueEstimated": null,
    "updatedFromDate": "2025-09-09",
    "fiscalDateEnding": "2021-12-31"
  },
  {
    "date": "2021-11-03",
    "symbol": "DAY",
    "eps": -0.13892,
    "epsEstimated": null,
    "time": "bmo",
    "revenue": 257200000,
    "revenueEstimated": null,
    "updatedFromDate": "2025-09-09",
    "fiscalDateEnding": "2021-09-30"
  },
  {
    "date": "2021-08-04",
    "symbol": "DAY",
    "eps": -0.17281,
    "epsEstimated": null,
    "time": "bmo",
    "revenue": 250400000,
    "revenueEstimated": null,
    "updatedFromDate": "2025-09-09",
    "fiscalDateEnding": "2021-06-30"
  },
  {
    "date": "2021-05-05",
    "symbol": "DAY",
    "eps": -0.12911,
    "epsEstimated": null,
    "time": "bmo",
    "revenue": 234500000,
    "revenueEstimated": null,
    "updatedFromDate": "2025-09-09",
    "fiscalDateEnding": "2021-03-31"
  },
  {
    "date": "2021-02-26",
    "symbol": "DAY",
    "eps": -0.11682,
    "epsEstimated": null,
    "time": "bmo",
    "revenue": 222800000,
    "revenueEstimated": null,
    "updatedFromDate": "2025-09-09",
    "fiscalDateEnding": "2020-12-31"
  },
  {
    "date": "2020-11-05",
    "symbol": "DAY",
    "eps": -0.00544,
    "epsEstimated": null,
    "time": "bmo",
    "revenue": 204400000,
    "revenueEstimated": null,
    "updatedFromDate": "2025-09-09",
    "fiscalDateEnding": "2020-09-30"
  },
  {
    "date": "2020-08-05",
    "symbol": "DAY",
    "eps": 0.03632,
    "epsEstimated": null,
    "time": "bmo",
    "revenue": 192600000,
    "revenueEstimated": null,
    "updatedFromDate": "2025-09-09",
    "fiscalDateEnding": "2020-06-30"
  },
  {
    "date": "2020-05-06",
    "symbol": "DAY",
    "eps": 0.05689,
    "epsEstimated": null,
    "time": "bmo",
    "revenue": 222700000,
    "revenueEstimated": null,
    "updatedFromDate": "2025-09-09",
    "fiscalDateEnding": "2020-03-31"
  },
  {
    "date": "2020-02-28",
    "symbol": "DAY",
    "eps": -0.01041,
    "epsEstimated": null,
    "time": "bmo",
    "revenue": 221800000,
    "revenueEstimated": null,
    "updatedFromDate": "2025-09-09",
    "fiscalDateEnding": "2019-12-31"
  },
  {
    "date": "2019-11-07",
    "symbol": "DAY",
    "eps": 0.4204,
    "epsEstimated": null,
    "time": "bmo",
    "revenue": 202300000,
    "revenueEstimated": null,
    "updatedFromDate": "2025-09-09",
    "fiscalDateEnding": "2019-09-30"
  },
  {
    "date": "2019-07-30",
    "symbol": "DAY",
    "eps": 0.04247,
    "epsEstimated": null,
    "time": "bmo",
    "revenue": 196300000,
    "revenueEstimated": null,
    "updatedFromDate": "2025-09-09",
    "fiscalDateEnding": "2019-06-30"
  },
  {
    "date": "2019-05-01",
    "symbol": "DAY",
    "eps": 0.07617,
    "epsEstimated": null,
    "time": "bmo",
    "revenue": 203700000,
    "revenueEstimated": null,
    "updatedFromDate": "2025-09-09",
    "fiscalDateEnding": "2019-03-31"
  },
  {
    "date": "2019-02-28",
    "symbol": "DAY",
    "eps": -0.00143,
    "epsEstimated": null,
    "time": "bmo",
    "revenue": 200300000,
    "revenueEstimated": null,
    "updatedFromDate": "2025-09-09",
    "fiscalDateEnding": "2018-12-31"
  },
  {
    "date": "2018-10-29",
    "symbol": "DAY",
    "eps": 0.03033,
    "epsEstimated": null,
    "time": "bmo",
    "revenue": 179600000,
    "revenueEstimated": null,
    "updatedFromDate": "2025-09-09",
    "fiscalDateEnding": "2018-09-30"
  },
  {
    "date": "2018-08-09",
    "symbol": "DAY",
    "eps": -0.57805,
    "epsEstimated": null,
    "time": "bmo",
    "revenue": 179300000,
    "revenueEstimated": null,
    "updatedFromDate": "2025-09-09",
    "fiscalDateEnding": "2018-06-30"
  },
  {
    "date": "2018-05-24",
    "symbol": "DAY",
    "eps": -0.01557,
    "epsEstimated": null,
    "time": "bmo",
    "revenue": 208900000,
    "revenueEstimated": null,
    "updatedFromDate": "2025-09-09",
    "fiscalDateEnding": "2018-03-31"
  },
  {
    "date": "2017-12-30",
    "symbol": "DAY",
    "eps": 0.3357,
    "epsEstimated": null,
    "time": "bmo",
    "revenue": 262300000,
    "revenueEstimated": null,
    "updatedFromDate": "2025-09-09",
    "fiscalDateEnding": "2017-12-31"
  },
  {
    "date": "2017-09-30",
    "symbol": "DAY",
    "eps": -0.15094,
    "epsEstimated": null,
    "time": "bmo",
    "revenue": 163500000,
    "revenueEstimated": null,
    "updatedFromDate": "2025-09-09",
    "fiscalDateEnding": "2017-09-30"
  },
  {
    "date": "2017-06-29",
    "symbol": "DAY",
    "eps": -0.17197,
    "epsEstimated": null,
    "time": "bmo",
    "revenue": 157500000,
    "revenueEstimated": null,
    "updatedFromDate": "2025-09-09",
    "fiscalDateEnding": "2017-06-30"
  },
  {
    "date": "2017-03-31",
    "symbol": "DAY",
    "eps": -0.17222,
    "epsEstimated": null,
    "time": "bmo",
    "revenue": 187000000,
    "revenueEstimated": null,
    "updatedFromDate": "2025-09-09",
    "fiscalDateEnding": "2017-03-31"
  },
  {
    "date": "2016-12-30",
    "symbol": "DAY",
    "eps": -0.46461,
    "epsEstimated": null,
    "time": "bmo",
    "revenue": 108400000,
    "revenueEstimated": null,
    "updatedFromDate": "2025-09-09",
    "fiscalDateEnding": "2016-12-31"
  },
  {
    "date": "2016-09-29",
    "symbol": "DAY",
    "eps": -0.41581,
    "epsEstimated": null,
    "time": "bmo",
    "revenue": 169900000,
    "revenueEstimated": null,
    "updatedFromDate": "2025-09-09",
    "fiscalDateEnding": "2016-09-30"
  }
]