[
  {
    "date": "2026-04-30",
    "symbol": "DD",
    "eps": null,
    "epsEstimated": null,
    "time": "bmo",
    "revenue": null,
    "revenueEstimated": null,
    "updatedFromDate": "2025-10-02",
    "fiscalDateEnding": "2026-03-30"
  },
  {
    "date": "2026-02-09",
    "symbol": "DD",
    "eps": null,
    "epsEstimated": null,
    "time": "bmo",
    "revenue": null,
    "revenueEstimated": null,
    "updatedFromDate": "2025-10-02",
    "fiscalDateEnding": "2025-12-30"
  },
  {
    "date": "2025-11-04",
    "symbol": "DD",
    "eps": null,
    "epsEstimated": 1.13,
    "time": "bmo",
    "revenue": null,
    "revenueEstimated": null,
    "updatedFromDate": "2025-10-02",
    "fiscalDateEnding": "2025-09-30"
  },
  {
    "date": "2025-08-05",
    "symbol": "DD",
    "eps": 1.12,
    "epsEstimated": 1.06,
    "time": "bmo",
    "revenue": 3257000000,
    "revenueEstimated": 3239934368,
    "updatedFromDate": "2025-10-02",
    "fiscalDateEnding": "2025-06-30"
  },
  {
    "date": "2025-05-02",
    "symbol": "DD",
    "eps": 1.03,
    "epsEstimated": 0.955,
    "time": "bmo",
    "revenue": 3066000000,
    "revenueEstimated": 3043991080,
    "updatedFromDate": "2025-08-02",
    "fiscalDateEnding": "2025-03-31"
  },
  {
    "date": "2025-02-11",
    "symbol": "DD",
    "eps": 1.13,
    "epsEstimated": 0.98,
    "time": "bmo",
    "revenue": 3092000000,
    "revenueEstimated": 3067616835,
    "updatedFromDate": "2025-05-11",
    "fiscalDateEnding": "2024-12-31"
  },
  {
    "date": "2024-11-05",
    "symbol": "DD",
    "eps": 1.18,
    "epsEstimated": 1.03,
    "time": "bmo",
    "revenue": 3192000000,
    "revenueEstimated": 3203297288,
    "updatedFromDate": "2025-04-25",
    "fiscalDateEnding": "2024-09-30"
  },
  {
    "date": "2024-07-31",
    "symbol": "DD",
    "eps": 0.97,
    "epsEstimated": 0.853,
    "time": "bmo",
    "revenue": 3171000000,
    "revenueEstimated": 3050062298,
    "updatedFromDate": "2025-04-25",
    "fiscalDateEnding": "2024-06-30"
  },
  {
    "date": "2024-05-01",
    "symbol": "DD",
    "eps": 0.79,
    "epsEstimated": 0.647,
    "time": "bmo",
    "revenue": 2931000000,
    "revenueEstimated": 2813089548,
    "updatedFromDate": "2025-04-25",
    "fiscalDateEnding": "2024-03-31"
  },
  {
    "date": "2024-02-06",
    "symbol": "DD",
    "eps": 0.87,
    "epsEstimated": 0.85,
    "time": "bmo",
    "revenue": 2898000000,
    "revenueEstimated": 2929210000,
    "updatedFromDate": "2025-04-25",
    "fiscalDateEnding": "2023-12-31"
  },
  {
    "date": "2023-11-01",
    "symbol": "DD",
    "eps": 0.92,
    "epsEstimated": 0.84,
    "time": "bmo",
    "revenue": 3058000000,
    "revenueEstimated": 4199080000,
    "updatedFromDate": "2025-04-25",
    "fiscalDateEnding": "2023-09-30"
  },
  {
    "date": "2023-08-02",
    "symbol": "DD",
    "eps": 0.85,
    "epsEstimated": 0.83,
    "time": "bmo",
    "revenue": 3094000000,
    "revenueEstimated": 4199080000,
    "updatedFromDate": "2025-04-25",
    "fiscalDateEnding": "2023-06-30"
  },
  {
    "date": "2023-05-02",
    "symbol": "DD",
    "eps": 0.84,
    "epsEstimated": 0.81,
    "time": "bmo",
    "revenue": 3018000000,
    "revenueEstimated": 4199080000,
    "updatedFromDate": "2025-04-25",
    "fiscalDateEnding": "2023-03-31"
  },
  {
    "date": "2023-02-07",
    "symbol": "DD",
    "eps": 0.89,
    "epsEstimated": 0.79,
    "time": "bmo",
    "revenue": 3104000000,
    "revenueEstimated": 3102993648,
    "updatedFromDate": "2025-04-25",
    "fiscalDateEnding": "2022-12-31"
  },
  {
    "date": "2022-11-08",
    "symbol": "DD",
    "eps": 0.82,
    "epsEstimated": 0.81,
    "time": "bmo",
    "revenue": 3317000000,
    "revenueEstimated": 3215349541,
    "updatedFromDate": "2025-04-25",
    "fiscalDateEnding": "2022-09-30"
  },
  {
    "date": "2022-08-02",
    "symbol": "DD",
    "eps": 0.88,
    "epsEstimated": 0.74,
    "time": "bmo",
    "revenue": 3322000000,
    "revenueEstimated": 3258409309,
    "updatedFromDate": "2025-04-25",
    "fiscalDateEnding": "2022-06-30"
  },
  {
    "date": "2022-05-03",
    "symbol": "DD",
    "eps": 0.82,
    "epsEstimated": 0.67,
    "time": "bmo",
    "revenue": 3274000000,
    "revenueEstimated": 3207994548,
    "updatedFromDate": "2025-04-25",
    "fiscalDateEnding": "2022-03-31"
  },
  {
    "date": "2022-02-08",
    "symbol": "DD",
    "eps": 1.08,
    "epsEstimated": 1.01,
    "time": "bmo",
    "revenue": 3246000000,
    "revenueEstimated": 4026187548,
    "updatedFromDate": "2025-04-25",
    "fiscalDateEnding": "2021-12-31"
  },
  {
    "date": "2021-11-02",
    "symbol": "DD",
    "eps": 1.15,
    "epsEstimated": 1.12,
    "time": "bmo",
    "revenue": 4271000000,
    "revenueEstimated": 4204990000,
    "updatedFromDate": "2025-04-25",
    "fiscalDateEnding": "2021-09-30"
  },
  {
    "date": "2021-08-03",
    "symbol": "DD",
    "eps": 1.06,
    "epsEstimated": 0.94,
    "time": "bmo",
    "revenue": 4135000000,
    "revenueEstimated": 4135000000,
    "updatedFromDate": "2025-04-25",
    "fiscalDateEnding": "2021-06-30"
  },
  {
    "date": "2021-05-04",
    "symbol": "DD",
    "eps": 0.91,
    "epsEstimated": 0.77,
    "time": "bmo",
    "revenue": 3976000000,
    "revenueEstimated": 3815840000,
    "updatedFromDate": "2025-04-25",
    "fiscalDateEnding": "2021-03-31"
  },
  {
    "date": "2021-02-09",
    "symbol": "DD",
    "eps": 0.95,
    "epsEstimated": 0.92,
    "time": "bmo",
    "revenue": 5252000000,
    "revenueEstimated": 5042880000,
    "updatedFromDate": "2025-04-25",
    "fiscalDateEnding": "2020-12-31"
  },
  {
    "date": "2020-10-29",
    "symbol": "DD",
    "eps": 0.88,
    "epsEstimated": 0.77,
    "time": "bmo",
    "revenue": 5096000000,
    "revenueEstimated": 4343181818,
    "updatedFromDate": "2025-04-25",
    "fiscalDateEnding": "2020-09-30"
  },
  {
    "date": "2020-07-30",
    "symbol": "DD",
    "eps": 0.7,
    "epsEstimated": 0.59,
    "time": "bmo",
    "revenue": 4828000000,
    "revenueEstimated": 8469871428,
    "updatedFromDate": "2025-04-25",
    "fiscalDateEnding": "2020-06-30"
  },
  {
    "date": "2020-05-05",
    "symbol": "DD",
    "eps": 0.84,
    "epsEstimated": 0.83,
    "time": "bmo",
    "revenue": 5221000000,
    "revenueEstimated": null,
    "updatedFromDate": "2025-04-25",
    "fiscalDateEnding": "2020-03-31"
  },
  {
    "date": "2020-01-30",
    "symbol": "DD",
    "eps": 0.95,
    "epsEstimated": 0.96,
    "time": "bmo",
    "revenue": 5204000000,
    "revenueEstimated": null,
    "updatedFromDate": "2025-04-25",
    "fiscalDateEnding": "2019-12-31"
  },
  {
    "date": "2019-10-31",
    "symbol": "DD",
    "eps": 0.96,
    "epsEstimated": 0.95,
    "time": "bmo",
    "revenue": 5426000000,
    "revenueEstimated": null,
    "updatedFromDate": "2025-04-25",
    "fiscalDateEnding": "2019-09-30"
  },
  {
    "date": "2019-08-06",
    "symbol": "DD",
    "eps": -0.76235,
    "epsEstimated": null,
    "time": "bmo",
    "revenue": 5468000000,
    "revenueEstimated": null,
    "updatedFromDate": "2025-04-25",
    "fiscalDateEnding": "2019-06-30"
  },
  {
    "date": "2019-08-01",
    "symbol": "DD",
    "eps": 0.97,
    "epsEstimated": 0.86,
    "time": "bmo",
    "revenue": 19649000000,
    "revenueEstimated": null,
    "updatedFromDate": "2025-04-25",
    "fiscalDateEnding": "2019-03-31"
  },
  {
    "date": "2019-02-11",
    "symbol": "DD",
    "eps": 0.631,
    "epsEstimated": null,
    "time": "bmo",
    "revenue": 20099000000,
    "revenueEstimated": null,
    "updatedFromDate": "2025-04-25",
    "fiscalDateEnding": "2018-12-31"
  },
  {
    "date": "2018-11-02",
    "symbol": "DD",
    "eps": 0.65,
    "epsEstimated": null,
    "time": "bmo",
    "revenue": 20123000000,
    "revenueEstimated": null,
    "updatedFromDate": "2025-04-25",
    "fiscalDateEnding": "2018-09-30"
  },
  {
    "date": "2018-08-03",
    "symbol": "DD",
    "eps": 2.28,
    "epsEstimated": null,
    "time": "bmo",
    "revenue": 5857000000,
    "revenueEstimated": null,
    "updatedFromDate": "2025-04-25",
    "fiscalDateEnding": "2018-06-30"
  },
  {
    "date": "2018-05-04",
    "symbol": "DD",
    "eps": 1.42,
    "epsEstimated": null,
    "time": "bmo",
    "revenue": 21510000000,
    "revenueEstimated": null,
    "updatedFromDate": "2025-04-25",
    "fiscalDateEnding": "2018-03-31"
  },
  {
    "date": "2018-02-15",
    "symbol": "DD",
    "eps": -1.62835,
    "epsEstimated": null,
    "time": "bmo",
    "revenue": 20066000000,
    "revenueEstimated": null,
    "updatedFromDate": "2025-04-25",
    "fiscalDateEnding": "2017-12-31"
  },
  {
    "date": "2017-11-02",
    "symbol": "DD",
    "eps": 1.65,
    "epsEstimated": 1.35,
    "time": "bmo",
    "revenue": 15354000000,
    "revenueEstimated": null,
    "updatedFromDate": "2025-04-25",
    "fiscalDateEnding": "2017-09-30"
  },
  {
    "date": "2017-07-27",
    "symbol": "DD",
    "eps": 3.24,
    "epsEstimated": 3.03,
    "time": "bmo",
    "revenue": 13834000000,
    "revenueEstimated": null,
    "updatedFromDate": "2025-04-25",
    "fiscalDateEnding": "2017-06-30"
  },
  {
    "date": "2017-04-27",
    "symbol": "DD",
    "eps": 3.12,
    "epsEstimated": 2.97,
    "time": "bmo",
    "revenue": 13230000000,
    "revenueEstimated": null,
    "updatedFromDate": "2025-04-25",
    "fiscalDateEnding": "2017-03-31"
  },
  {
    "date": "2017-01-26",
    "symbol": "DD",
    "eps": 2.97,
    "epsEstimated": 2.64,
    "time": "bmo",
    "revenue": 13020000000,
    "revenueEstimated": null,
    "updatedFromDate": "2025-04-25",
    "fiscalDateEnding": "2016-12-31"
  },
  {
    "date": "2016-10-27",
    "symbol": "DD",
    "eps": 2.73,
    "epsEstimated": 2.4,
    "time": "bmo",
    "revenue": 12483000000,
    "revenueEstimated": null,
    "updatedFromDate": "2025-04-25",
    "fiscalDateEnding": "2016-09-30"
  },
  {
    "date": "2016-07-28",
    "symbol": "DD",
    "eps": 2.85,
    "epsEstimated": 2.55,
    "time": "bmo",
    "revenue": 11952000000,
    "revenueEstimated": null,
    "updatedFromDate": "2025-04-25",
    "fiscalDateEnding": "2016-06-30"
  }
]