[
  {
    "date": "2026-05-04",
    "symbol": "DDOG",
    "eps": null,
    "epsEstimated": null,
    "time": "bmo",
    "revenue": null,
    "revenueEstimated": null,
    "updatedFromDate": "2025-09-22",
    "fiscalDateEnding": "2026-03-30"
  },
  {
    "date": "2026-02-11",
    "symbol": "DDOG",
    "eps": null,
    "epsEstimated": null,
    "time": "bmo",
    "revenue": null,
    "revenueEstimated": null,
    "updatedFromDate": "2025-09-22",
    "fiscalDateEnding": "2025-12-30"
  },
  {
    "date": "2025-11-06",
    "symbol": "DDOG",
    "eps": null,
    "epsEstimated": 0.45,
    "time": "bmo",
    "revenue": null,
    "revenueEstimated": 852770880,
    "updatedFromDate": "2025-09-22",
    "fiscalDateEnding": "2025-09-30"
  },
  {
    "date": "2025-08-07",
    "symbol": "DDOG",
    "eps": 0.46,
    "epsEstimated": 0.4103,
    "time": "bmo",
    "revenue": 826760000,
    "revenueEstimated": 791123833,
    "updatedFromDate": "2025-09-22",
    "fiscalDateEnding": "2025-06-30"
  },
  {
    "date": "2025-05-06",
    "symbol": "DDOG",
    "eps": 0.46,
    "epsEstimated": 0.4312,
    "time": "bmo",
    "revenue": 761553000,
    "revenueEstimated": 741413084,
    "updatedFromDate": "2025-08-05",
    "fiscalDateEnding": "2025-03-31"
  },
  {
    "date": "2025-02-13",
    "symbol": "DDOG",
    "eps": 0.49,
    "epsEstimated": 0.44,
    "time": "bmo",
    "revenue": 737727000,
    "revenueEstimated": 715178777,
    "updatedFromDate": "2025-05-13",
    "fiscalDateEnding": "2024-12-31"
  },
  {
    "date": "2024-11-07",
    "symbol": "DDOG",
    "eps": 0.46,
    "epsEstimated": 0.3986,
    "time": "bmo",
    "revenue": 690016000,
    "revenueEstimated": 665041144,
    "updatedFromDate": "2025-04-23",
    "fiscalDateEnding": "2024-09-30"
  },
  {
    "date": "2024-08-08",
    "symbol": "DDOG",
    "eps": 0.43,
    "epsEstimated": 0.3726,
    "time": "bmo",
    "revenue": 645279000,
    "revenueEstimated": 626891729,
    "updatedFromDate": "2025-04-23",
    "fiscalDateEnding": "2024-06-30"
  },
  {
    "date": "2024-05-07",
    "symbol": "DDOG",
    "eps": 0.44,
    "epsEstimated": 0.3533,
    "time": "bmo",
    "revenue": 611253000,
    "revenueEstimated": 592031855,
    "updatedFromDate": "2025-04-23",
    "fiscalDateEnding": "2024-03-31"
  },
  {
    "date": "2024-02-13",
    "symbol": "DDOG",
    "eps": 0.44,
    "epsEstimated": 0.4337,
    "time": "bmo",
    "revenue": 589649000,
    "revenueEstimated": 568733287,
    "updatedFromDate": "2025-04-23",
    "fiscalDateEnding": "2023-12-31"
  },
  {
    "date": "2023-11-07",
    "symbol": "DDOG",
    "eps": 0.45,
    "epsEstimated": 0.34,
    "time": "bmo",
    "revenue": 547536000,
    "revenueEstimated": 524160000,
    "updatedFromDate": "2025-04-23",
    "fiscalDateEnding": "2023-09-30"
  },
  {
    "date": "2023-08-08",
    "symbol": "DDOG",
    "eps": 0.36,
    "epsEstimated": 0.28,
    "time": "bmo",
    "revenue": 509460000,
    "revenueEstimated": 500600000,
    "updatedFromDate": "2025-04-23",
    "fiscalDateEnding": "2023-06-30"
  },
  {
    "date": "2023-05-04",
    "symbol": "DDOG",
    "eps": 0.28,
    "epsEstimated": 0.24,
    "time": "bmo",
    "revenue": 481714000,
    "revenueEstimated": 468340000,
    "updatedFromDate": "2025-04-23",
    "fiscalDateEnding": "2023-03-31"
  },
  {
    "date": "2023-02-16",
    "symbol": "DDOG",
    "eps": 0.26,
    "epsEstimated": 0.19,
    "time": "bmo",
    "revenue": 469399000,
    "revenueEstimated": 450203118,
    "updatedFromDate": "2025-04-23",
    "fiscalDateEnding": "2022-12-31"
  },
  {
    "date": "2022-11-03",
    "symbol": "DDOG",
    "eps": 0.23,
    "epsEstimated": 0.15,
    "time": "bmo",
    "revenue": 436533000,
    "revenueEstimated": 414799132,
    "updatedFromDate": "2025-04-23",
    "fiscalDateEnding": "2022-09-30"
  },
  {
    "date": "2022-08-04",
    "symbol": "DDOG",
    "eps": 0.24,
    "epsEstimated": 0.14,
    "time": "bmo",
    "revenue": 406138000,
    "revenueEstimated": 381905474,
    "updatedFromDate": "2025-04-23",
    "fiscalDateEnding": "2022-06-30"
  },
  {
    "date": "2022-05-05",
    "symbol": "DDOG",
    "eps": 0.24,
    "epsEstimated": 0.11,
    "time": "bmo",
    "revenue": 363030000,
    "revenueEstimated": 338971937,
    "updatedFromDate": "2025-04-23",
    "fiscalDateEnding": "2022-03-31"
  },
  {
    "date": "2022-02-10",
    "symbol": "DDOG",
    "eps": 0.2,
    "epsEstimated": 0.11,
    "time": "bmo",
    "revenue": 326198000,
    "revenueEstimated": 291452685,
    "updatedFromDate": "2025-04-23",
    "fiscalDateEnding": "2021-12-31"
  },
  {
    "date": "2021-11-04",
    "symbol": "DDOG",
    "eps": 0.13,
    "epsEstimated": 0.06,
    "time": "amc",
    "revenue": 270488000,
    "revenueEstimated": 246490000,
    "updatedFromDate": "2025-04-23",
    "fiscalDateEnding": "2021-09-30"
  },
  {
    "date": "2021-08-05",
    "symbol": "DDOG",
    "eps": 0.09,
    "epsEstimated": 0.02983,
    "time": "bmo",
    "revenue": 233549000,
    "revenueEstimated": 233549000,
    "updatedFromDate": "2025-04-23",
    "fiscalDateEnding": "2021-06-30"
  },
  {
    "date": "2021-05-06",
    "symbol": "DDOG",
    "eps": 0.06,
    "epsEstimated": 0.03105,
    "time": "amc",
    "revenue": 198549000,
    "revenueEstimated": 186640000,
    "updatedFromDate": "2025-04-23",
    "fiscalDateEnding": "2021-03-31"
  },
  {
    "date": "2021-02-11",
    "symbol": "DDOG",
    "eps": 0.06,
    "epsEstimated": 0.01759,
    "time": "amc",
    "revenue": 177531000,
    "revenueEstimated": 163590000,
    "updatedFromDate": "2025-04-23",
    "fiscalDateEnding": "2020-12-31"
  },
  {
    "date": "2020-11-10",
    "symbol": "DDOG",
    "eps": 0.05,
    "epsEstimated": 0.0095,
    "time": "amc",
    "revenue": 154675000,
    "revenueEstimated": 417622500,
    "updatedFromDate": "2025-04-23",
    "fiscalDateEnding": "2020-09-30"
  },
  {
    "date": "2020-08-06",
    "symbol": "DDOG",
    "eps": 0.05,
    "epsEstimated": 0.00753,
    "time": "amc",
    "revenue": 140012000,
    "revenueEstimated": 28002400,
    "updatedFromDate": "2025-04-23",
    "fiscalDateEnding": "2020-06-30"
  },
  {
    "date": "2020-05-11",
    "symbol": "DDOG",
    "eps": 0.06,
    "epsEstimated": 0.01,
    "time": "amc",
    "revenue": 131248000,
    "revenueEstimated": 21874666,
    "updatedFromDate": "2025-04-23",
    "fiscalDateEnding": "2020-03-31"
  },
  {
    "date": "2020-02-13",
    "symbol": "DDOG",
    "eps": 0.03,
    "epsEstimated": 0.00847,
    "time": "amc",
    "revenue": 113644000,
    "revenueEstimated": 75762666,
    "updatedFromDate": "2025-04-23",
    "fiscalDateEnding": "2019-12-31"
  },
  {
    "date": "2019-11-12",
    "symbol": "DDOG",
    "eps": -0.04006,
    "epsEstimated": -0.14,
    "time": "amc",
    "revenue": 95864000,
    "revenueEstimated": 147904457,
    "updatedFromDate": "2025-04-23",
    "fiscalDateEnding": "2019-09-30"
  },
  {
    "date": "2019-07-30",
    "symbol": "DDOG",
    "eps": -0.11568,
    "epsEstimated": null,
    "time": "bmo",
    "revenue": 70050000,
    "revenueEstimated": null,
    "updatedFromDate": "2025-04-23",
    "fiscalDateEnding": "2019-03-31"
  },
  {
    "date": "2019-06-29",
    "symbol": "DDOG",
    "eps": -0.04813,
    "epsEstimated": null,
    "time": "bmo",
    "revenue": 83222000,
    "revenueEstimated": null,
    "updatedFromDate": "2025-04-23",
    "fiscalDateEnding": "2019-06-30"
  },
  {
    "date": "2018-12-30",
    "symbol": "DDOG",
    "eps": -0.08029,
    "epsEstimated": null,
    "time": "bmo",
    "revenue": 61610000,
    "revenueEstimated": null,
    "updatedFromDate": "2025-04-23",
    "fiscalDateEnding": "2018-12-31"
  },
  {
    "date": "2018-09-29",
    "symbol": "DDOG",
    "eps": -0.05696,
    "epsEstimated": null,
    "time": "bmo",
    "revenue": 51074000,
    "revenueEstimated": null,
    "updatedFromDate": "2025-04-23",
    "fiscalDateEnding": "2018-09-30"
  },
  {
    "date": "2018-06-29",
    "symbol": "DDOG",
    "eps": 0.00188,
    "epsEstimated": null,
    "time": "bmo",
    "revenue": 45678000,
    "revenueEstimated": null,
    "updatedFromDate": "2025-04-23",
    "fiscalDateEnding": "2018-06-30"
  },
  {
    "date": "2018-03-30",
    "symbol": "DDOG",
    "eps": 0.00464,
    "epsEstimated": null,
    "time": "bmo",
    "revenue": 39715000,
    "revenueEstimated": null,
    "updatedFromDate": "2025-04-23",
    "fiscalDateEnding": "2018-03-31"
  }
]