[
  {
    "date": "2026-05-13",
    "symbol": "DE",
    "eps": null,
    "epsEstimated": null,
    "time": "bmo",
    "revenue": null,
    "revenueEstimated": null,
    "updatedFromDate": "2025-10-02",
    "fiscalDateEnding": "2026-04-27"
  },
  {
    "date": "2026-02-11",
    "symbol": "DE",
    "eps": null,
    "epsEstimated": null,
    "time": "bmo",
    "revenue": null,
    "revenueEstimated": null,
    "updatedFromDate": "2025-10-02",
    "fiscalDateEnding": "2026-01-27"
  },
  {
    "date": "2025-11-20",
    "symbol": "DE",
    "eps": null,
    "epsEstimated": 3.97,
    "time": "bmo",
    "revenue": null,
    "revenueEstimated": null,
    "updatedFromDate": "2025-10-02",
    "fiscalDateEnding": "2025-10-27"
  },
  {
    "date": "2025-08-14",
    "symbol": "DE",
    "eps": 4.75,
    "epsEstimated": 4.57,
    "time": "bmo",
    "revenue": 11783000000,
    "revenueEstimated": 10351045660,
    "updatedFromDate": "2025-10-02",
    "fiscalDateEnding": "2025-07-27"
  },
  {
    "date": "2025-05-15",
    "symbol": "DE",
    "eps": 6.64,
    "epsEstimated": 5.56,
    "time": "bmo",
    "revenue": 12525000000,
    "revenueEstimated": 10787919249,
    "updatedFromDate": "2025-08-15",
    "fiscalDateEnding": "2025-04-27"
  },
  {
    "date": "2025-02-13",
    "symbol": "DE",
    "eps": 3.19,
    "epsEstimated": 3.11,
    "time": "bmo",
    "revenue": 8262000000,
    "revenueEstimated": 7699883378,
    "updatedFromDate": "2025-05-13",
    "fiscalDateEnding": "2025-01-26"
  },
  {
    "date": "2024-11-21",
    "symbol": "DE",
    "eps": 4.55,
    "epsEstimated": 3.89,
    "time": "bmo",
    "revenue": 10827000000,
    "revenueEstimated": 9199453431,
    "updatedFromDate": "2025-04-25",
    "fiscalDateEnding": "2024-10-27"
  },
  {
    "date": "2024-08-15",
    "symbol": "DE",
    "eps": 6.29,
    "epsEstimated": 5.63,
    "time": "bmo",
    "revenue": 12848000000,
    "revenueEstimated": 10935342375,
    "updatedFromDate": "2025-04-25",
    "fiscalDateEnding": "2024-07-28"
  },
  {
    "date": "2024-05-16",
    "symbol": "DE",
    "eps": 8.53,
    "epsEstimated": 7.86,
    "time": "bmo",
    "revenue": 14997000000,
    "revenueEstimated": 13305784600,
    "updatedFromDate": "2025-04-25",
    "fiscalDateEnding": "2024-04-28"
  },
  {
    "date": "2024-02-15",
    "symbol": "DE",
    "eps": 6.23,
    "epsEstimated": 5.21,
    "time": "bmo",
    "revenue": 11846000000,
    "revenueEstimated": 10303361608,
    "updatedFromDate": "2025-04-25",
    "fiscalDateEnding": "2024-01-28"
  },
  {
    "date": "2023-11-22",
    "symbol": "DE",
    "eps": 8.32,
    "epsEstimated": 7.47,
    "time": "bmo",
    "revenue": 15157000000,
    "revenueEstimated": 12909600000,
    "updatedFromDate": "2025-04-25",
    "fiscalDateEnding": "2023-10-29"
  },
  {
    "date": "2023-08-18",
    "symbol": "DE",
    "eps": 10.2,
    "epsEstimated": 8.2,
    "time": "bmo",
    "revenue": 15537000000,
    "revenueEstimated": 14251800000,
    "updatedFromDate": "2025-04-25",
    "fiscalDateEnding": "2023-07-30"
  },
  {
    "date": "2023-05-19",
    "symbol": "DE",
    "eps": 9.65,
    "epsEstimated": 8.59,
    "time": "bmo",
    "revenue": 17158000000,
    "revenueEstimated": 13680300000,
    "updatedFromDate": "2025-04-25",
    "fiscalDateEnding": "2023-04-30"
  },
  {
    "date": "2023-02-17",
    "symbol": "DE",
    "eps": 6.55,
    "epsEstimated": 5.57,
    "time": "bmo",
    "revenue": 12396000000,
    "revenueEstimated": 11336525333,
    "updatedFromDate": "2025-04-25",
    "fiscalDateEnding": "2023-01-29"
  },
  {
    "date": "2022-11-23",
    "symbol": "DE",
    "eps": 7.44,
    "epsEstimated": 7.11,
    "time": "bmo",
    "revenue": 15276000000,
    "revenueEstimated": 13442736267,
    "updatedFromDate": "2025-04-25",
    "fiscalDateEnding": "2022-10-30"
  },
  {
    "date": "2022-08-19",
    "symbol": "DE",
    "eps": 6.16,
    "epsEstimated": 6.69,
    "time": "bmo",
    "revenue": 13846000000,
    "revenueEstimated": 12927098687,
    "updatedFromDate": "2025-04-25",
    "fiscalDateEnding": "2022-07-31"
  },
  {
    "date": "2022-05-20",
    "symbol": "DE",
    "eps": 6.81,
    "epsEstimated": 6.71,
    "time": "bmo",
    "revenue": 12830000000,
    "revenueEstimated": 13230848000,
    "updatedFromDate": "2025-04-25",
    "fiscalDateEnding": "2022-05-01"
  },
  {
    "date": "2022-02-18",
    "symbol": "DE",
    "eps": 2.92,
    "epsEstimated": 2.26,
    "time": "bmo",
    "revenue": 9331000000,
    "revenueEstimated": 8276190278,
    "updatedFromDate": "2025-04-25",
    "fiscalDateEnding": "2022-01-30"
  },
  {
    "date": "2021-11-24",
    "symbol": "DE",
    "eps": 4.12,
    "epsEstimated": 3.9,
    "time": "bmo",
    "revenue": 11104000000,
    "revenueEstimated": 8212680000,
    "updatedFromDate": "2025-04-25",
    "fiscalDateEnding": "2021-10-31"
  },
  {
    "date": "2021-08-20",
    "symbol": "DE",
    "eps": 5.25,
    "epsEstimated": 4.58,
    "time": "bmo",
    "revenue": 11238000000,
    "revenueEstimated": 10636700000,
    "updatedFromDate": "2025-04-25",
    "fiscalDateEnding": "2021-08-01"
  },
  {
    "date": "2021-05-21",
    "symbol": "DE",
    "eps": 5.68,
    "epsEstimated": 4.52,
    "time": "bmo",
    "revenue": 11807000000,
    "revenueEstimated": 8963469026,
    "updatedFromDate": "2025-04-25",
    "fiscalDateEnding": "2021-05-02"
  },
  {
    "date": "2021-02-19",
    "symbol": "DE",
    "eps": 3.87,
    "epsEstimated": 2.16,
    "time": "bmo",
    "revenue": 8885000000,
    "revenueEstimated": 7326866819,
    "updatedFromDate": "2025-04-25",
    "fiscalDateEnding": "2021-01-31"
  },
  {
    "date": "2020-11-25",
    "symbol": "DE",
    "eps": 2.39,
    "epsEstimated": 1.49,
    "time": "bmo",
    "revenue": 9526000000,
    "revenueEstimated": null,
    "updatedFromDate": "2025-04-25",
    "fiscalDateEnding": "2020-11-01"
  },
  {
    "date": "2020-08-21",
    "symbol": "DE",
    "eps": 2.57,
    "epsEstimated": 1.26,
    "time": "bmo",
    "revenue": 8697000000,
    "revenueEstimated": 4375680933,
    "updatedFromDate": "2025-04-25",
    "fiscalDateEnding": "2020-08-02"
  },
  {
    "date": "2020-05-22",
    "symbol": "DE",
    "eps": 2.11,
    "epsEstimated": 1.62,
    "time": "bmo",
    "revenue": 9073000000,
    "revenueEstimated": 7119554502,
    "updatedFromDate": "2025-04-25",
    "fiscalDateEnding": "2020-05-03"
  },
  {
    "date": "2020-02-21",
    "symbol": "DE",
    "eps": 1.63,
    "epsEstimated": 1.25,
    "time": "bmo",
    "revenue": 7426000000,
    "revenueEstimated": 5855061349,
    "updatedFromDate": "2025-04-25",
    "fiscalDateEnding": "2020-02-02"
  },
  {
    "date": "2019-11-27",
    "symbol": "DE",
    "eps": 2.14,
    "epsEstimated": 2.13,
    "time": "bmo",
    "revenue": 9660000000,
    "revenueEstimated": 9849757009,
    "updatedFromDate": "2025-04-25",
    "fiscalDateEnding": "2019-11-03"
  },
  {
    "date": "2019-08-16",
    "symbol": "DE",
    "eps": 2.71,
    "epsEstimated": 2.85,
    "time": "bmo",
    "revenue": 9853000000,
    "revenueEstimated": 10560774907,
    "updatedFromDate": "2025-04-25",
    "fiscalDateEnding": "2019-07-28"
  },
  {
    "date": "2019-05-17",
    "symbol": "DE",
    "eps": 3.52,
    "epsEstimated": 3.62,
    "time": "bmo",
    "revenue": 11111000000,
    "revenueEstimated": 11671826136,
    "updatedFromDate": "2025-04-25",
    "fiscalDateEnding": "2019-04-28"
  },
  {
    "date": "2019-02-15",
    "symbol": "DE",
    "eps": 1.54,
    "epsEstimated": 1.76,
    "time": "bmo",
    "revenue": 7756000000,
    "revenueEstimated": 9135542857,
    "updatedFromDate": "2025-04-25",
    "fiscalDateEnding": "2019-01-27"
  },
  {
    "date": "2018-11-21",
    "symbol": "DE",
    "eps": 2.3,
    "epsEstimated": 2.45,
    "time": "bmo",
    "revenue": 9186700000,
    "revenueEstimated": 10029980434,
    "updatedFromDate": "2025-04-25",
    "fiscalDateEnding": "2018-10-28"
  },
  {
    "date": "2018-08-17",
    "symbol": "DE",
    "eps": 2.59,
    "epsEstimated": 2.75,
    "time": "bmo",
    "revenue": 10072000000,
    "revenueEstimated": 10944787644,
    "updatedFromDate": "2025-04-25",
    "fiscalDateEnding": "2018-07-29"
  },
  {
    "date": "2018-05-18",
    "symbol": "DE",
    "eps": 3.14,
    "epsEstimated": 3.31,
    "time": "bmo",
    "revenue": 10500900000,
    "revenueEstimated": 11300382165,
    "updatedFromDate": "2025-04-25",
    "fiscalDateEnding": "2018-04-29"
  },
  {
    "date": "2018-02-16",
    "symbol": "DE",
    "eps": 1.31,
    "epsEstimated": 1.16,
    "time": "bmo",
    "revenue": 6696800000,
    "revenueEstimated": 6333435114,
    "updatedFromDate": "2025-04-25",
    "fiscalDateEnding": "2018-01-28"
  },
  {
    "date": "2017-11-22",
    "symbol": "DE",
    "eps": 1.57,
    "epsEstimated": 1.47,
    "time": "bmo",
    "revenue": 7816600000,
    "revenueEstimated": 7507299363,
    "updatedFromDate": "2025-04-25",
    "fiscalDateEnding": "2017-10-29"
  },
  {
    "date": "2017-08-18",
    "symbol": "DE",
    "eps": 1.97,
    "epsEstimated": 1.95,
    "time": "bmo",
    "revenue": 7521800000,
    "revenueEstimated": 7728730964,
    "updatedFromDate": "2025-04-25",
    "fiscalDateEnding": "2017-07-30"
  },
  {
    "date": "2017-05-19",
    "symbol": "DE",
    "eps": 2.49,
    "epsEstimated": 1.68,
    "time": "bmo",
    "revenue": 7924800000,
    "revenueEstimated": 5591228915,
    "updatedFromDate": "2025-04-25",
    "fiscalDateEnding": "2017-04-30"
  },
  {
    "date": "2017-02-17",
    "symbol": "DE",
    "eps": 0.61,
    "epsEstimated": 0.55,
    "time": "bmo",
    "revenue": 5353300000,
    "revenueEstimated": 5071721311,
    "updatedFromDate": "2025-04-25",
    "fiscalDateEnding": "2017-01-29"
  },
  {
    "date": "2016-11-23",
    "symbol": "DE",
    "eps": 0.9,
    "epsEstimated": 0.4,
    "time": "bmo",
    "revenue": 6312400000,
    "revenueEstimated": 5790664687,
    "updatedFromDate": "2025-04-25",
    "fiscalDateEnding": "2016-10-31"
  },
  {
    "date": "2016-08-19",
    "symbol": "DE",
    "eps": 1.55,
    "epsEstimated": 0.94,
    "time": "bmo",
    "revenue": 6499900000,
    "revenueEstimated": 5842716700,
    "updatedFromDate": "2025-04-25",
    "fiscalDateEnding": "2016-07-31"
  }
]