[
  {
    "date": "2026-05-20",
    "symbol": "DECK",
    "eps": null,
    "epsEstimated": null,
    "time": "amc",
    "revenue": null,
    "revenueEstimated": null,
    "updatedFromDate": "2025-10-02",
    "fiscalDateEnding": "2026-03-30"
  },
  {
    "date": "2026-01-28",
    "symbol": "DECK",
    "eps": null,
    "epsEstimated": null,
    "time": "amc",
    "revenue": null,
    "revenueEstimated": null,
    "updatedFromDate": "2025-10-02",
    "fiscalDateEnding": "2025-12-30"
  },
  {
    "date": "2025-10-23",
    "symbol": "DECK",
    "eps": null,
    "epsEstimated": 1.57,
    "time": "bmo",
    "revenue": null,
    "revenueEstimated": 1413555930,
    "updatedFromDate": "2025-10-02",
    "fiscalDateEnding": "2025-09-30"
  },
  {
    "date": "2025-07-24",
    "symbol": "DECK",
    "eps": 0.93,
    "epsEstimated": 0.683,
    "time": "amc",
    "revenue": 964538000,
    "revenueEstimated": 900383593,
    "updatedFromDate": "2025-10-02",
    "fiscalDateEnding": "2025-06-30"
  },
  {
    "date": "2025-05-22",
    "symbol": "DECK",
    "eps": 1,
    "epsEstimated": 0.604,
    "time": "amc",
    "revenue": 1021780000,
    "revenueEstimated": 1007701700,
    "updatedFromDate": "2025-08-22",
    "fiscalDateEnding": "2025-03-31"
  },
  {
    "date": "2025-01-30",
    "symbol": "DECK",
    "eps": 3,
    "epsEstimated": 2.48,
    "time": "amc",
    "revenue": 1827165000,
    "revenueEstimated": 1734195907,
    "updatedFromDate": "2025-03-24",
    "fiscalDateEnding": "2024-12-31"
  },
  {
    "date": "2024-10-24",
    "symbol": "DECK",
    "eps": 1.59,
    "epsEstimated": 1.24,
    "time": "amc",
    "revenue": 1311320000,
    "revenueEstimated": 1203989543,
    "updatedFromDate": "2025-03-05",
    "fiscalDateEnding": "2024-09-30"
  },
  {
    "date": "2024-07-25",
    "symbol": "DECK",
    "eps": 0.75,
    "epsEstimated": 0.58,
    "time": "amc",
    "revenue": 825347000,
    "revenueEstimated": 807490148,
    "updatedFromDate": "2025-03-05",
    "fiscalDateEnding": "2024-06-30"
  },
  {
    "date": "2024-05-23",
    "symbol": "DECK",
    "eps": 0.83,
    "epsEstimated": 2.97,
    "time": "amc",
    "revenue": 959758000,
    "revenueEstimated": 888488126,
    "updatedFromDate": "2025-03-05",
    "fiscalDateEnding": "2024-03-31"
  },
  {
    "date": "2024-02-01",
    "symbol": "DECK",
    "eps": 2.52,
    "epsEstimated": 1.9,
    "time": "amc",
    "revenue": 1560307000,
    "revenueEstimated": 879190000,
    "updatedFromDate": "2025-03-05",
    "fiscalDateEnding": "2023-12-31"
  },
  {
    "date": "2023-10-26",
    "symbol": "DECK",
    "eps": 1.14,
    "epsEstimated": 0.74,
    "time": "amc",
    "revenue": 1091907000,
    "revenueEstimated": 960620000,
    "updatedFromDate": "2025-03-05",
    "fiscalDateEnding": "2023-09-30"
  },
  {
    "date": "2023-07-27",
    "symbol": "DECK",
    "eps": 0.4,
    "epsEstimated": 0.37,
    "time": "amc",
    "revenue": 675791000,
    "revenueEstimated": 666920000,
    "updatedFromDate": "2025-03-05",
    "fiscalDateEnding": "2023-06-30"
  },
  {
    "date": "2023-05-25",
    "symbol": "DECK",
    "eps": 0.58,
    "epsEstimated": 0.44,
    "time": "amc",
    "revenue": 791571000,
    "revenueEstimated": 720730000,
    "updatedFromDate": "2025-03-05",
    "fiscalDateEnding": "2023-03-31"
  },
  {
    "date": "2023-02-02",
    "symbol": "DECK",
    "eps": 1.75,
    "epsEstimated": 1.6,
    "time": "amc",
    "revenue": 1345640000,
    "revenueEstimated": 1259721408,
    "updatedFromDate": "2025-03-05",
    "fiscalDateEnding": "2022-12-31"
  },
  {
    "date": "2022-10-27",
    "symbol": "DECK",
    "eps": 0.63,
    "epsEstimated": 0.61,
    "time": "amc",
    "revenue": 875614000,
    "revenueEstimated": 810711083,
    "updatedFromDate": "2025-03-05",
    "fiscalDateEnding": "2022-09-30"
  },
  {
    "date": "2022-07-28",
    "symbol": "DECK",
    "eps": 0.28,
    "epsEstimated": 0.22,
    "time": "amc",
    "revenue": 614461000,
    "revenueEstimated": 566189007,
    "updatedFromDate": "2025-03-05",
    "fiscalDateEnding": "2022-06-30"
  },
  {
    "date": "2022-05-19",
    "symbol": "DECK",
    "eps": 0.42,
    "epsEstimated": 0.23,
    "time": "amc",
    "revenue": 736007000,
    "revenueEstimated": 639501100,
    "updatedFromDate": "2025-03-05",
    "fiscalDateEnding": "2022-03-31"
  },
  {
    "date": "2022-02-03",
    "symbol": "DECK",
    "eps": 1.4,
    "epsEstimated": 1.39,
    "time": "amc",
    "revenue": 1187752000,
    "revenueEstimated": 1184373992,
    "updatedFromDate": "2025-03-05",
    "fiscalDateEnding": "2021-12-31"
  },
  {
    "date": "2021-10-28",
    "symbol": "DECK",
    "eps": 0.61,
    "epsEstimated": 0.61,
    "time": "amc",
    "revenue": 721902000,
    "revenueEstimated": 768540000,
    "updatedFromDate": "2025-03-05",
    "fiscalDateEnding": "2021-09-30"
  },
  {
    "date": "2021-07-29",
    "symbol": "DECK",
    "eps": 0.29,
    "epsEstimated": 0.00756,
    "time": "amc",
    "revenue": 504678000,
    "revenueEstimated": 504678000,
    "updatedFromDate": "2025-03-05",
    "fiscalDateEnding": "2021-06-30"
  },
  {
    "date": "2021-05-20",
    "symbol": "DECK",
    "eps": 0.2,
    "epsEstimated": 0.1,
    "time": "amc",
    "revenue": 561188000,
    "revenueEstimated": 488299321,
    "updatedFromDate": "2025-03-05",
    "fiscalDateEnding": "2021-03-31"
  },
  {
    "date": "2021-02-04",
    "symbol": "DECK",
    "eps": 1.5,
    "epsEstimated": 1.17,
    "time": "amc",
    "revenue": 1077759000,
    "revenueEstimated": 952920000,
    "updatedFromDate": "2025-03-05",
    "fiscalDateEnding": "2020-12-31"
  },
  {
    "date": "2020-10-29",
    "symbol": "DECK",
    "eps": 0.6,
    "epsEstimated": 0.44,
    "time": "amc",
    "revenue": 623525000,
    "revenueEstimated": 250038067,
    "updatedFromDate": "2025-03-05",
    "fiscalDateEnding": "2020-09-30"
  },
  {
    "date": "2020-07-30",
    "symbol": "DECK",
    "eps": -0.05,
    "epsEstimated": -0.19,
    "time": "amc",
    "revenue": 283169000,
    "revenueEstimated": 1122562821,
    "updatedFromDate": "2025-03-05",
    "fiscalDateEnding": "2020-06-30"
  },
  {
    "date": "2020-05-21",
    "symbol": "DECK",
    "eps": 0.1,
    "epsEstimated": 0.01624,
    "time": "amc",
    "revenue": 374910000,
    "revenueEstimated": 59196315,
    "updatedFromDate": "2025-03-05",
    "fiscalDateEnding": "2020-03-31"
  },
  {
    "date": "2020-01-30",
    "symbol": "DECK",
    "eps": 1.19,
    "epsEstimated": 1.08,
    "time": "amc",
    "revenue": 938735000,
    "revenueEstimated": 861164460,
    "updatedFromDate": "2025-03-05",
    "fiscalDateEnding": "2019-12-31"
  },
  {
    "date": "2019-10-24",
    "symbol": "DECK",
    "eps": 0.45,
    "epsEstimated": 0.39,
    "time": "amc",
    "revenue": 542205000,
    "revenueEstimated": 466176254,
    "updatedFromDate": "2025-03-05",
    "fiscalDateEnding": "2019-09-30"
  },
  {
    "date": "2019-07-25",
    "symbol": "DECK",
    "eps": -0.11,
    "epsEstimated": -0.19,
    "time": "amc",
    "revenue": 276839000,
    "revenueEstimated": 462775641,
    "updatedFromDate": "2025-03-05",
    "fiscalDateEnding": "2019-06-30"
  },
  {
    "date": "2019-05-23",
    "symbol": "DECK",
    "eps": 0.14,
    "epsEstimated": 0.01325,
    "time": "amc",
    "revenue": 394130000,
    "revenueEstimated": 37094588,
    "updatedFromDate": "2025-03-05",
    "fiscalDateEnding": "2019-03-31"
  },
  {
    "date": "2019-01-31",
    "symbol": "DECK",
    "eps": 1.1,
    "epsEstimated": 0.89,
    "time": "amc",
    "revenue": 873800000,
    "revenueEstimated": 702752655,
    "updatedFromDate": "2025-03-05",
    "fiscalDateEnding": "2018-12-31"
  },
  {
    "date": "2018-10-25",
    "symbol": "DECK",
    "eps": 0.4,
    "epsEstimated": 0.29,
    "time": "amc",
    "revenue": 501913000,
    "revenueEstimated": 362717647,
    "updatedFromDate": "2025-03-05",
    "fiscalDateEnding": "2018-09-30"
  },
  {
    "date": "2018-07-26",
    "symbol": "DECK",
    "eps": -0.16,
    "epsEstimated": -0.24,
    "time": "amc",
    "revenue": 250594000,
    "revenueEstimated": 363114285,
    "updatedFromDate": "2025-03-05",
    "fiscalDateEnding": "2018-06-30"
  },
  {
    "date": "2018-05-24",
    "symbol": "DECK",
    "eps": 0.08,
    "epsEstimated": 0.03063,
    "time": "amc",
    "revenue": 400684000,
    "revenueEstimated": 152266000,
    "updatedFromDate": "2025-03-05",
    "fiscalDateEnding": "2018-03-31"
  },
  {
    "date": "2018-02-01",
    "symbol": "DECK",
    "eps": 0.83,
    "epsEstimated": 0.64,
    "time": "amc",
    "revenue": 810478000,
    "revenueEstimated": 622959758,
    "updatedFromDate": "2025-03-05",
    "fiscalDateEnding": "2017-12-31"
  },
  {
    "date": "2017-10-26",
    "symbol": "DECK",
    "eps": 0.26,
    "epsEstimated": 0.17,
    "time": "amc",
    "revenue": 482460000,
    "revenueEstimated": 319577922,
    "updatedFromDate": "2025-03-05",
    "fiscalDateEnding": "2017-09-30"
  },
  {
    "date": "2017-07-27",
    "symbol": "DECK",
    "eps": -0.21,
    "epsEstimated": -0.28,
    "time": "amc",
    "revenue": 209717000,
    "revenueEstimated": 273592968,
    "updatedFromDate": "2025-03-05",
    "fiscalDateEnding": "2017-06-30"
  },
  {
    "date": "2017-05-25",
    "symbol": "DECK",
    "eps": 0.02,
    "epsEstimated": 0.00524,
    "time": "amc",
    "revenue": 369465000,
    "revenueEstimated": 201545454,
    "updatedFromDate": "2025-03-05",
    "fiscalDateEnding": "2017-03-31"
  },
  {
    "date": "2017-02-02",
    "symbol": "DECK",
    "eps": 0.69,
    "epsEstimated": 0.71,
    "time": "amc",
    "revenue": 760345000,
    "revenueEstimated": 784348418,
    "updatedFromDate": "2025-03-05",
    "fiscalDateEnding": "2016-12-31"
  },
  {
    "date": "2016-10-27",
    "symbol": "DECK",
    "eps": 0.21,
    "epsEstimated": 0.2,
    "time": "amc",
    "revenue": 485944000,
    "revenueEstimated": 470098373,
    "updatedFromDate": "2025-03-05",
    "fiscalDateEnding": "2016-09-30"
  },
  {
    "date": "2016-07-28",
    "symbol": "DECK",
    "eps": -0.3,
    "epsEstimated": -0.34,
    "time": "amc",
    "revenue": 174393000,
    "revenueEstimated": 201528888,
    "updatedFromDate": "2025-03-05",
    "fiscalDateEnding": "2016-06-30"
  }
]