[
  {
    "date": "2026-05-27",
    "symbol": "DELL",
    "eps": null,
    "epsEstimated": null,
    "time": "amc",
    "revenue": null,
    "revenueEstimated": null,
    "updatedFromDate": "2025-10-02",
    "fiscalDateEnding": "2026-04-30"
  },
  {
    "date": "2026-02-26",
    "symbol": "DELL",
    "eps": null,
    "epsEstimated": null,
    "time": "amc",
    "revenue": null,
    "revenueEstimated": null,
    "updatedFromDate": "2025-10-02",
    "fiscalDateEnding": "2026-01-31"
  },
  {
    "date": "2025-11-25",
    "symbol": "DELL",
    "eps": null,
    "epsEstimated": 2.48,
    "time": "amc",
    "revenue": null,
    "revenueEstimated": 27264127590,
    "updatedFromDate": "2025-10-02",
    "fiscalDateEnding": "2025-10-31"
  },
  {
    "date": "2025-08-28",
    "symbol": "DELL",
    "eps": 2.32,
    "epsEstimated": 2.29,
    "time": "amc",
    "revenue": 29776000000,
    "revenueEstimated": 29016140815,
    "updatedFromDate": "2025-10-02",
    "fiscalDateEnding": "2025-08-01"
  },
  {
    "date": "2025-05-29",
    "symbol": "DELL",
    "eps": 1.55,
    "epsEstimated": 1.7,
    "time": "amc",
    "revenue": 23378000000,
    "revenueEstimated": 23179823440,
    "updatedFromDate": "2025-08-29",
    "fiscalDateEnding": "2025-05-02"
  },
  {
    "date": "2025-02-27",
    "symbol": "DELL",
    "eps": 2.68,
    "epsEstimated": 2.52,
    "time": "amc",
    "revenue": 23931000000,
    "revenueEstimated": 24567697435,
    "updatedFromDate": "2025-05-27",
    "fiscalDateEnding": "2025-01-31"
  },
  {
    "date": "2024-11-26",
    "symbol": "DELL",
    "eps": 2.15,
    "epsEstimated": 2.04,
    "time": "amc",
    "revenue": 24366000000,
    "revenueEstimated": 24671168815,
    "updatedFromDate": "2025-04-24",
    "fiscalDateEnding": "2024-11-01"
  },
  {
    "date": "2024-08-29",
    "symbol": "DELL",
    "eps": 1.89,
    "epsEstimated": 1.7,
    "time": "amc",
    "revenue": 25026000000,
    "revenueEstimated": 24138675289,
    "updatedFromDate": "2025-04-24",
    "fiscalDateEnding": "2024-08-02"
  },
  {
    "date": "2024-05-30",
    "symbol": "DELL",
    "eps": 1.27,
    "epsEstimated": 1.26,
    "time": "amc",
    "revenue": 22244000000,
    "revenueEstimated": 21664440387,
    "updatedFromDate": "2025-04-24",
    "fiscalDateEnding": "2024-05-03"
  },
  {
    "date": "2024-02-29",
    "symbol": "DELL",
    "eps": 2.2,
    "epsEstimated": 1.73,
    "time": "amc",
    "revenue": 22318000000,
    "revenueEstimated": 22167076435,
    "updatedFromDate": "2025-04-24",
    "fiscalDateEnding": "2024-02-02"
  },
  {
    "date": "2023-11-30",
    "symbol": "DELL",
    "eps": 1.88,
    "epsEstimated": 1.47,
    "time": "amc",
    "revenue": 22251000000,
    "revenueEstimated": 23017300000,
    "updatedFromDate": "2025-04-24",
    "fiscalDateEnding": "2023-11-03"
  },
  {
    "date": "2023-08-31",
    "symbol": "DELL",
    "eps": 1.74,
    "epsEstimated": 1.13,
    "time": "amc",
    "revenue": 22934000000,
    "revenueEstimated": 20863700000,
    "updatedFromDate": "2025-04-24",
    "fiscalDateEnding": "2023-08-04"
  },
  {
    "date": "2023-06-01",
    "symbol": "DELL",
    "eps": 1.31,
    "epsEstimated": 0.87,
    "time": "amc",
    "revenue": 20922000000,
    "revenueEstimated": 20273900000,
    "updatedFromDate": "2025-04-24",
    "fiscalDateEnding": "2023-05-05"
  },
  {
    "date": "2023-03-02",
    "symbol": "DELL",
    "eps": 1.8,
    "epsEstimated": 1.64,
    "time": "amc",
    "revenue": 25039000000,
    "revenueEstimated": 23423565669,
    "updatedFromDate": "2025-04-24",
    "fiscalDateEnding": "2023-02-03"
  },
  {
    "date": "2022-11-21",
    "symbol": "DELL",
    "eps": 2.3,
    "epsEstimated": 1.6,
    "time": "amc",
    "revenue": 24721000000,
    "revenueEstimated": 24374413074,
    "updatedFromDate": "2025-04-24",
    "fiscalDateEnding": "2022-10-28"
  },
  {
    "date": "2022-08-25",
    "symbol": "DELL",
    "eps": 1.68,
    "epsEstimated": 1.63,
    "time": "amc",
    "revenue": 26425000000,
    "revenueEstimated": 26496560709,
    "updatedFromDate": "2025-04-24",
    "fiscalDateEnding": "2022-07-29"
  },
  {
    "date": "2022-05-26",
    "symbol": "DELL",
    "eps": 1.84,
    "epsEstimated": 1.39,
    "time": "amc",
    "revenue": 26116000000,
    "revenueEstimated": 25025228805,
    "updatedFromDate": "2025-04-24",
    "fiscalDateEnding": "2022-04-29"
  },
  {
    "date": "2022-02-24",
    "symbol": "DELL",
    "eps": 1.72,
    "epsEstimated": 1.95,
    "time": "amc",
    "revenue": 22194000000,
    "revenueEstimated": 27504375665,
    "updatedFromDate": "2025-04-24",
    "fiscalDateEnding": "2022-01-28"
  },
  {
    "date": "2021-11-23",
    "symbol": "DELL",
    "eps": 2.37,
    "epsEstimated": 2.33,
    "time": "amc",
    "revenue": 26424000000,
    "revenueEstimated": 27533000000,
    "updatedFromDate": "2025-04-24",
    "fiscalDateEnding": "2021-10-29"
  },
  {
    "date": "2021-08-26",
    "symbol": "DELL",
    "eps": 2.24,
    "epsEstimated": 2.05,
    "time": "amc",
    "revenue": 24191000000,
    "revenueEstimated": 27177700000,
    "updatedFromDate": "2025-04-24",
    "fiscalDateEnding": "2021-07-30"
  },
  {
    "date": "2021-05-27",
    "symbol": "DELL",
    "eps": 2.13,
    "epsEstimated": 1.55,
    "time": "amc",
    "revenue": 22590000000,
    "revenueEstimated": 16578155279,
    "updatedFromDate": "2025-04-24",
    "fiscalDateEnding": "2021-04-30"
  },
  {
    "date": "2021-02-25",
    "symbol": "DELL",
    "eps": 2.7,
    "epsEstimated": 2.19,
    "time": "amc",
    "revenue": 26112000000,
    "revenueEstimated": 19278953271,
    "updatedFromDate": "2025-04-24",
    "fiscalDateEnding": "2021-01-29"
  },
  {
    "date": "2020-11-24",
    "symbol": "DELL",
    "eps": 2.03,
    "epsEstimated": 1.39,
    "time": "amc",
    "revenue": 23482000000,
    "revenueEstimated": 21708359574,
    "updatedFromDate": "2025-04-24",
    "fiscalDateEnding": "2020-10-30"
  },
  {
    "date": "2020-08-27",
    "symbol": "DELL",
    "eps": 1.92,
    "epsEstimated": 1.47,
    "time": "amc",
    "revenue": 22733000000,
    "revenueEstimated": 16576145833,
    "updatedFromDate": "2025-04-24",
    "fiscalDateEnding": "2020-07-31"
  },
  {
    "date": "2020-05-28",
    "symbol": "DELL",
    "eps": 1.34,
    "epsEstimated": 1.01,
    "time": "amc",
    "revenue": 21897000000,
    "revenueEstimated": 15033761194,
    "updatedFromDate": "2025-04-24",
    "fiscalDateEnding": "2020-05-01"
  },
  {
    "date": "2020-02-27",
    "symbol": "DELL",
    "eps": 2,
    "epsEstimated": 2,
    "time": "amc",
    "revenue": 24032000000,
    "revenueEstimated": 24272320000,
    "updatedFromDate": "2025-04-24",
    "fiscalDateEnding": "2020-01-31"
  },
  {
    "date": "2019-11-26",
    "symbol": "DELL",
    "eps": 1.75,
    "epsEstimated": 1.55,
    "time": "amc",
    "revenue": 22844000000,
    "revenueEstimated": 21147017142,
    "updatedFromDate": "2025-04-24",
    "fiscalDateEnding": "2019-11-01"
  },
  {
    "date": "2019-08-29",
    "symbol": "DELL",
    "eps": 2.15,
    "epsEstimated": 1.46,
    "time": "amc",
    "revenue": 23370000000,
    "revenueEstimated": 15978558139,
    "updatedFromDate": "2025-04-24",
    "fiscalDateEnding": "2019-08-02"
  },
  {
    "date": "2019-05-30",
    "symbol": "DELL",
    "eps": 1.45,
    "epsEstimated": 1.2,
    "time": "amc",
    "revenue": 21908000000,
    "revenueEstimated": 18281848275,
    "updatedFromDate": "2025-04-24",
    "fiscalDateEnding": "2019-05-03"
  },
  {
    "date": "2019-03-29",
    "symbol": "DELL",
    "eps": 4.58,
    "epsEstimated": 1.81,
    "time": "amc",
    "revenue": 23841000000,
    "revenueEstimated": 23200112903,
    "updatedFromDate": "2025-04-24",
    "fiscalDateEnding": "2019-02-01"
  },
  {
    "date": "2018-11-29",
    "symbol": "DELL",
    "eps": 1.56,
    "epsEstimated": null,
    "time": "bmo",
    "revenue": 22482000000,
    "revenueEstimated": null,
    "updatedFromDate": "2025-04-24",
    "fiscalDateEnding": "2018-11-02"
  },
  {
    "date": "2018-09-06",
    "symbol": "DELL",
    "eps": 1.76,
    "epsEstimated": null,
    "time": "bmo",
    "revenue": 22942000000,
    "revenueEstimated": null,
    "updatedFromDate": "2025-04-24",
    "fiscalDateEnding": "2018-08-03"
  },
  {
    "date": "2018-06-04",
    "symbol": "DELL",
    "eps": 1.53,
    "epsEstimated": 1.15,
    "time": "bmo",
    "revenue": 21356000000,
    "revenueEstimated": 16051895424,
    "updatedFromDate": "2025-04-24",
    "fiscalDateEnding": "2018-05-04"
  },
  {
    "date": "2018-03-08",
    "symbol": "DELL",
    "eps": 1.43,
    "epsEstimated": 1.65,
    "time": "bmo",
    "revenue": 21935000000,
    "revenueEstimated": 25341923076,
    "updatedFromDate": "2025-04-24",
    "fiscalDateEnding": "2018-02-02"
  },
  {
    "date": "2017-12-07",
    "symbol": "DELL",
    "eps": 1.44,
    "epsEstimated": 1.34,
    "time": "bmo",
    "revenue": 19556000000,
    "revenueEstimated": 18197944444,
    "updatedFromDate": "2025-04-24",
    "fiscalDateEnding": "2017-11-03"
  },
  {
    "date": "2017-09-07",
    "symbol": "DELL",
    "eps": 1.14,
    "epsEstimated": 1.09,
    "time": "bmo",
    "revenue": 19521000000,
    "revenueEstimated": 18664815789,
    "updatedFromDate": "2025-04-24",
    "fiscalDateEnding": "2017-08-04"
  },
  {
    "date": "2017-06-08",
    "symbol": "DELL",
    "eps": 0.75,
    "epsEstimated": 0.93,
    "time": "bmo",
    "revenue": 18000000000,
    "revenueEstimated": 22320000000,
    "updatedFromDate": "2025-04-24",
    "fiscalDateEnding": "2017-05-05"
  },
  {
    "date": "2017-03-30",
    "symbol": "DELL",
    "eps": -2.71831,
    "epsEstimated": null,
    "time": "bmo",
    "revenue": 20074000000,
    "revenueEstimated": null,
    "updatedFromDate": "2025-04-24",
    "fiscalDateEnding": "2017-02-03"
  },
  {
    "date": "2016-12-09",
    "symbol": "DELL",
    "eps": -2.87065,
    "epsEstimated": null,
    "time": "bmo",
    "revenue": 16247000000,
    "revenueEstimated": null,
    "updatedFromDate": "2025-04-24",
    "fiscalDateEnding": "2016-10-28"
  },
  {
    "date": "2016-09-06",
    "symbol": "DELL",
    "eps": 0.728,
    "epsEstimated": null,
    "time": "bmo",
    "revenue": 13080000000,
    "revenueEstimated": null,
    "updatedFromDate": "2025-04-24",
    "fiscalDateEnding": "2016-07-29"
  }
]