[
  {
    "date": "2026-04-20",
    "symbol": "DGX",
    "eps": null,
    "epsEstimated": null,
    "time": "bmo",
    "revenue": null,
    "revenueEstimated": null,
    "updatedFromDate": "2025-10-02",
    "fiscalDateEnding": "2026-03-30"
  },
  {
    "date": "2026-01-28",
    "symbol": "DGX",
    "eps": null,
    "epsEstimated": null,
    "time": "bmo",
    "revenue": null,
    "revenueEstimated": null,
    "updatedFromDate": "2025-10-02",
    "fiscalDateEnding": "2025-12-30"
  },
  {
    "date": "2025-10-21",
    "symbol": "DGX",
    "eps": null,
    "epsEstimated": 2.51,
    "time": "bmo",
    "revenue": null,
    "revenueEstimated": 2733980710,
    "updatedFromDate": "2025-10-02",
    "fiscalDateEnding": "2025-09-30"
  },
  {
    "date": "2025-07-22",
    "symbol": "DGX",
    "eps": 2.62,
    "epsEstimated": 2.57,
    "time": "bmo",
    "revenue": 2761000000,
    "revenueEstimated": 2725007202,
    "updatedFromDate": "2025-10-02",
    "fiscalDateEnding": "2025-06-30"
  },
  {
    "date": "2025-04-22",
    "symbol": "DGX",
    "eps": 2.21,
    "epsEstimated": 2.15,
    "time": "bmo",
    "revenue": 2652000000,
    "revenueEstimated": 2630086636,
    "updatedFromDate": "2025-07-22",
    "fiscalDateEnding": "2025-03-31"
  },
  {
    "date": "2025-01-30",
    "symbol": "DGX",
    "eps": 2.23,
    "epsEstimated": 2.19,
    "time": "bmo",
    "revenue": 2621000000,
    "revenueEstimated": 2578485937,
    "updatedFromDate": "2025-04-30",
    "fiscalDateEnding": "2024-12-31"
  },
  {
    "date": "2024-10-22",
    "symbol": "DGX",
    "eps": 2.3,
    "epsEstimated": 2.26,
    "time": "bmo",
    "revenue": 2488000000,
    "revenueEstimated": 2431881993,
    "updatedFromDate": "2025-04-25",
    "fiscalDateEnding": "2024-09-30"
  },
  {
    "date": "2024-07-23",
    "symbol": "DGX",
    "eps": 2.35,
    "epsEstimated": 2.34,
    "time": "bmo",
    "revenue": 2397000000,
    "revenueEstimated": 2389997629,
    "updatedFromDate": "2025-04-25",
    "fiscalDateEnding": "2024-06-30"
  },
  {
    "date": "2024-04-23",
    "symbol": "DGX",
    "eps": 2.04,
    "epsEstimated": 1.86,
    "time": "bmo",
    "revenue": 2366000000,
    "revenueEstimated": 2286765663,
    "updatedFromDate": "2025-04-25",
    "fiscalDateEnding": "2024-03-31"
  },
  {
    "date": "2024-02-01",
    "symbol": "DGX",
    "eps": 2.15,
    "epsEstimated": 2.11,
    "time": "bmo",
    "revenue": 2288000000,
    "revenueEstimated": 2253400000,
    "updatedFromDate": "2025-04-25",
    "fiscalDateEnding": "2023-12-31"
  },
  {
    "date": "2023-10-24",
    "symbol": "DGX",
    "eps": 2.22,
    "epsEstimated": 2.19,
    "time": "bmo",
    "revenue": 2295000000,
    "revenueEstimated": 2272680000,
    "updatedFromDate": "2025-04-25",
    "fiscalDateEnding": "2023-09-30"
  },
  {
    "date": "2023-07-26",
    "symbol": "DGX",
    "eps": 2.3,
    "epsEstimated": 2.27,
    "time": "bmo",
    "revenue": 2338000000,
    "revenueEstimated": 2254050000,
    "updatedFromDate": "2025-04-25",
    "fiscalDateEnding": "2023-06-30"
  },
  {
    "date": "2023-04-27",
    "symbol": "DGX",
    "eps": 2.04,
    "epsEstimated": 1.97,
    "time": "bmo",
    "revenue": 2331000000,
    "revenueEstimated": 2197590000,
    "updatedFromDate": "2025-04-25",
    "fiscalDateEnding": "2023-03-31"
  },
  {
    "date": "2023-02-02",
    "symbol": "DGX",
    "eps": 1.98,
    "epsEstimated": 1.9,
    "time": "bmo",
    "revenue": 2333000000,
    "revenueEstimated": 2256894489,
    "updatedFromDate": "2025-04-25",
    "fiscalDateEnding": "2022-12-31"
  },
  {
    "date": "2022-10-20",
    "symbol": "DGX",
    "eps": 2.36,
    "epsEstimated": 2.19,
    "time": "bmo",
    "revenue": 2486000000,
    "revenueEstimated": 2347244940,
    "updatedFromDate": "2025-04-25",
    "fiscalDateEnding": "2022-09-30"
  },
  {
    "date": "2022-07-21",
    "symbol": "DGX",
    "eps": 2.36,
    "epsEstimated": 2.29,
    "time": "bmo",
    "revenue": 2453000000,
    "revenueEstimated": 2341292443,
    "updatedFromDate": "2025-04-25",
    "fiscalDateEnding": "2022-06-30"
  },
  {
    "date": "2022-04-21",
    "symbol": "DGX",
    "eps": 3.22,
    "epsEstimated": 2.97,
    "time": "bmo",
    "revenue": 2611000000,
    "revenueEstimated": 2637635743,
    "updatedFromDate": "2025-04-25",
    "fiscalDateEnding": "2022-03-31"
  },
  {
    "date": "2022-02-03",
    "symbol": "DGX",
    "eps": 3.33,
    "epsEstimated": 3.18,
    "time": "bmo",
    "revenue": 2744000000,
    "revenueEstimated": 2675567697,
    "updatedFromDate": "2025-04-25",
    "fiscalDateEnding": "2021-12-31"
  },
  {
    "date": "2021-10-21",
    "symbol": "DGX",
    "eps": 3.96,
    "epsEstimated": 2.88,
    "time": "bmo",
    "revenue": 2774000000,
    "revenueEstimated": 2337600000,
    "updatedFromDate": "2025-04-25",
    "fiscalDateEnding": "2021-09-30"
  },
  {
    "date": "2021-07-22",
    "symbol": "DGX",
    "eps": 3.18,
    "epsEstimated": 2.87,
    "time": "bmo",
    "revenue": 2550000000,
    "revenueEstimated": 2252760000,
    "updatedFromDate": "2025-04-25",
    "fiscalDateEnding": "2021-06-30"
  },
  {
    "date": "2021-04-22",
    "symbol": "DGX",
    "eps": 3.76,
    "epsEstimated": 3.71,
    "time": "bmo",
    "revenue": 2720000000,
    "revenueEstimated": 2662870000,
    "updatedFromDate": "2025-04-25",
    "fiscalDateEnding": "2021-03-31"
  },
  {
    "date": "2021-02-04",
    "symbol": "DGX",
    "eps": 4.48,
    "epsEstimated": 4.24,
    "time": "bmo",
    "revenue": 3002000000,
    "revenueEstimated": 2832075471,
    "updatedFromDate": "2025-04-25",
    "fiscalDateEnding": "2020-12-31"
  },
  {
    "date": "2020-10-22",
    "symbol": "DGX",
    "eps": 4.31,
    "epsEstimated": 3.73,
    "time": "bmo",
    "revenue": 2786000000,
    "revenueEstimated": 2411085846,
    "updatedFromDate": "2025-04-25",
    "fiscalDateEnding": "2020-09-30"
  },
  {
    "date": "2020-07-23",
    "symbol": "DGX",
    "eps": 1.42,
    "epsEstimated": 1.41,
    "time": "bmo",
    "revenue": 1827000000,
    "revenueEstimated": 1814133802,
    "updatedFromDate": "2025-04-25",
    "fiscalDateEnding": "2020-06-30"
  },
  {
    "date": "2020-04-22",
    "symbol": "DGX",
    "eps": 0.94,
    "epsEstimated": 0.89,
    "time": "bmo",
    "revenue": 1822000000,
    "revenueEstimated": 1725085106,
    "updatedFromDate": "2025-04-25",
    "fiscalDateEnding": "2020-03-31"
  },
  {
    "date": "2020-01-30",
    "symbol": "DGX",
    "eps": 1.67,
    "epsEstimated": 1.6,
    "time": "bmo",
    "revenue": 1926000000,
    "revenueEstimated": 1845269461,
    "updatedFromDate": "2025-04-25",
    "fiscalDateEnding": "2019-12-31"
  },
  {
    "date": "2019-10-22",
    "symbol": "DGX",
    "eps": 1.76,
    "epsEstimated": 1.71,
    "time": "bmo",
    "revenue": 1956000000,
    "revenueEstimated": 1900431818,
    "updatedFromDate": "2025-04-25",
    "fiscalDateEnding": "2019-09-30"
  },
  {
    "date": "2019-07-23",
    "symbol": "DGX",
    "eps": 1.73,
    "epsEstimated": 1.68,
    "time": "bmo",
    "revenue": 1953000000,
    "revenueEstimated": 1896554913,
    "updatedFromDate": "2025-04-25",
    "fiscalDateEnding": "2019-06-30"
  },
  {
    "date": "2019-04-23",
    "symbol": "DGX",
    "eps": 1.4,
    "epsEstimated": 1.36,
    "time": "bmo",
    "revenue": 1891000000,
    "revenueEstimated": 1836971428,
    "updatedFromDate": "2025-04-25",
    "fiscalDateEnding": "2019-03-31"
  },
  {
    "date": "2019-02-14",
    "symbol": "DGX",
    "eps": 1.36,
    "epsEstimated": 1.36,
    "time": "bmo",
    "revenue": 1839000000,
    "revenueEstimated": 1852522058,
    "updatedFromDate": "2025-04-25",
    "fiscalDateEnding": "2018-12-31"
  },
  {
    "date": "2018-10-23",
    "symbol": "DGX",
    "eps": 1.68,
    "epsEstimated": 1.68,
    "time": "bmo",
    "revenue": 1889000000,
    "revenueEstimated": 1889000000,
    "updatedFromDate": "2025-04-25",
    "fiscalDateEnding": "2018-09-30"
  },
  {
    "date": "2018-07-24",
    "symbol": "DGX",
    "eps": 1.75,
    "epsEstimated": 1.76,
    "time": "bmo",
    "revenue": 1919000000,
    "revenueEstimated": 1929965714,
    "updatedFromDate": "2025-04-25",
    "fiscalDateEnding": "2018-06-30"
  },
  {
    "date": "2018-04-19",
    "symbol": "DGX",
    "eps": 1.52,
    "epsEstimated": 1.49,
    "time": "bmo",
    "revenue": 1884000000,
    "revenueEstimated": 1846815789,
    "updatedFromDate": "2025-04-25",
    "fiscalDateEnding": "2018-03-31"
  },
  {
    "date": "2018-02-01",
    "symbol": "DGX",
    "eps": 1.4,
    "epsEstimated": 1.38,
    "time": "bmo",
    "revenue": 1936000000,
    "revenueEstimated": 1838357142,
    "updatedFromDate": "2025-04-25",
    "fiscalDateEnding": "2017-12-31"
  },
  {
    "date": "2017-10-19",
    "symbol": "DGX",
    "eps": 1.39,
    "epsEstimated": 1.35,
    "time": "bmo",
    "revenue": 1931000000,
    "revenueEstimated": 1802589928,
    "updatedFromDate": "2025-04-25",
    "fiscalDateEnding": "2017-09-30"
  },
  {
    "date": "2017-07-25",
    "symbol": "DGX",
    "eps": 1.55,
    "epsEstimated": 1.42,
    "time": "bmo",
    "revenue": 1943000000,
    "revenueEstimated": 1707664516,
    "updatedFromDate": "2025-04-25",
    "fiscalDateEnding": "2017-06-30"
  },
  {
    "date": "2017-04-20",
    "symbol": "DGX",
    "eps": 1.33,
    "epsEstimated": 1.18,
    "time": "bmo",
    "revenue": 1899000000,
    "revenueEstimated": 1612075187,
    "updatedFromDate": "2025-04-25",
    "fiscalDateEnding": "2017-03-31"
  },
  {
    "date": "2017-01-26",
    "symbol": "DGX",
    "eps": 1.31,
    "epsEstimated": 1.27,
    "time": "bmo",
    "revenue": 1861000000,
    "revenueEstimated": 1512366412,
    "updatedFromDate": "2025-04-25",
    "fiscalDateEnding": "2016-12-31"
  },
  {
    "date": "2016-10-20",
    "symbol": "DGX",
    "eps": 1.37,
    "epsEstimated": 1.35,
    "time": "bmo",
    "revenue": 1885000000,
    "revenueEstimated": 1857481751,
    "updatedFromDate": "2025-04-25",
    "fiscalDateEnding": "2016-09-30"
  },
  {
    "date": "2016-07-21",
    "symbol": "DGX",
    "eps": 1.34,
    "epsEstimated": 1.32,
    "time": "bmo",
    "revenue": 1906000000,
    "revenueEstimated": 1877552238,
    "updatedFromDate": "2025-04-25",
    "fiscalDateEnding": "2016-06-30"
  }
]