[
  {
    "date": "2026-04-15",
    "symbol": "DHI",
    "eps": null,
    "epsEstimated": null,
    "time": "bmo",
    "revenue": null,
    "revenueEstimated": null,
    "updatedFromDate": "2025-10-02",
    "fiscalDateEnding": "2026-03-30"
  },
  {
    "date": "2026-01-19",
    "symbol": "DHI",
    "eps": null,
    "epsEstimated": null,
    "time": "bmo",
    "revenue": null,
    "revenueEstimated": null,
    "updatedFromDate": "2025-10-02",
    "fiscalDateEnding": "2025-12-30"
  },
  {
    "date": "2025-10-28",
    "symbol": "DHI",
    "eps": null,
    "epsEstimated": 3.29,
    "time": "bmo",
    "revenue": null,
    "revenueEstimated": 9436194040,
    "updatedFromDate": "2025-10-02",
    "fiscalDateEnding": "2025-09-30"
  },
  {
    "date": "2025-07-22",
    "symbol": "DHI",
    "eps": 3.36,
    "epsEstimated": 2.94,
    "time": "bmo",
    "revenue": 9225700000,
    "revenueEstimated": 8774448647,
    "updatedFromDate": "2025-10-02",
    "fiscalDateEnding": "2025-06-30"
  },
  {
    "date": "2025-04-17",
    "symbol": "DHI",
    "eps": 2.58,
    "epsEstimated": 2.62,
    "time": "bmo",
    "revenue": 7734000000,
    "revenueEstimated": 8032124056,
    "updatedFromDate": "2025-07-17",
    "fiscalDateEnding": "2025-03-31"
  },
  {
    "date": "2025-01-21",
    "symbol": "DHI",
    "eps": 2.61,
    "epsEstimated": 2.37,
    "time": "bmo",
    "revenue": 7613000000,
    "revenueEstimated": 7013667639,
    "updatedFromDate": "2025-04-23",
    "fiscalDateEnding": "2024-12-31"
  },
  {
    "date": "2024-10-29",
    "symbol": "DHI",
    "eps": 3.92,
    "epsEstimated": 4.17,
    "time": "bmo",
    "revenue": 10002600000,
    "revenueEstimated": 10215437024,
    "updatedFromDate": "2025-04-23",
    "fiscalDateEnding": "2024-09-30"
  },
  {
    "date": "2024-07-18",
    "symbol": "DHI",
    "eps": 4.1,
    "epsEstimated": 3.75,
    "time": "bmo",
    "revenue": 9965700000,
    "revenueEstimated": 9612505329,
    "updatedFromDate": "2025-04-23",
    "fiscalDateEnding": "2024-06-30"
  },
  {
    "date": "2024-04-18",
    "symbol": "DHI",
    "eps": 3.52,
    "epsEstimated": 3.06,
    "time": "bmo",
    "revenue": 9107200000,
    "revenueEstimated": 8146964357,
    "updatedFromDate": "2025-04-23",
    "fiscalDateEnding": "2024-03-31"
  },
  {
    "date": "2024-01-23",
    "symbol": "DHI",
    "eps": 2.82,
    "epsEstimated": 2.88,
    "time": "bmo",
    "revenue": 7726000000,
    "revenueEstimated": 7598600000,
    "updatedFromDate": "2025-04-23",
    "fiscalDateEnding": "2023-12-31"
  },
  {
    "date": "2023-11-07",
    "symbol": "DHI",
    "eps": 4.45,
    "epsEstimated": 3.93,
    "time": "bmo",
    "revenue": 10504000000,
    "revenueEstimated": 10013600000,
    "updatedFromDate": "2025-04-23",
    "fiscalDateEnding": "2023-09-30"
  },
  {
    "date": "2023-07-20",
    "symbol": "DHI",
    "eps": 3.9,
    "epsEstimated": 2.79,
    "time": "bmo",
    "revenue": 9725600000,
    "revenueEstimated": 9979720000,
    "updatedFromDate": "2025-04-23",
    "fiscalDateEnding": "2023-06-30"
  },
  {
    "date": "2023-04-20",
    "symbol": "DHI",
    "eps": 2.73,
    "epsEstimated": 1.93,
    "time": "bmo",
    "revenue": 7972900000,
    "revenueEstimated": 6471330000,
    "updatedFromDate": "2025-04-23",
    "fiscalDateEnding": "2023-03-31"
  },
  {
    "date": "2023-01-24",
    "symbol": "DHI",
    "eps": 2.76,
    "epsEstimated": 2.26,
    "time": "bmo",
    "revenue": 7257800000,
    "revenueEstimated": 6370545970,
    "updatedFromDate": "2025-04-23",
    "fiscalDateEnding": "2022-12-31"
  },
  {
    "date": "2022-11-09",
    "symbol": "DHI",
    "eps": 4.67,
    "epsEstimated": 5.09,
    "time": "bmo",
    "revenue": 9639400000,
    "revenueEstimated": 9871186585,
    "updatedFromDate": "2025-04-23",
    "fiscalDateEnding": "2022-09-30"
  },
  {
    "date": "2022-07-21",
    "symbol": "DHI",
    "eps": 4.67,
    "epsEstimated": 4.49,
    "time": "bmo",
    "revenue": 8788100000,
    "revenueEstimated": 8813003076,
    "updatedFromDate": "2025-04-23",
    "fiscalDateEnding": "2022-06-30"
  },
  {
    "date": "2022-04-26",
    "symbol": "DHI",
    "eps": 4.03,
    "epsEstimated": 3.37,
    "time": "bmo",
    "revenue": 7999000000,
    "revenueEstimated": 7488193293,
    "updatedFromDate": "2025-04-23",
    "fiscalDateEnding": "2022-03-31"
  },
  {
    "date": "2022-02-02",
    "symbol": "DHI",
    "eps": 3.17,
    "epsEstimated": 2.79,
    "time": "bmo",
    "revenue": 7053400000,
    "revenueEstimated": 7624310000,
    "updatedFromDate": "2025-04-23",
    "fiscalDateEnding": "2021-12-31"
  },
  {
    "date": "2021-11-09",
    "symbol": "DHI",
    "eps": 3.7,
    "epsEstimated": 3.4,
    "time": "bmo",
    "revenue": 8109300000,
    "revenueEstimated": 8195240000,
    "updatedFromDate": "2025-04-23",
    "fiscalDateEnding": "2021-09-30"
  },
  {
    "date": "2021-07-22",
    "symbol": "DHI",
    "eps": 3.11,
    "epsEstimated": 2.81,
    "time": "bmo",
    "revenue": 7284600000,
    "revenueEstimated": 8195240000,
    "updatedFromDate": "2025-04-23",
    "fiscalDateEnding": "2021-06-30"
  },
  {
    "date": "2021-04-22",
    "symbol": "DHI",
    "eps": 2.53,
    "epsEstimated": 2.15,
    "time": "bmo",
    "revenue": 6446900000,
    "revenueEstimated": 5307447906,
    "updatedFromDate": "2025-04-23",
    "fiscalDateEnding": "2021-03-31"
  },
  {
    "date": "2021-01-26",
    "symbol": "DHI",
    "eps": 2.14,
    "epsEstimated": 1.69,
    "time": "bmo",
    "revenue": 5933400000,
    "revenueEstimated": 4353500591,
    "updatedFromDate": "2025-04-23",
    "fiscalDateEnding": "2020-12-31"
  },
  {
    "date": "2020-11-10",
    "symbol": "DHI",
    "eps": 2.24,
    "epsEstimated": 1.76,
    "time": "bmo",
    "revenue": 6400400000,
    "revenueEstimated": 6982145454,
    "updatedFromDate": "2025-04-23",
    "fiscalDateEnding": "2020-09-30"
  },
  {
    "date": "2020-07-28",
    "symbol": "DHI",
    "eps": 1.72,
    "epsEstimated": 1.3,
    "time": "bmo",
    "revenue": 5390000000,
    "revenueEstimated": 4105174418,
    "updatedFromDate": "2025-04-23",
    "fiscalDateEnding": "2020-06-30"
  },
  {
    "date": "2020-04-28",
    "symbol": "DHI",
    "eps": 1.3,
    "epsEstimated": 1.12,
    "time": "bmo",
    "revenue": 4500000000,
    "revenueEstimated": 3876923076,
    "updatedFromDate": "2025-04-23",
    "fiscalDateEnding": "2020-03-31"
  },
  {
    "date": "2020-01-27",
    "symbol": "DHI",
    "eps": 1.07,
    "epsEstimated": 0.92,
    "time": "bmo",
    "revenue": 4020700000,
    "revenueEstimated": 3188831034,
    "updatedFromDate": "2025-04-23",
    "fiscalDateEnding": "2019-12-31"
  },
  {
    "date": "2019-11-12",
    "symbol": "DHI",
    "eps": 1.35,
    "epsEstimated": 1.25,
    "time": "bmo",
    "revenue": 5038900000,
    "revenueEstimated": 4665648148,
    "updatedFromDate": "2025-04-23",
    "fiscalDateEnding": "2019-09-30"
  },
  {
    "date": "2019-07-30",
    "symbol": "DHI",
    "eps": 1.26,
    "epsEstimated": 1.07,
    "time": "bmo",
    "revenue": 4906300000,
    "revenueEstimated": 4166461111,
    "updatedFromDate": "2025-04-23",
    "fiscalDateEnding": "2019-06-30"
  },
  {
    "date": "2019-04-25",
    "symbol": "DHI",
    "eps": 0.87,
    "epsEstimated": 0.86,
    "time": "bmo",
    "revenue": 4128700000,
    "revenueEstimated": 3817937634,
    "updatedFromDate": "2025-04-23",
    "fiscalDateEnding": "2019-03-31"
  },
  {
    "date": "2019-01-25",
    "symbol": "DHI",
    "eps": 0.76,
    "epsEstimated": 0.78,
    "time": "bmo",
    "revenue": 3519000000,
    "revenueEstimated": 3611605263,
    "updatedFromDate": "2025-04-23",
    "fiscalDateEnding": "2018-12-31"
  },
  {
    "date": "2018-11-08",
    "symbol": "DHI",
    "eps": 1.22,
    "epsEstimated": 1.22,
    "time": "bmo",
    "revenue": 4505200000,
    "revenueEstimated": 4505100000,
    "updatedFromDate": "2025-04-23",
    "fiscalDateEnding": "2018-09-30"
  },
  {
    "date": "2018-07-26",
    "symbol": "DHI",
    "eps": 1.18,
    "epsEstimated": 1.08,
    "time": "bmo",
    "revenue": 4435300000,
    "revenueEstimated": 4059427118,
    "updatedFromDate": "2025-04-23",
    "fiscalDateEnding": "2018-06-30"
  },
  {
    "date": "2018-04-26",
    "symbol": "DHI",
    "eps": 0.91,
    "epsEstimated": 0.85,
    "time": "bmo",
    "revenue": 3794700000,
    "revenueEstimated": 3544499999,
    "updatedFromDate": "2025-04-23",
    "fiscalDateEnding": "2018-03-31"
  },
  {
    "date": "2018-01-31",
    "symbol": "DHI",
    "eps": 0.77,
    "epsEstimated": 0.64,
    "time": "bmo",
    "revenue": 3332700000,
    "revenueEstimated": 3332700000,
    "updatedFromDate": "2025-04-23",
    "fiscalDateEnding": "2017-12-31"
  },
  {
    "date": "2017-11-09",
    "symbol": "DHI",
    "eps": 0.82,
    "epsEstimated": 0.81,
    "time": "bmo",
    "revenue": 4159100000,
    "revenueEstimated": 4108379268,
    "updatedFromDate": "2025-04-23",
    "fiscalDateEnding": "2017-09-30"
  },
  {
    "date": "2017-07-26",
    "symbol": "DHI",
    "eps": 0.76,
    "epsEstimated": 0.75,
    "time": "bmo",
    "revenue": 3776400000,
    "revenueEstimated": 3726710526,
    "updatedFromDate": "2025-04-23",
    "fiscalDateEnding": "2017-06-30"
  },
  {
    "date": "2017-04-20",
    "symbol": "DHI",
    "eps": 0.6,
    "epsEstimated": 0.59,
    "time": "bmo",
    "revenue": 3251300000,
    "revenueEstimated": 3197111666,
    "updatedFromDate": "2025-04-23",
    "fiscalDateEnding": "2017-03-31"
  },
  {
    "date": "2017-01-24",
    "symbol": "DHI",
    "eps": 0.55,
    "epsEstimated": 0.47,
    "time": "bmo",
    "revenue": 2904200000,
    "revenueEstimated": 2534574545,
    "updatedFromDate": "2025-04-23",
    "fiscalDateEnding": "2016-12-31"
  },
  {
    "date": "2016-11-08",
    "symbol": "DHI",
    "eps": 0.76,
    "epsEstimated": 0.77,
    "time": "bmo",
    "revenue": 3741300000,
    "revenueEstimated": 3790426315,
    "updatedFromDate": "2025-04-23",
    "fiscalDateEnding": "2016-09-30"
  },
  {
    "date": "2016-07-21",
    "symbol": "DHI",
    "eps": 0.66,
    "epsEstimated": 0.66,
    "time": "bmo",
    "revenue": 3231900000,
    "revenueEstimated": 3231900000,
    "updatedFromDate": "2025-04-23",
    "fiscalDateEnding": "2016-06-30"
  }
]