[
  {
    "date": "2026-04-20",
    "symbol": "DHR",
    "eps": null,
    "epsEstimated": null,
    "time": "bmo",
    "revenue": null,
    "revenueEstimated": null,
    "updatedFromDate": "2025-10-02",
    "fiscalDateEnding": "2026-03-27"
  },
  {
    "date": "2026-01-27",
    "symbol": "DHR",
    "eps": null,
    "epsEstimated": null,
    "time": "bmo",
    "revenue": null,
    "revenueEstimated": null,
    "updatedFromDate": "2025-10-02",
    "fiscalDateEnding": "2025-12-27"
  },
  {
    "date": "2025-10-21",
    "symbol": "DHR",
    "eps": null,
    "epsEstimated": 1.72,
    "time": "bmo",
    "revenue": null,
    "revenueEstimated": 5997332970,
    "updatedFromDate": "2025-10-02",
    "fiscalDateEnding": "2025-09-27"
  },
  {
    "date": "2025-07-22",
    "symbol": "DHR",
    "eps": 1.8,
    "epsEstimated": 1.64,
    "time": "bmo",
    "revenue": 5936000000,
    "revenueEstimated": 5837698538,
    "updatedFromDate": "2025-10-02",
    "fiscalDateEnding": "2025-06-27"
  },
  {
    "date": "2025-04-22",
    "symbol": "DHR",
    "eps": 1.88,
    "epsEstimated": 1.63,
    "time": "bmo",
    "revenue": 5741000000,
    "revenueEstimated": 5571884314,
    "updatedFromDate": "2025-07-22",
    "fiscalDateEnding": "2025-03-28"
  },
  {
    "date": "2025-01-29",
    "symbol": "DHR",
    "eps": 2.14,
    "epsEstimated": 2.14,
    "time": "bmo",
    "revenue": 6538000000,
    "revenueEstimated": 6445383671,
    "updatedFromDate": "2025-04-29",
    "fiscalDateEnding": "2024-12-31"
  },
  {
    "date": "2024-10-22",
    "symbol": "DHR",
    "eps": 1.71,
    "epsEstimated": 1.57,
    "time": "bmo",
    "revenue": 5798000000,
    "revenueEstimated": 5586862933,
    "updatedFromDate": "2025-04-25",
    "fiscalDateEnding": "2024-09-27"
  },
  {
    "date": "2024-07-23",
    "symbol": "DHR",
    "eps": 1.72,
    "epsEstimated": 1.57,
    "time": "bmo",
    "revenue": 5743000000,
    "revenueEstimated": 5585736563,
    "updatedFromDate": "2025-04-25",
    "fiscalDateEnding": "2024-06-28"
  },
  {
    "date": "2024-04-23",
    "symbol": "DHR",
    "eps": 1.92,
    "epsEstimated": 1.72,
    "time": "bmo",
    "revenue": 5796000000,
    "revenueEstimated": 5622318947,
    "updatedFromDate": "2025-04-25",
    "fiscalDateEnding": "2024-03-29"
  },
  {
    "date": "2024-01-30",
    "symbol": "DHR",
    "eps": 2.09,
    "epsEstimated": 1.9,
    "time": "bmo",
    "revenue": 2693000000,
    "revenueEstimated": 5594410000,
    "updatedFromDate": "2025-04-25",
    "fiscalDateEnding": "2023-12-31"
  },
  {
    "date": "2023-10-24",
    "symbol": "DHR",
    "eps": 2.02,
    "epsEstimated": 1.83,
    "time": "bmo",
    "revenue": 6873000000,
    "revenueEstimated": 6634090000,
    "updatedFromDate": "2025-04-25",
    "fiscalDateEnding": "2023-09-29"
  },
  {
    "date": "2023-07-25",
    "symbol": "DHR",
    "eps": 2.05,
    "epsEstimated": 2,
    "time": "bmo",
    "revenue": 7157000000,
    "revenueEstimated": 6341780000,
    "updatedFromDate": "2025-04-25",
    "fiscalDateEnding": "2023-06-30"
  },
  {
    "date": "2023-04-25",
    "symbol": "DHR",
    "eps": 2.36,
    "epsEstimated": 2.25,
    "time": "bmo",
    "revenue": 7167000000,
    "revenueEstimated": 7024560000,
    "updatedFromDate": "2025-04-25",
    "fiscalDateEnding": "2023-03-31"
  },
  {
    "date": "2023-01-24",
    "symbol": "DHR",
    "eps": 2.87,
    "epsEstimated": 2.54,
    "time": "bmo",
    "revenue": 8369000000,
    "revenueEstimated": 7899922272,
    "updatedFromDate": "2025-04-25",
    "fiscalDateEnding": "2022-12-31"
  },
  {
    "date": "2022-10-20",
    "symbol": "DHR",
    "eps": 2.56,
    "epsEstimated": 2.26,
    "time": "bmo",
    "revenue": 7663000000,
    "revenueEstimated": 7155091155,
    "updatedFromDate": "2025-04-25",
    "fiscalDateEnding": "2022-09-30"
  },
  {
    "date": "2022-07-21",
    "symbol": "DHR",
    "eps": 2.76,
    "epsEstimated": 2.35,
    "time": "bmo",
    "revenue": 7751000000,
    "revenueEstimated": 7296764273,
    "updatedFromDate": "2025-04-25",
    "fiscalDateEnding": "2022-07-01"
  },
  {
    "date": "2022-04-21",
    "symbol": "DHR",
    "eps": 2.76,
    "epsEstimated": 2.66,
    "time": "bmo",
    "revenue": 7688000000,
    "revenueEstimated": 7545644127,
    "updatedFromDate": "2025-04-25",
    "fiscalDateEnding": "2022-04-01"
  },
  {
    "date": "2022-01-27",
    "symbol": "DHR",
    "eps": 2.69,
    "epsEstimated": 2.54,
    "time": "bmo",
    "revenue": 8148000000,
    "revenueEstimated": 7917929445,
    "updatedFromDate": "2025-04-25",
    "fiscalDateEnding": "2021-12-31"
  },
  {
    "date": "2021-10-21",
    "symbol": "DHR",
    "eps": 2.39,
    "epsEstimated": 2.14,
    "time": "bmo",
    "revenue": 7229000000,
    "revenueEstimated": 6990050000,
    "updatedFromDate": "2025-04-25",
    "fiscalDateEnding": "2021-10-01"
  },
  {
    "date": "2021-07-22",
    "symbol": "DHR",
    "eps": 2.46,
    "epsEstimated": 2.05,
    "time": "bmo",
    "revenue": 7218000000,
    "revenueEstimated": 6987550000,
    "updatedFromDate": "2025-04-25",
    "fiscalDateEnding": "2021-07-02"
  },
  {
    "date": "2021-04-22",
    "symbol": "DHR",
    "eps": 2.52,
    "epsEstimated": 1.75,
    "time": "bmo",
    "revenue": 6858000000,
    "revenueEstimated": null,
    "updatedFromDate": "2025-04-25",
    "fiscalDateEnding": "2021-04-02"
  },
  {
    "date": "2021-01-28",
    "symbol": "DHR",
    "eps": 2.08,
    "epsEstimated": 1.87,
    "time": "bmo",
    "revenue": 6760000000,
    "revenueEstimated": 6001121925,
    "updatedFromDate": "2025-04-25",
    "fiscalDateEnding": "2020-12-31"
  },
  {
    "date": "2020-10-22",
    "symbol": "DHR",
    "eps": 1.72,
    "epsEstimated": 1.37,
    "time": "bmo",
    "revenue": 5883200000,
    "revenueEstimated": 4325882352,
    "updatedFromDate": "2025-04-25",
    "fiscalDateEnding": "2020-10-02"
  },
  {
    "date": "2020-07-23",
    "symbol": "DHR",
    "eps": 1.44,
    "epsEstimated": 1.09,
    "time": "bmo",
    "revenue": 5297400000,
    "revenueEstimated": null,
    "updatedFromDate": "2025-04-25",
    "fiscalDateEnding": "2020-07-03"
  },
  {
    "date": "2020-05-06",
    "symbol": "DHR",
    "eps": 1.05,
    "epsEstimated": 1.02,
    "time": "bmo",
    "revenue": 4343100000,
    "revenueEstimated": 4219011428,
    "updatedFromDate": "2025-04-25",
    "fiscalDateEnding": "2020-04-03"
  },
  {
    "date": "2020-01-30",
    "symbol": "DHR",
    "eps": 1.28,
    "epsEstimated": 1.25,
    "time": "bmo",
    "revenue": 4868400000,
    "revenueEstimated": 2770800781,
    "updatedFromDate": "2025-04-25",
    "fiscalDateEnding": "2019-12-31"
  },
  {
    "date": "2019-10-24",
    "symbol": "DHR",
    "eps": 1.16,
    "epsEstimated": 1.15,
    "time": "bmo",
    "revenue": 5037300000,
    "revenueEstimated": 4993875000,
    "updatedFromDate": "2025-04-25",
    "fiscalDateEnding": "2019-09-27"
  },
  {
    "date": "2019-07-18",
    "symbol": "DHR",
    "eps": 1.19,
    "epsEstimated": 1.16,
    "time": "bmo",
    "revenue": 5156600000,
    "revenueEstimated": 4332453781,
    "updatedFromDate": "2025-04-25",
    "fiscalDateEnding": "2019-06-28"
  },
  {
    "date": "2019-04-18",
    "symbol": "DHR",
    "eps": 1.07,
    "epsEstimated": 1.01,
    "time": "bmo",
    "revenue": 4879900000,
    "revenueEstimated": 3983553271,
    "updatedFromDate": "2025-04-25",
    "fiscalDateEnding": "2019-03-29"
  },
  {
    "date": "2019-01-29",
    "symbol": "DHR",
    "eps": 1.28,
    "epsEstimated": 1.27,
    "time": "bmo",
    "revenue": 5363500000,
    "revenueEstimated": 2499320312,
    "updatedFromDate": "2025-04-25",
    "fiscalDateEnding": "2018-12-31"
  },
  {
    "date": "2018-10-18",
    "symbol": "DHR",
    "eps": 1.1,
    "epsEstimated": 1.08,
    "time": "bmo",
    "revenue": 4853100000,
    "revenueEstimated": 4764861818,
    "updatedFromDate": "2025-04-25",
    "fiscalDateEnding": "2018-09-28"
  },
  {
    "date": "2018-07-19",
    "symbol": "DHR",
    "eps": 1.15,
    "epsEstimated": 1.09,
    "time": "bmo",
    "revenue": 4981000000,
    "revenueEstimated": 4721121739,
    "updatedFromDate": "2025-04-25",
    "fiscalDateEnding": "2018-06-29"
  },
  {
    "date": "2018-04-19",
    "symbol": "DHR",
    "eps": 0.99,
    "epsEstimated": 0.94,
    "time": "bmo",
    "revenue": 4695400000,
    "revenueEstimated": 4458258585,
    "updatedFromDate": "2025-04-25",
    "fiscalDateEnding": "2018-03-30"
  },
  {
    "date": "2018-01-30",
    "symbol": "DHR",
    "eps": 1.19,
    "epsEstimated": 1.16,
    "time": "bmo",
    "revenue": 5085700000,
    "revenueEstimated": 4957489075,
    "updatedFromDate": "2025-04-25",
    "fiscalDateEnding": "2017-12-31"
  },
  {
    "date": "2017-10-19",
    "symbol": "DHR",
    "eps": 1,
    "epsEstimated": 0.95,
    "time": "bmo",
    "revenue": 4528200000,
    "revenueEstimated": 4301790000,
    "updatedFromDate": "2025-04-25",
    "fiscalDateEnding": "2017-09-29"
  },
  {
    "date": "2017-07-20",
    "symbol": "DHR",
    "eps": 0.99,
    "epsEstimated": 0.97,
    "time": "bmo",
    "revenue": 4510100000,
    "revenueEstimated": 4418986868,
    "updatedFromDate": "2025-04-25",
    "fiscalDateEnding": "2017-06-30"
  },
  {
    "date": "2017-04-20",
    "symbol": "DHR",
    "eps": 0.85,
    "epsEstimated": 0.84,
    "time": "bmo",
    "revenue": 4205700000,
    "revenueEstimated": 4156221176,
    "updatedFromDate": "2025-04-25",
    "fiscalDateEnding": "2017-03-31"
  },
  {
    "date": "2017-01-31",
    "symbol": "DHR",
    "eps": 1.05,
    "epsEstimated": 1.03,
    "time": "bmo",
    "revenue": 4584300000,
    "revenueEstimated": 4496980000,
    "updatedFromDate": "2025-04-25",
    "fiscalDateEnding": "2016-12-31"
  },
  {
    "date": "2016-10-20",
    "symbol": "DHR",
    "eps": 0.87,
    "epsEstimated": 0.83,
    "time": "bmo",
    "revenue": 4132100000,
    "revenueEstimated": 3942118390,
    "updatedFromDate": "2025-04-25",
    "fiscalDateEnding": "2016-09-30"
  },
  {
    "date": "2016-07-25",
    "symbol": "DHR",
    "eps": 1.25,
    "epsEstimated": 1.09,
    "time": "bmo",
    "revenue": 5785000000,
    "revenueEstimated": 4174029600,
    "updatedFromDate": "2025-04-25",
    "fiscalDateEnding": "2016-07-01"
  }
]