[
  {
    "date": "2026-05-05",
    "symbol": "DIS",
    "eps": null,
    "epsEstimated": null,
    "time": "bmo",
    "revenue": null,
    "revenueEstimated": null,
    "updatedFromDate": "2025-10-02",
    "fiscalDateEnding": "2026-03-28"
  },
  {
    "date": "2026-02-03",
    "symbol": "DIS",
    "eps": null,
    "epsEstimated": null,
    "time": "bmo",
    "revenue": null,
    "revenueEstimated": null,
    "updatedFromDate": "2025-10-02",
    "fiscalDateEnding": "2025-12-28"
  },
  {
    "date": "2025-11-13",
    "symbol": "DIS",
    "eps": null,
    "epsEstimated": 1.03,
    "time": "bmo",
    "revenue": null,
    "revenueEstimated": 22812735960,
    "updatedFromDate": "2025-10-02",
    "fiscalDateEnding": "2025-09-28"
  },
  {
    "date": "2025-08-06",
    "symbol": "DIS",
    "eps": 1.61,
    "epsEstimated": 1.45,
    "time": "bmo",
    "revenue": 23576000000,
    "revenueEstimated": 23693063480,
    "updatedFromDate": "2025-10-02",
    "fiscalDateEnding": "2025-06-28"
  },
  {
    "date": "2025-05-07",
    "symbol": "DIS",
    "eps": 1.45,
    "epsEstimated": 1.19,
    "time": "bmo",
    "revenue": 23621000000,
    "revenueEstimated": 23092824017,
    "updatedFromDate": "2025-08-07",
    "fiscalDateEnding": "2025-03-29"
  },
  {
    "date": "2025-02-05",
    "symbol": "DIS",
    "eps": 1.76,
    "epsEstimated": 1.45,
    "time": "bmo",
    "revenue": 24690000000,
    "revenueEstimated": 24665486885,
    "updatedFromDate": "2025-05-04",
    "fiscalDateEnding": "2024-12-28"
  },
  {
    "date": "2024-11-14",
    "symbol": "DIS",
    "eps": 1.14,
    "epsEstimated": 1.11,
    "time": "bmo",
    "revenue": 22574000000,
    "revenueEstimated": 22492476281,
    "updatedFromDate": "2025-04-25",
    "fiscalDateEnding": "2024-09-28"
  },
  {
    "date": "2024-08-07",
    "symbol": "DIS",
    "eps": 1.39,
    "epsEstimated": 1.19,
    "time": "bmo",
    "revenue": 23155000000,
    "revenueEstimated": 23080610832,
    "updatedFromDate": "2025-04-25",
    "fiscalDateEnding": "2024-06-29"
  },
  {
    "date": "2024-05-07",
    "symbol": "DIS",
    "eps": 1.21,
    "epsEstimated": 1.1,
    "time": "bmo",
    "revenue": 22083000000,
    "revenueEstimated": 22121134058,
    "updatedFromDate": "2025-04-25",
    "fiscalDateEnding": "2024-03-30"
  },
  {
    "date": "2024-02-07",
    "symbol": "DIS",
    "eps": 1.22,
    "epsEstimated": 0.99,
    "time": "amc",
    "revenue": 23549000000,
    "revenueEstimated": 23709041921,
    "updatedFromDate": "2025-04-25",
    "fiscalDateEnding": "2023-12-30"
  },
  {
    "date": "2023-11-08",
    "symbol": "DIS",
    "eps": 0.82,
    "epsEstimated": 0.67,
    "time": "amc",
    "revenue": 21241000000,
    "revenueEstimated": 20132800000,
    "updatedFromDate": "2025-04-25",
    "fiscalDateEnding": "2023-09-30"
  },
  {
    "date": "2023-08-09",
    "symbol": "DIS",
    "eps": 1.03,
    "epsEstimated": 0.99,
    "time": "amc",
    "revenue": 22330000000,
    "revenueEstimated": 22484600000,
    "updatedFromDate": "2025-04-25",
    "fiscalDateEnding": "2023-07-01"
  },
  {
    "date": "2023-05-10",
    "symbol": "DIS",
    "eps": 0.93,
    "epsEstimated": 0.89,
    "time": "amc",
    "revenue": 21815000000,
    "revenueEstimated": 21790000000,
    "updatedFromDate": "2025-04-25",
    "fiscalDateEnding": "2023-04-01"
  },
  {
    "date": "2023-02-08",
    "symbol": "DIS",
    "eps": 0.99,
    "epsEstimated": 0.69,
    "time": "amc",
    "revenue": 23512000000,
    "revenueEstimated": 23442237670,
    "updatedFromDate": "2025-04-25",
    "fiscalDateEnding": "2022-12-31"
  },
  {
    "date": "2022-11-08",
    "symbol": "DIS",
    "eps": 0.3,
    "epsEstimated": 0.5,
    "time": "amc",
    "revenue": 20150000000,
    "revenueEstimated": 21268320692,
    "updatedFromDate": "2025-04-25",
    "fiscalDateEnding": "2022-10-01"
  },
  {
    "date": "2022-08-10",
    "symbol": "DIS",
    "eps": 1.09,
    "epsEstimated": 0.94,
    "time": "amc",
    "revenue": 21504000000,
    "revenueEstimated": 20993823814,
    "updatedFromDate": "2025-04-25",
    "fiscalDateEnding": "2022-07-02"
  },
  {
    "date": "2022-05-11",
    "symbol": "DIS",
    "eps": 1.08,
    "epsEstimated": 1.2,
    "time": "amc",
    "revenue": 19249000000,
    "revenueEstimated": 20053850667,
    "updatedFromDate": "2025-04-25",
    "fiscalDateEnding": "2022-04-02"
  },
  {
    "date": "2022-02-09",
    "symbol": "DIS",
    "eps": 1.06,
    "epsEstimated": 0.57,
    "time": "amc",
    "revenue": 21819000000,
    "revenueEstimated": 20270068141,
    "updatedFromDate": "2025-04-25",
    "fiscalDateEnding": "2022-01-01"
  },
  {
    "date": "2021-11-10",
    "symbol": "DIS",
    "eps": 0.37,
    "epsEstimated": 0.51,
    "time": "amc",
    "revenue": 18534000000,
    "revenueEstimated": 23352840000,
    "updatedFromDate": "2025-04-25",
    "fiscalDateEnding": "2021-10-02"
  },
  {
    "date": "2021-08-12",
    "symbol": "DIS",
    "eps": 0.8,
    "epsEstimated": 0.57,
    "time": "amc",
    "revenue": 17022000000,
    "revenueEstimated": 16761100000,
    "updatedFromDate": "2025-04-25",
    "fiscalDateEnding": "2021-07-03"
  },
  {
    "date": "2021-05-13",
    "symbol": "DIS",
    "eps": 0.79,
    "epsEstimated": 0.29,
    "time": "amc",
    "revenue": 15613000000,
    "revenueEstimated": 15820400000,
    "updatedFromDate": "2025-04-25",
    "fiscalDateEnding": "2021-04-03"
  },
  {
    "date": "2021-02-11",
    "symbol": "DIS",
    "eps": 0.32,
    "epsEstimated": -0.45,
    "time": "amc",
    "revenue": 16249000000,
    "revenueEstimated": 40662131707,
    "updatedFromDate": "2025-04-25",
    "fiscalDateEnding": "2021-01-02"
  },
  {
    "date": "2020-11-12",
    "symbol": "DIS",
    "eps": -0.2,
    "epsEstimated": -0.68,
    "time": "amc",
    "revenue": 14707000000,
    "revenueEstimated": 22690800000,
    "updatedFromDate": "2025-04-25",
    "fiscalDateEnding": "2020-10-03"
  },
  {
    "date": "2020-08-04",
    "symbol": "DIS",
    "eps": 0.08,
    "epsEstimated": -0.43,
    "time": "amc",
    "revenue": 11779000000,
    "revenueEstimated": 94232000000,
    "updatedFromDate": "2025-04-25",
    "fiscalDateEnding": "2020-06-27"
  },
  {
    "date": "2020-05-05",
    "symbol": "DIS",
    "eps": 0.6,
    "epsEstimated": 0.83,
    "time": "amc",
    "revenue": 18025000000,
    "revenueEstimated": 26713350000,
    "updatedFromDate": "2025-04-25",
    "fiscalDateEnding": "2020-03-28"
  },
  {
    "date": "2020-02-04",
    "symbol": "DIS",
    "eps": 1.53,
    "epsEstimated": 1.44,
    "time": "amc",
    "revenue": 20877000000,
    "revenueEstimated": 19631058823,
    "updatedFromDate": "2025-04-25",
    "fiscalDateEnding": "2019-12-28"
  },
  {
    "date": "2019-11-07",
    "symbol": "DIS",
    "eps": 1.07,
    "epsEstimated": 0.95,
    "time": "amc",
    "revenue": 19118000000,
    "revenueEstimated": 16957943925,
    "updatedFromDate": "2025-04-25",
    "fiscalDateEnding": "2019-09-28"
  },
  {
    "date": "2019-08-06",
    "symbol": "DIS",
    "eps": 1.35,
    "epsEstimated": 1.76,
    "time": "amc",
    "revenue": 20262000000,
    "revenueEstimated": 26243518518,
    "updatedFromDate": "2025-04-25",
    "fiscalDateEnding": "2019-06-29"
  },
  {
    "date": "2019-05-08",
    "symbol": "DIS",
    "eps": 1.61,
    "epsEstimated": 1.59,
    "time": "amc",
    "revenue": 14924000000,
    "revenueEstimated": 14638670886,
    "updatedFromDate": "2025-04-25",
    "fiscalDateEnding": "2019-03-30"
  },
  {
    "date": "2019-02-05",
    "symbol": "DIS",
    "eps": 1.84,
    "epsEstimated": 1.55,
    "time": "amc",
    "revenue": 15303000000,
    "revenueEstimated": 12439858064,
    "updatedFromDate": "2025-04-25",
    "fiscalDateEnding": "2018-12-31"
  },
  {
    "date": "2018-11-08",
    "symbol": "DIS",
    "eps": 1.48,
    "epsEstimated": 1.34,
    "time": "amc",
    "revenue": 14306000000,
    "revenueEstimated": 12812238805,
    "updatedFromDate": "2025-04-25",
    "fiscalDateEnding": "2018-09-30"
  },
  {
    "date": "2018-08-07",
    "symbol": "DIS",
    "eps": 1.87,
    "epsEstimated": 1.95,
    "time": "amc",
    "revenue": 15229000000,
    "revenueEstimated": 15852738461,
    "updatedFromDate": "2025-04-25",
    "fiscalDateEnding": "2018-06-30"
  },
  {
    "date": "2018-05-08",
    "symbol": "DIS",
    "eps": 1.84,
    "epsEstimated": 1.7,
    "time": "amc",
    "revenue": 14548000000,
    "revenueEstimated": 13349929411,
    "updatedFromDate": "2025-04-25",
    "fiscalDateEnding": "2018-03-31"
  },
  {
    "date": "2018-02-06",
    "symbol": "DIS",
    "eps": 1.89,
    "epsEstimated": 1.62,
    "time": "amc",
    "revenue": 15351000000,
    "revenueEstimated": 12681260869,
    "updatedFromDate": "2025-04-25",
    "fiscalDateEnding": "2017-12-31"
  },
  {
    "date": "2017-11-09",
    "symbol": "DIS",
    "eps": 1.07,
    "epsEstimated": 1.13,
    "time": "amc",
    "revenue": 12779000000,
    "revenueEstimated": 13457530973,
    "updatedFromDate": "2025-04-25",
    "fiscalDateEnding": "2017-09-30"
  },
  {
    "date": "2017-08-08",
    "symbol": "DIS",
    "eps": 1.58,
    "epsEstimated": 1.55,
    "time": "amc",
    "revenue": 14238000000,
    "revenueEstimated": 13962425806,
    "updatedFromDate": "2025-04-25",
    "fiscalDateEnding": "2017-06-30"
  },
  {
    "date": "2017-05-09",
    "symbol": "DIS",
    "eps": 1.5,
    "epsEstimated": 1.41,
    "time": "amc",
    "revenue": 13336000000,
    "revenueEstimated": 12484765957,
    "updatedFromDate": "2025-04-25",
    "fiscalDateEnding": "2017-03-31"
  },
  {
    "date": "2017-02-07",
    "symbol": "DIS",
    "eps": 1.55,
    "epsEstimated": 1.49,
    "time": "amc",
    "revenue": 14784000000,
    "revenueEstimated": 14188671140,
    "updatedFromDate": "2025-04-25",
    "fiscalDateEnding": "2016-12-31"
  },
  {
    "date": "2016-11-10",
    "symbol": "DIS",
    "eps": 1.1,
    "epsEstimated": 1.16,
    "time": "amc",
    "revenue": 13142000000,
    "revenueEstimated": 13821758620,
    "updatedFromDate": "2025-04-25",
    "fiscalDateEnding": "2016-09-30"
  },
  {
    "date": "2016-08-09",
    "symbol": "DIS",
    "eps": 1.62,
    "epsEstimated": 1.61,
    "time": "amc",
    "revenue": 14277000000,
    "revenueEstimated": 14188322981,
    "updatedFromDate": "2025-04-25",
    "fiscalDateEnding": "2016-06-30"
  }
]