[
  {
    "date": "2026-04-22",
    "symbol": "DLR",
    "eps": null,
    "epsEstimated": null,
    "time": "amc",
    "revenue": null,
    "revenueEstimated": null,
    "updatedFromDate": "2025-10-01",
    "fiscalDateEnding": "2026-03-30"
  },
  {
    "date": "2026-02-11",
    "symbol": "DLR",
    "eps": null,
    "epsEstimated": null,
    "time": "amc",
    "revenue": null,
    "revenueEstimated": null,
    "updatedFromDate": "2025-10-01",
    "fiscalDateEnding": "2025-12-30"
  },
  {
    "date": "2025-10-23",
    "symbol": "DLR",
    "eps": null,
    "epsEstimated": 1.78,
    "time": "bmo",
    "revenue": null,
    "revenueEstimated": 1525939330,
    "updatedFromDate": "2025-10-01",
    "fiscalDateEnding": "2025-09-30"
  },
  {
    "date": "2025-07-24",
    "symbol": "DLR",
    "eps": 1.87,
    "epsEstimated": 1.74,
    "time": "amc",
    "revenue": 1493150000,
    "revenueEstimated": 1533470850,
    "updatedFromDate": "2025-10-01",
    "fiscalDateEnding": "2025-06-30"
  },
  {
    "date": "2025-04-24",
    "symbol": "DLR",
    "eps": 0.27,
    "epsEstimated": 1.73,
    "time": "amc",
    "revenue": 1407637000,
    "revenueEstimated": 1424771540,
    "updatedFromDate": "2025-04-25",
    "fiscalDateEnding": "2025-03-30"
  },
  {
    "date": "2025-02-13",
    "symbol": "DLR",
    "eps": 0.51,
    "epsEstimated": 0.27,
    "time": "bmo",
    "revenue": 1435862000,
    "revenueEstimated": 1458421670,
    "updatedFromDate": "2025-02-14",
    "fiscalDateEnding": "2024-12-30"
  },
  {
    "date": "2024-10-24",
    "symbol": "DLR",
    "eps": 1.67,
    "epsEstimated": 1.67,
    "time": "amc",
    "revenue": 1431214000,
    "revenueEstimated": 1466360000,
    "updatedFromDate": "2025-04-25",
    "fiscalDateEnding": "2024-09-30"
  },
  {
    "date": "2024-07-25",
    "symbol": "DLR",
    "eps": 1.65,
    "epsEstimated": 1.63,
    "time": "amc",
    "revenue": 1356749000,
    "revenueEstimated": 1382370000,
    "updatedFromDate": "2025-04-25",
    "fiscalDateEnding": "2024-06-30"
  },
  {
    "date": "2024-05-02",
    "symbol": "DLR",
    "eps": 1.67,
    "epsEstimated": 1.63,
    "time": "amc",
    "revenue": 1331143000,
    "revenueEstimated": 1361990000,
    "updatedFromDate": "2025-04-25",
    "fiscalDateEnding": "2024-03-31"
  },
  {
    "date": "2024-02-15",
    "symbol": "DLR",
    "eps": 1.63,
    "epsEstimated": 1.64,
    "time": "amc",
    "revenue": 1369633000,
    "revenueEstimated": 1394800000,
    "updatedFromDate": "2025-04-25",
    "fiscalDateEnding": "2023-12-31"
  },
  {
    "date": "2023-10-26",
    "symbol": "DLR",
    "eps": 1.62,
    "epsEstimated": 1.62,
    "time": "amc",
    "revenue": 1402437000,
    "revenueEstimated": 1397310000,
    "updatedFromDate": "2025-04-25",
    "fiscalDateEnding": "2023-09-30"
  },
  {
    "date": "2023-07-27",
    "symbol": "DLR",
    "eps": 1.68,
    "epsEstimated": 1.65,
    "time": "amc",
    "revenue": 1366267000,
    "revenueEstimated": 1371710000,
    "updatedFromDate": "2025-04-25",
    "fiscalDateEnding": "2023-06-30"
  },
  {
    "date": "2023-04-27",
    "symbol": "DLR",
    "eps": 1.66,
    "epsEstimated": 1.65,
    "time": "amc",
    "revenue": 1338723000,
    "revenueEstimated": 1384540000,
    "updatedFromDate": "2025-04-25",
    "fiscalDateEnding": "2023-03-31"
  },
  {
    "date": "2023-02-16",
    "symbol": "DLR",
    "eps": 1.65,
    "epsEstimated": 1.68,
    "time": "amc",
    "revenue": 1233106000,
    "revenueEstimated": 1210934049,
    "updatedFromDate": "2025-04-25",
    "fiscalDateEnding": "2022-12-31"
  },
  {
    "date": "2022-10-26",
    "symbol": "DLR",
    "eps": 1.67,
    "epsEstimated": 1.67,
    "time": "amc",
    "revenue": 1192082000,
    "revenueEstimated": 1188436503,
    "updatedFromDate": "2025-04-25",
    "fiscalDateEnding": "2022-09-30"
  },
  {
    "date": "2022-07-28",
    "symbol": "DLR",
    "eps": 1.55,
    "epsEstimated": 1.64,
    "time": "amc",
    "revenue": 1139322000,
    "revenueEstimated": 1152623363,
    "updatedFromDate": "2025-04-25",
    "fiscalDateEnding": "2022-06-30"
  },
  {
    "date": "2022-04-28",
    "symbol": "DLR",
    "eps": 1.67,
    "epsEstimated": 1.67,
    "time": "amc",
    "revenue": 1127322000,
    "revenueEstimated": 1125520826,
    "updatedFromDate": "2025-04-25",
    "fiscalDateEnding": "2022-03-31"
  },
  {
    "date": "2022-02-17",
    "symbol": "DLR",
    "eps": 1.67,
    "epsEstimated": 1.68,
    "time": "amc",
    "revenue": 1111168000,
    "revenueEstimated": 1106376915,
    "updatedFromDate": "2025-04-25",
    "fiscalDateEnding": "2021-12-31"
  },
  {
    "date": "2021-10-26",
    "symbol": "DLR",
    "eps": 1.65,
    "epsEstimated": 1.62,
    "time": "amc",
    "revenue": 1133136000,
    "revenueEstimated": 1097610000,
    "updatedFromDate": "2025-04-25",
    "fiscalDateEnding": "2021-09-30"
  },
  {
    "date": "2021-07-29",
    "symbol": "DLR",
    "eps": 1.54,
    "epsEstimated": 1.58,
    "time": "amc",
    "revenue": 1093188000,
    "revenueEstimated": 1093190000,
    "updatedFromDate": "2025-04-25",
    "fiscalDateEnding": "2021-06-30"
  },
  {
    "date": "2021-04-29",
    "symbol": "DLR",
    "eps": 1.32,
    "epsEstimated": 0.29,
    "time": "amc",
    "revenue": 1090391000,
    "revenueEstimated": 2504139331,
    "updatedFromDate": "2025-04-25",
    "fiscalDateEnding": "2021-03-31"
  },
  {
    "date": "2021-02-11",
    "symbol": "DLR",
    "eps": 1.61,
    "epsEstimated": 1.52,
    "time": "amc",
    "revenue": 1062609000,
    "revenueEstimated": 1471304769,
    "updatedFromDate": "2025-04-25",
    "fiscalDateEnding": "2020-12-31"
  },
  {
    "date": "2020-10-29",
    "symbol": "DLR",
    "eps": 1.54,
    "epsEstimated": 1.48,
    "time": "amc",
    "revenue": 1024668000,
    "revenueEstimated": 2459203200,
    "updatedFromDate": "2025-04-25",
    "fiscalDateEnding": "2020-09-30"
  },
  {
    "date": "2020-07-30",
    "symbol": "DLR",
    "eps": 1.54,
    "epsEstimated": 1.48,
    "time": "amc",
    "revenue": 992995000,
    "revenueEstimated": 1276707857,
    "updatedFromDate": "2025-04-25",
    "fiscalDateEnding": "2020-06-30"
  },
  {
    "date": "2020-05-07",
    "symbol": "DLR",
    "eps": 1.53,
    "epsEstimated": 1.54,
    "time": "amc",
    "revenue": 823337000,
    "revenueEstimated": 311038422,
    "updatedFromDate": "2025-04-25",
    "fiscalDateEnding": "2020-03-31"
  },
  {
    "date": "2020-02-13",
    "symbol": "DLR",
    "eps": 1.5,
    "epsEstimated": 0.73,
    "time": "amc",
    "revenue": 787463000,
    "revenueEstimated": 199490626,
    "updatedFromDate": "2025-04-25",
    "fiscalDateEnding": "2019-12-31"
  },
  {
    "date": "2019-10-29",
    "symbol": "DLR",
    "eps": 1.67,
    "epsEstimated": 1.64,
    "time": "amc",
    "revenue": 806466000,
    "revenueEstimated": 974479749,
    "updatedFromDate": "2025-04-25",
    "fiscalDateEnding": "2019-09-30"
  },
  {
    "date": "2019-07-30",
    "symbol": "DLR",
    "eps": 1.64,
    "epsEstimated": 1.63,
    "time": "amc",
    "revenue": 800797000,
    "revenueEstimated": 1441434600,
    "updatedFromDate": "2025-04-25",
    "fiscalDateEnding": "2019-06-30"
  },
  {
    "date": "2019-04-25",
    "symbol": "DLR",
    "eps": 1.73,
    "epsEstimated": 1.65,
    "time": "amc",
    "revenue": 814515000,
    "revenueEstimated": 597310998,
    "updatedFromDate": "2025-04-25",
    "fiscalDateEnding": "2019-03-31"
  },
  {
    "date": "2019-02-05",
    "symbol": "DLR",
    "eps": 1.68,
    "epsEstimated": 1.67,
    "time": "amc",
    "revenue": 778267000,
    "revenueEstimated": 1504649533,
    "updatedFromDate": "2025-04-25",
    "fiscalDateEnding": "2018-12-31"
  },
  {
    "date": "2018-10-25",
    "symbol": "DLR",
    "eps": 1.63,
    "epsEstimated": 1.62,
    "time": "amc",
    "revenue": 768924000,
    "revenueEstimated": 629119636,
    "updatedFromDate": "2025-04-25",
    "fiscalDateEnding": "2018-09-30"
  },
  {
    "date": "2018-07-26",
    "symbol": "DLR",
    "eps": 1.66,
    "epsEstimated": 1.61,
    "time": "amc",
    "revenue": 754919000,
    "revenueEstimated": 660537500,
    "updatedFromDate": "2025-04-25",
    "fiscalDateEnding": "2018-06-30"
  },
  {
    "date": "2018-04-26",
    "symbol": "DLR",
    "eps": 1.61,
    "epsEstimated": 1.58,
    "time": "amc",
    "revenue": 744368000,
    "revenueEstimated": 620333333,
    "updatedFromDate": "2025-04-25",
    "fiscalDateEnding": "2018-03-31"
  },
  {
    "date": "2018-02-15",
    "symbol": "DLR",
    "eps": 1.55,
    "epsEstimated": 1.52,
    "time": "amc",
    "revenue": 731445000,
    "revenueEstimated": 1181492307,
    "updatedFromDate": "2025-04-25",
    "fiscalDateEnding": "2017-12-31"
  },
  {
    "date": "2017-10-25",
    "symbol": "DLR",
    "eps": 1.51,
    "epsEstimated": 1.49,
    "time": "amc",
    "revenue": 609925000,
    "revenueEstimated": 11588100000,
    "updatedFromDate": "2025-04-25",
    "fiscalDateEnding": "2017-09-30"
  },
  {
    "date": "2017-07-27",
    "symbol": "DLR",
    "eps": 1.54,
    "epsEstimated": 1.49,
    "time": "amc",
    "revenue": 565989000,
    "revenueEstimated": 613166666,
    "updatedFromDate": "2025-04-25",
    "fiscalDateEnding": "2017-06-30"
  },
  {
    "date": "2017-04-27",
    "symbol": "DLR",
    "eps": 1.5,
    "epsEstimated": 1.47,
    "time": "amc",
    "revenue": 550569000,
    "revenueEstimated": 510312195,
    "updatedFromDate": "2025-04-25",
    "fiscalDateEnding": "2017-03-31"
  },
  {
    "date": "2017-02-16",
    "symbol": "DLR",
    "eps": 1.43,
    "epsEstimated": 1.43,
    "time": "amc",
    "revenue": 576787000,
    "revenueEstimated": 364914285,
    "updatedFromDate": "2025-04-25",
    "fiscalDateEnding": "2016-12-31"
  },
  {
    "date": "2016-10-27",
    "symbol": "DLR",
    "eps": 1.44,
    "epsEstimated": 1.45,
    "time": "amc",
    "revenue": 546293000,
    "revenueEstimated": 131112000,
    "updatedFromDate": "2025-04-25",
    "fiscalDateEnding": "2016-09-30"
  },
  {
    "date": "2016-07-28",
    "symbol": "DLR",
    "eps": 1.42,
    "epsEstimated": 1.36,
    "time": "amc",
    "revenue": 514934000,
    "revenueEstimated": 677500000,
    "updatedFromDate": "2025-04-25",
    "fiscalDateEnding": "2016-06-30"
  }
]