[
  {
    "date": "2026-03-24",
    "symbol": "DLTR",
    "eps": null,
    "epsEstimated": null,
    "time": "bmo",
    "revenue": null,
    "revenueEstimated": null,
    "updatedFromDate": "2025-10-02",
    "fiscalDateEnding": "2026-02-02"
  },
  {
    "date": "2025-12-03",
    "symbol": "DLTR",
    "eps": null,
    "epsEstimated": 1.1,
    "time": "bmo",
    "revenue": null,
    "revenueEstimated": 4716179290,
    "updatedFromDate": "2025-10-02",
    "fiscalDateEnding": "2025-11-02"
  },
  {
    "date": "2025-09-03",
    "symbol": "DLTR",
    "eps": 0.77,
    "epsEstimated": 0.4166,
    "time": "bmo",
    "revenue": 4570400000,
    "revenueEstimated": 4480877918,
    "updatedFromDate": "2025-10-02",
    "fiscalDateEnding": "2025-08-02"
  },
  {
    "date": "2025-06-04",
    "symbol": "DLTR",
    "eps": 1.26,
    "epsEstimated": 1.21,
    "time": "bmo",
    "revenue": 4639700000,
    "revenueEstimated": 4535809514,
    "updatedFromDate": "2025-09-06",
    "fiscalDateEnding": "2025-05-03"
  },
  {
    "date": "2025-03-26",
    "symbol": "DLTR",
    "eps": 2.11,
    "epsEstimated": 2.2,
    "time": "bmo",
    "revenue": 4999800000,
    "revenueEstimated": 8238687572,
    "updatedFromDate": "2025-09-06",
    "fiscalDateEnding": "2025-02-01"
  },
  {
    "date": "2024-12-04",
    "symbol": "DLTR",
    "eps": 1.12,
    "epsEstimated": 1.07,
    "time": "bmo",
    "revenue": 7568200000,
    "revenueEstimated": 7446219581,
    "updatedFromDate": "2025-09-06",
    "fiscalDateEnding": "2024-11-02"
  },
  {
    "date": "2024-09-04",
    "symbol": "DLTR",
    "eps": 0.67,
    "epsEstimated": 1.04,
    "time": "bmo",
    "revenue": 7378800000,
    "revenueEstimated": 7488298936,
    "updatedFromDate": "2025-09-06",
    "fiscalDateEnding": "2024-08-03"
  },
  {
    "date": "2024-06-05",
    "symbol": "DLTR",
    "eps": 1.43,
    "epsEstimated": 1.42,
    "time": "bmo",
    "revenue": 4168900000,
    "revenueEstimated": 7634302321,
    "updatedFromDate": "2025-09-06",
    "fiscalDateEnding": "2024-05-04"
  },
  {
    "date": "2024-03-13",
    "symbol": "DLTR",
    "eps": 2.55,
    "epsEstimated": 2.66,
    "time": "bmo",
    "revenue": 8639900000,
    "revenueEstimated": 8669125990,
    "updatedFromDate": "2025-09-06",
    "fiscalDateEnding": "2024-02-03"
  },
  {
    "date": "2023-11-29",
    "symbol": "DLTR",
    "eps": 1.02,
    "epsEstimated": 1.01,
    "time": "bmo",
    "revenue": 7314800000,
    "revenueEstimated": 7400960000,
    "updatedFromDate": "2025-09-06",
    "fiscalDateEnding": "2023-10-28"
  },
  {
    "date": "2023-08-24",
    "symbol": "DLTR",
    "eps": 0.91,
    "epsEstimated": 0.87,
    "time": "bmo",
    "revenue": 7325300000,
    "revenueEstimated": 7184980000,
    "updatedFromDate": "2025-09-06",
    "fiscalDateEnding": "2023-07-29"
  },
  {
    "date": "2023-05-25",
    "symbol": "DLTR",
    "eps": 1.47,
    "epsEstimated": 1.52,
    "time": "bmo",
    "revenue": 7323800000,
    "revenueEstimated": 7278400000,
    "updatedFromDate": "2025-09-06",
    "fiscalDateEnding": "2023-04-29"
  },
  {
    "date": "2023-03-01",
    "symbol": "DLTR",
    "eps": 2.04,
    "epsEstimated": 2.02,
    "time": "bmo",
    "revenue": 7720700000,
    "revenueEstimated": 7606289254,
    "updatedFromDate": "2025-09-06",
    "fiscalDateEnding": "2023-01-28"
  },
  {
    "date": "2022-11-22",
    "symbol": "DLTR",
    "eps": 1.2,
    "epsEstimated": 1.18,
    "time": "bmo",
    "revenue": 6939900000,
    "revenueEstimated": 6843840683,
    "updatedFromDate": "2025-09-06",
    "fiscalDateEnding": "2022-10-29"
  },
  {
    "date": "2022-08-25",
    "symbol": "DLTR",
    "eps": 1.6,
    "epsEstimated": 1.59,
    "time": "bmo",
    "revenue": 6768500000,
    "revenueEstimated": 6790030336,
    "updatedFromDate": "2025-09-06",
    "fiscalDateEnding": "2022-07-30"
  },
  {
    "date": "2022-05-26",
    "symbol": "DLTR",
    "eps": 2.37,
    "epsEstimated": 2,
    "time": "bmo",
    "revenue": 6902600000,
    "revenueEstimated": 6762386918,
    "updatedFromDate": "2025-09-06",
    "fiscalDateEnding": "2022-04-30"
  },
  {
    "date": "2022-03-02",
    "symbol": "DLTR",
    "eps": 2.01,
    "epsEstimated": 1.77,
    "time": "bmo",
    "revenue": 7080600000,
    "revenueEstimated": 7120356574,
    "updatedFromDate": "2025-09-06",
    "fiscalDateEnding": "2022-01-29"
  },
  {
    "date": "2021-11-23",
    "symbol": "DLTR",
    "eps": 0.96,
    "epsEstimated": 0.96,
    "time": "bmo",
    "revenue": 6417700000,
    "revenueEstimated": 7106810000,
    "updatedFromDate": "2025-09-06",
    "fiscalDateEnding": "2021-10-30"
  },
  {
    "date": "2021-08-26",
    "symbol": "DLTR",
    "eps": 1.23,
    "epsEstimated": 1,
    "time": "bmo",
    "revenue": 6343200000,
    "revenueEstimated": 6414790000,
    "updatedFromDate": "2025-09-06",
    "fiscalDateEnding": "2021-07-31"
  },
  {
    "date": "2021-05-27",
    "symbol": "DLTR",
    "eps": 1.6,
    "epsEstimated": 1.4,
    "time": "bmo",
    "revenue": 6479700000,
    "revenueEstimated": 6368880000,
    "updatedFromDate": "2025-09-06",
    "fiscalDateEnding": "2021-05-01"
  },
  {
    "date": "2021-03-03",
    "symbol": "DLTR",
    "eps": 2.13,
    "epsEstimated": 2.11,
    "time": "bmo",
    "revenue": 6767900000,
    "revenueEstimated": 6782780000,
    "updatedFromDate": "2025-09-06",
    "fiscalDateEnding": "2021-01-30"
  },
  {
    "date": "2020-11-24",
    "symbol": "DLTR",
    "eps": 1.39,
    "epsEstimated": 1.15,
    "time": "bmo",
    "revenue": 6177000000,
    "revenueEstimated": 4887886956,
    "updatedFromDate": "2025-09-06",
    "fiscalDateEnding": "2020-10-31"
  },
  {
    "date": "2020-08-27",
    "symbol": "DLTR",
    "eps": 1.1,
    "epsEstimated": 0.92,
    "time": "bmo",
    "revenue": 6277600000,
    "revenueEstimated": 5250356363,
    "updatedFromDate": "2025-09-06",
    "fiscalDateEnding": "2020-08-01"
  },
  {
    "date": "2020-05-28",
    "symbol": "DLTR",
    "eps": 1.04,
    "epsEstimated": 0.85,
    "time": "bmo",
    "revenue": 6286800000,
    "revenueEstimated": 5138250000,
    "updatedFromDate": "2025-09-06",
    "fiscalDateEnding": "2020-05-02"
  },
  {
    "date": "2020-03-04",
    "symbol": "DLTR",
    "eps": 1.79,
    "epsEstimated": 1.76,
    "time": "bmo",
    "revenue": 6315300000,
    "revenueEstimated": 6174175977,
    "updatedFromDate": "2025-09-06",
    "fiscalDateEnding": "2020-02-01"
  },
  {
    "date": "2019-11-26",
    "symbol": "DLTR",
    "eps": 1.08,
    "epsEstimated": 1.13,
    "time": "bmo",
    "revenue": 5746200000,
    "revenueEstimated": 6012227777,
    "updatedFromDate": "2025-09-06",
    "fiscalDateEnding": "2019-11-02"
  },
  {
    "date": "2019-08-29",
    "symbol": "DLTR",
    "eps": 0.76,
    "epsEstimated": 0.81,
    "time": "bmo",
    "revenue": 5740600000,
    "revenueEstimated": 6118271052,
    "updatedFromDate": "2025-09-06",
    "fiscalDateEnding": "2019-08-03"
  },
  {
    "date": "2019-05-30",
    "symbol": "DLTR",
    "eps": 1.14,
    "epsEstimated": 1.14,
    "time": "bmo",
    "revenue": 5808700000,
    "revenueEstimated": 5808700000,
    "updatedFromDate": "2025-09-06",
    "fiscalDateEnding": "2019-05-04"
  },
  {
    "date": "2019-03-06",
    "symbol": "DLTR",
    "eps": 1.93,
    "epsEstimated": 1.92,
    "time": "bmo",
    "revenue": 6205200000,
    "revenueEstimated": 6205200000,
    "updatedFromDate": "2025-09-06",
    "fiscalDateEnding": "2019-02-02"
  },
  {
    "date": "2018-11-29",
    "symbol": "DLTR",
    "eps": 1.18,
    "epsEstimated": 1.14,
    "time": "bmo",
    "revenue": 5538800000,
    "revenueEstimated": 5351044067,
    "updatedFromDate": "2025-09-06",
    "fiscalDateEnding": "2018-11-03"
  },
  {
    "date": "2018-08-30",
    "symbol": "DLTR",
    "eps": 1.15,
    "epsEstimated": 1.15,
    "time": "bmo",
    "revenue": 5525600000,
    "revenueEstimated": 5573648695,
    "updatedFromDate": "2025-09-06",
    "fiscalDateEnding": "2018-08-04"
  },
  {
    "date": "2018-05-31",
    "symbol": "DLTR",
    "eps": 1.19,
    "epsEstimated": 1.23,
    "time": "bmo",
    "revenue": 5553700000,
    "revenueEstimated": 5740378991,
    "updatedFromDate": "2025-09-06",
    "fiscalDateEnding": "2018-05-05"
  },
  {
    "date": "2018-03-07",
    "symbol": "DLTR",
    "eps": 1.89,
    "epsEstimated": 1.9,
    "time": "bmo",
    "revenue": 6360600000,
    "revenueEstimated": 6394253968,
    "updatedFromDate": "2025-09-06",
    "fiscalDateEnding": "2018-02-03"
  },
  {
    "date": "2017-11-21",
    "symbol": "DLTR",
    "eps": 1.01,
    "epsEstimated": 0.9,
    "time": "bmo",
    "revenue": 5316600000,
    "revenueEstimated": 4737564356,
    "updatedFromDate": "2025-09-06",
    "fiscalDateEnding": "2017-10-28"
  },
  {
    "date": "2017-08-24",
    "symbol": "DLTR",
    "eps": 0.99,
    "epsEstimated": 0.87,
    "time": "bmo",
    "revenue": 5281200000,
    "revenueEstimated": 4641054545,
    "updatedFromDate": "2025-09-06",
    "fiscalDateEnding": "2017-07-29"
  },
  {
    "date": "2017-05-25",
    "symbol": "DLTR",
    "eps": 0.98,
    "epsEstimated": 0.98,
    "time": "bmo",
    "revenue": 5287100000,
    "revenueEstimated": 5287100000,
    "updatedFromDate": "2025-09-06",
    "fiscalDateEnding": "2017-04-29"
  },
  {
    "date": "2017-03-01",
    "symbol": "DLTR",
    "eps": 1.36,
    "epsEstimated": 1.32,
    "time": "bmo",
    "revenue": 5635500000,
    "revenueEstimated": 5469750000,
    "updatedFromDate": "2025-09-06",
    "fiscalDateEnding": "2017-01-28"
  },
  {
    "date": "2016-11-22",
    "symbol": "DLTR",
    "eps": 0.81,
    "epsEstimated": 0.78,
    "time": "bmo",
    "revenue": 5001600000,
    "revenueEstimated": 5418400000,
    "updatedFromDate": "2025-09-06",
    "fiscalDateEnding": "2016-10-29"
  },
  {
    "date": "2016-08-25",
    "symbol": "DLTR",
    "eps": 0.72,
    "epsEstimated": 0.73,
    "time": "bmo",
    "revenue": 4996300000,
    "revenueEstimated": 5065693055,
    "updatedFromDate": "2025-09-06",
    "fiscalDateEnding": "2016-07-30"
  },
  {
    "date": "2016-05-26",
    "symbol": "DLTR",
    "eps": 0.89,
    "epsEstimated": 0.81,
    "time": "bmo",
    "revenue": 5085800000,
    "revenueEstimated": 4203569387,
    "updatedFromDate": "2025-09-06",
    "fiscalDateEnding": "2016-04-30"
  }
]