[
  {
    "date": "2026-04-22",
    "symbol": "DOC",
    "eps": null,
    "epsEstimated": null,
    "time": "amc",
    "revenue": null,
    "revenueEstimated": null,
    "updatedFromDate": "2025-10-02",
    "fiscalDateEnding": "2026-03-30"
  },
  {
    "date": "2026-02-02",
    "symbol": "DOC",
    "eps": null,
    "epsEstimated": null,
    "time": "amc",
    "revenue": null,
    "revenueEstimated": null,
    "updatedFromDate": "2025-10-02",
    "fiscalDateEnding": "2025-12-30"
  },
  {
    "date": "2025-10-23",
    "symbol": "DOC",
    "eps": null,
    "epsEstimated": 0.45,
    "time": "amc",
    "revenue": null,
    "revenueEstimated": 681646790,
    "updatedFromDate": "2025-10-02",
    "fiscalDateEnding": "2025-09-30"
  },
  {
    "date": "2025-07-24",
    "symbol": "DOC",
    "eps": 0.46,
    "epsEstimated": 0.46,
    "time": "amc",
    "revenue": 694348000,
    "revenueEstimated": 701735540,
    "updatedFromDate": "2025-10-02",
    "fiscalDateEnding": "2025-06-30"
  },
  {
    "date": "2025-04-24",
    "symbol": "DOC",
    "eps": 0.46,
    "epsEstimated": 0.46,
    "time": "amc",
    "revenue": 702889000,
    "revenueEstimated": 689237170,
    "updatedFromDate": "2025-07-24",
    "fiscalDateEnding": "2025-03-31"
  },
  {
    "date": "2025-02-03",
    "symbol": "DOC",
    "eps": 0.46,
    "epsEstimated": 0.05,
    "time": "amc",
    "revenue": 697988000,
    "revenueEstimated": 698329700,
    "updatedFromDate": "2025-05-03",
    "fiscalDateEnding": "2024-12-31"
  },
  {
    "date": "2024-10-24",
    "symbol": "DOC",
    "eps": 0.45,
    "epsEstimated": 0.44,
    "time": "amc",
    "revenue": 700397000,
    "revenueEstimated": 686110000,
    "updatedFromDate": "2025-04-25",
    "fiscalDateEnding": "2024-09-30"
  },
  {
    "date": "2024-07-25",
    "symbol": "DOC",
    "eps": 0.45,
    "epsEstimated": 0.44,
    "time": "amc",
    "revenue": 695504000,
    "revenueEstimated": 681580000,
    "updatedFromDate": "2025-04-25",
    "fiscalDateEnding": "2024-06-30"
  },
  {
    "date": "2024-04-25",
    "symbol": "DOC",
    "eps": 0.45,
    "epsEstimated": 0.44,
    "time": "amc",
    "revenue": 606560000,
    "revenueEstimated": 589281861,
    "updatedFromDate": "2025-04-25",
    "fiscalDateEnding": "2024-03-31"
  },
  {
    "date": "2024-02-08",
    "symbol": "DOC",
    "eps": 0.46,
    "epsEstimated": 0.45,
    "time": "bmo",
    "revenue": 135472000,
    "revenueEstimated": 139390000,
    "updatedFromDate": "2025-04-25",
    "fiscalDateEnding": "2023-12-31"
  },
  {
    "date": "2023-10-30",
    "symbol": "DOC",
    "eps": 0.45,
    "epsEstimated": 0.44,
    "time": "bmo",
    "revenue": 138547000,
    "revenueEstimated": 137140000,
    "updatedFromDate": "2025-04-25",
    "fiscalDateEnding": "2023-09-30"
  },
  {
    "date": "2023-07-27",
    "symbol": "DOC",
    "eps": 0.45,
    "epsEstimated": 0.44,
    "time": "bmo",
    "revenue": 135100000,
    "revenueEstimated": 135130000,
    "updatedFromDate": "2025-04-25",
    "fiscalDateEnding": "2023-06-30"
  },
  {
    "date": "2023-04-27",
    "symbol": "DOC",
    "eps": 0.42,
    "epsEstimated": 0.42,
    "time": "bmo",
    "revenue": 134344000,
    "revenueEstimated": 519950427,
    "updatedFromDate": "2025-04-25",
    "fiscalDateEnding": "2023-03-31"
  },
  {
    "date": "2023-02-07",
    "symbol": "DOC",
    "eps": 0.44,
    "epsEstimated": 0.43,
    "time": "bmo",
    "revenue": 132565000,
    "revenueEstimated": 519752310,
    "updatedFromDate": "2025-04-25",
    "fiscalDateEnding": "2022-12-31"
  },
  {
    "date": "2022-11-01",
    "symbol": "DOC",
    "eps": 0.43,
    "epsEstimated": 0.43,
    "time": "bmo",
    "revenue": 131513000,
    "revenueEstimated": 515901297,
    "updatedFromDate": "2025-04-25",
    "fiscalDateEnding": "2022-09-30"
  },
  {
    "date": "2022-08-02",
    "symbol": "DOC",
    "eps": 0.44,
    "epsEstimated": 0.43,
    "time": "bmo",
    "revenue": 132167000,
    "revenueEstimated": 484906193,
    "updatedFromDate": "2025-04-25",
    "fiscalDateEnding": "2022-06-30"
  },
  {
    "date": "2022-05-03",
    "symbol": "DOC",
    "eps": 0.43,
    "epsEstimated": 0.42,
    "time": "bmo",
    "revenue": 130390000,
    "revenueEstimated": 488222549,
    "updatedFromDate": "2025-04-25",
    "fiscalDateEnding": "2022-03-31"
  },
  {
    "date": "2022-02-08",
    "symbol": "DOC",
    "eps": 0.41,
    "epsEstimated": 0.41,
    "time": "bmo",
    "revenue": 116124000,
    "revenueEstimated": 117500691,
    "updatedFromDate": "2025-04-25",
    "fiscalDateEnding": "2021-12-31"
  },
  {
    "date": "2021-11-02",
    "symbol": "DOC",
    "eps": 0.4,
    "epsEstimated": 0.39,
    "time": "bmo",
    "revenue": 115311000,
    "revenueEstimated": 116610000,
    "updatedFromDate": "2025-04-25",
    "fiscalDateEnding": "2021-09-30"
  },
  {
    "date": "2021-08-03",
    "symbol": "DOC",
    "eps": 0.4,
    "epsEstimated": 0.39,
    "time": "bmo",
    "revenue": 112925000,
    "revenueEstimated": 112925000,
    "updatedFromDate": "2025-04-25",
    "fiscalDateEnding": "2021-06-30"
  },
  {
    "date": "2021-05-04",
    "symbol": "DOC",
    "eps": 0.4,
    "epsEstimated": 0.39,
    "time": "bmo",
    "revenue": 113339000,
    "revenueEstimated": 111890000,
    "updatedFromDate": "2025-04-25",
    "fiscalDateEnding": "2021-03-31"
  },
  {
    "date": "2021-02-09",
    "symbol": "DOC",
    "eps": 0.41,
    "epsEstimated": 0.4,
    "time": "bmo",
    "revenue": 111445000,
    "revenueEstimated": 111683555,
    "updatedFromDate": "2025-04-25",
    "fiscalDateEnding": "2020-12-31"
  },
  {
    "date": "2020-11-02",
    "symbol": "DOC",
    "eps": 0.4,
    "epsEstimated": 0.39,
    "time": "bmo",
    "revenue": 109566000,
    "revenueEstimated": 123261750,
    "updatedFromDate": "2025-04-25",
    "fiscalDateEnding": "2020-09-30"
  },
  {
    "date": "2020-08-04",
    "symbol": "DOC",
    "eps": 0.4,
    "epsEstimated": 0.4,
    "time": "bmo",
    "revenue": 109066000,
    "revenueEstimated": 84829111,
    "updatedFromDate": "2025-04-25",
    "fiscalDateEnding": "2020-06-30"
  },
  {
    "date": "2020-05-05",
    "symbol": "DOC",
    "eps": 0.45,
    "epsEstimated": 0.44,
    "time": "bmo",
    "revenue": 107428000,
    "revenueEstimated": 107428000,
    "updatedFromDate": "2025-04-25",
    "fiscalDateEnding": "2020-03-31"
  },
  {
    "date": "2020-02-11",
    "symbol": "DOC",
    "eps": 0.44,
    "epsEstimated": 0.44,
    "time": "bmo",
    "revenue": 107417000,
    "revenueEstimated": 43943318,
    "updatedFromDate": "2025-04-25",
    "fiscalDateEnding": "2019-12-31"
  },
  {
    "date": "2019-10-30",
    "symbol": "DOC",
    "eps": 0.44,
    "epsEstimated": 0.43,
    "time": "bmo",
    "revenue": 107593000,
    "revenueEstimated": 94143875,
    "updatedFromDate": "2025-04-25",
    "fiscalDateEnding": "2019-09-30"
  },
  {
    "date": "2019-07-31",
    "symbol": "DOC",
    "eps": 0.44,
    "epsEstimated": 0.43,
    "time": "bmo",
    "revenue": 94903000,
    "revenueEstimated": 166080250,
    "updatedFromDate": "2025-04-25",
    "fiscalDateEnding": "2019-06-30"
  },
  {
    "date": "2019-05-01",
    "symbol": "DOC",
    "eps": 0.44,
    "epsEstimated": 0.43,
    "time": "bmo",
    "revenue": 105368000,
    "revenueEstimated": 87806666,
    "updatedFromDate": "2025-04-25",
    "fiscalDateEnding": "2019-03-31"
  },
  {
    "date": "2019-02-13",
    "symbol": "DOC",
    "eps": 0.43,
    "epsEstimated": 0.43,
    "time": "bmo",
    "revenue": 105311000,
    "revenueEstimated": 122862833,
    "updatedFromDate": "2025-04-25",
    "fiscalDateEnding": "2018-12-31"
  },
  {
    "date": "2018-10-31",
    "symbol": "DOC",
    "eps": 0.44,
    "epsEstimated": 0.43,
    "time": "bmo",
    "revenue": 105028000,
    "revenueEstimated": 87523333,
    "updatedFromDate": "2025-04-25",
    "fiscalDateEnding": "2018-09-30"
  },
  {
    "date": "2018-08-02",
    "symbol": "DOC",
    "eps": 0.47,
    "epsEstimated": 0.46,
    "time": "bmo",
    "revenue": 106989000,
    "revenueEstimated": 124833333,
    "updatedFromDate": "2025-04-25",
    "fiscalDateEnding": "2018-06-30"
  },
  {
    "date": "2018-05-03",
    "symbol": "DOC",
    "eps": 0.48,
    "epsEstimated": 0.46,
    "time": "bmo",
    "revenue": 105223000,
    "revenueEstimated": 122733333,
    "updatedFromDate": "2025-04-25",
    "fiscalDateEnding": "2018-03-31"
  },
  {
    "date": "2018-02-13",
    "symbol": "DOC",
    "eps": 0.48,
    "epsEstimated": 0.47,
    "time": "bmo",
    "revenue": 97320000,
    "revenueEstimated": 155680000,
    "updatedFromDate": "2025-04-25",
    "fiscalDateEnding": "2017-12-31"
  },
  {
    "date": "2017-11-02",
    "symbol": "DOC",
    "eps": 0.48,
    "epsEstimated": 0.46,
    "time": "bmo",
    "revenue": 92999000,
    "revenueEstimated": 93000000,
    "updatedFromDate": "2025-04-25",
    "fiscalDateEnding": "2017-09-30"
  },
  {
    "date": "2017-08-01",
    "symbol": "DOC",
    "eps": 0.48,
    "epsEstimated": 0.47,
    "time": "bmo",
    "revenue": 76599000,
    "revenueEstimated": 51066666,
    "updatedFromDate": "2025-04-25",
    "fiscalDateEnding": "2017-06-30"
  },
  {
    "date": "2017-05-02",
    "symbol": "DOC",
    "eps": 0.51,
    "epsEstimated": 0.48,
    "time": "bmo",
    "revenue": 76666000,
    "revenueEstimated": 172575000,
    "updatedFromDate": "2025-04-25",
    "fiscalDateEnding": "2017-03-31"
  },
  {
    "date": "2017-02-13",
    "symbol": "DOC",
    "eps": 0.59,
    "epsEstimated": 0.57,
    "time": "bmo",
    "revenue": 73674000,
    "revenueEstimated": 122833333,
    "updatedFromDate": "2025-04-25",
    "fiscalDateEnding": "2016-12-31"
  },
  {
    "date": "2016-11-01",
    "symbol": "DOC",
    "eps": 0.72,
    "epsEstimated": 0.71,
    "time": "bmo",
    "revenue": 70010000,
    "revenueEstimated": 99999999,
    "updatedFromDate": "2025-04-25",
    "fiscalDateEnding": "2016-09-30"
  },
  {
    "date": "2016-08-09",
    "symbol": "DOC",
    "eps": 0.74,
    "epsEstimated": 0.7,
    "time": "bmo",
    "revenue": 53216000,
    "revenueEstimated": 42692098,
    "updatedFromDate": "2025-04-25",
    "fiscalDateEnding": "2016-06-30"
  }
]