[
  {
    "date": "2026-04-22",
    "symbol": "DOV",
    "eps": null,
    "epsEstimated": null,
    "time": "bmo",
    "revenue": null,
    "revenueEstimated": null,
    "updatedFromDate": "2025-10-02",
    "fiscalDateEnding": "2026-03-30"
  },
  {
    "date": "2026-01-28",
    "symbol": "DOV",
    "eps": null,
    "epsEstimated": null,
    "time": "bmo",
    "revenue": null,
    "revenueEstimated": null,
    "updatedFromDate": "2025-10-02",
    "fiscalDateEnding": "2025-12-30"
  },
  {
    "date": "2025-10-23",
    "symbol": "DOV",
    "eps": null,
    "epsEstimated": 2.51,
    "time": "bmo",
    "revenue": null,
    "revenueEstimated": 2113133240,
    "updatedFromDate": "2025-10-02",
    "fiscalDateEnding": "2025-09-30"
  },
  {
    "date": "2025-07-24",
    "symbol": "DOV",
    "eps": 2.44,
    "epsEstimated": 2.39,
    "time": "bmo",
    "revenue": 2049592000,
    "revenueEstimated": 2040265871,
    "updatedFromDate": "2025-10-02",
    "fiscalDateEnding": "2025-06-30"
  },
  {
    "date": "2025-04-24",
    "symbol": "DOV",
    "eps": 2.05,
    "epsEstimated": 1.98,
    "time": "bmo",
    "revenue": 1866059000,
    "revenueEstimated": 1876241015,
    "updatedFromDate": "2025-07-23",
    "fiscalDateEnding": "2025-03-31"
  },
  {
    "date": "2025-01-30",
    "symbol": "DOV",
    "eps": 2.2,
    "epsEstimated": 2.2,
    "time": "bmo",
    "revenue": 1929866000,
    "revenueEstimated": 1951766800,
    "updatedFromDate": "2025-04-29",
    "fiscalDateEnding": "2024-12-31"
  },
  {
    "date": "2024-10-24",
    "symbol": "DOV",
    "eps": 2.27,
    "epsEstimated": 2.3,
    "time": "bmo",
    "revenue": 1983542000,
    "revenueEstimated": 2019706101,
    "updatedFromDate": "2025-04-22",
    "fiscalDateEnding": "2024-09-30"
  },
  {
    "date": "2024-07-25",
    "symbol": "DOV",
    "eps": 2.36,
    "epsEstimated": 2.21,
    "time": "bmo",
    "revenue": 2178262000,
    "revenueEstimated": 2148205445,
    "updatedFromDate": "2025-04-22",
    "fiscalDateEnding": "2024-06-30"
  },
  {
    "date": "2024-04-25",
    "symbol": "DOV",
    "eps": 1.95,
    "epsEstimated": 1.87,
    "time": "bmo",
    "revenue": 2093940999,
    "revenueEstimated": 2030938711,
    "updatedFromDate": "2025-04-22",
    "fiscalDateEnding": "2024-03-31"
  },
  {
    "date": "2024-02-01",
    "symbol": "DOV",
    "eps": 2.45,
    "epsEstimated": 2.42,
    "time": "bmo",
    "revenue": 2105757000,
    "revenueEstimated": 2164670000,
    "updatedFromDate": "2025-04-22",
    "fiscalDateEnding": "2023-12-31"
  },
  {
    "date": "2023-10-24",
    "symbol": "DOV",
    "eps": 2.35,
    "epsEstimated": 2.32,
    "time": "bmo",
    "revenue": 2153268000,
    "revenueEstimated": 2223210000,
    "updatedFromDate": "2025-04-22",
    "fiscalDateEnding": "2023-09-30"
  },
  {
    "date": "2023-07-25",
    "symbol": "DOV",
    "eps": 2.05,
    "epsEstimated": 2.2,
    "time": "bmo",
    "revenue": 2100086000,
    "revenueEstimated": 2197340000,
    "updatedFromDate": "2025-04-22",
    "fiscalDateEnding": "2023-06-30"
  },
  {
    "date": "2023-04-26",
    "symbol": "DOV",
    "eps": 1.94,
    "epsEstimated": 1.92,
    "time": "bmo",
    "revenue": 2079023000,
    "revenueEstimated": 2072200000,
    "updatedFromDate": "2025-04-22",
    "fiscalDateEnding": "2023-03-31"
  },
  {
    "date": "2023-01-31",
    "symbol": "DOV",
    "eps": 2.16,
    "epsEstimated": 2.15,
    "time": "bmo",
    "revenue": 2139181000,
    "revenueEstimated": 2120266455,
    "updatedFromDate": "2025-04-22",
    "fiscalDateEnding": "2022-12-31"
  },
  {
    "date": "2022-10-20",
    "symbol": "DOV",
    "eps": 2.26,
    "epsEstimated": 2.18,
    "time": "bmo",
    "revenue": 2158291000,
    "revenueEstimated": 2161026499,
    "updatedFromDate": "2025-04-22",
    "fiscalDateEnding": "2022-09-30"
  },
  {
    "date": "2022-07-21",
    "symbol": "DOV",
    "eps": 2.14,
    "epsEstimated": 2.07,
    "time": "bmo",
    "revenue": 2158715000,
    "revenueEstimated": 2173582204,
    "updatedFromDate": "2025-04-22",
    "fiscalDateEnding": "2022-06-30"
  },
  {
    "date": "2022-04-21",
    "symbol": "DOV",
    "eps": 1.9,
    "epsEstimated": 1.83,
    "time": "bmo",
    "revenue": 2051901000,
    "revenueEstimated": 2031021337,
    "updatedFromDate": "2025-04-22",
    "fiscalDateEnding": "2022-03-31"
  },
  {
    "date": "2022-01-27",
    "symbol": "DOV",
    "eps": 1.78,
    "epsEstimated": 1.67,
    "time": "bmo",
    "revenue": 1989235000,
    "revenueEstimated": 1917287831,
    "updatedFromDate": "2025-04-22",
    "fiscalDateEnding": "2021-12-31"
  },
  {
    "date": "2021-10-19",
    "symbol": "DOV",
    "eps": 1.98,
    "epsEstimated": 1.85,
    "time": "bmo",
    "revenue": 2018269000,
    "revenueEstimated": 2013560000,
    "updatedFromDate": "2025-04-22",
    "fiscalDateEnding": "2021-09-30"
  },
  {
    "date": "2021-07-20",
    "symbol": "DOV",
    "eps": 2.06,
    "epsEstimated": 1.84,
    "time": "bmo",
    "revenue": 2031676000,
    "revenueEstimated": 2012980000,
    "updatedFromDate": "2025-04-22",
    "fiscalDateEnding": "2021-06-30"
  },
  {
    "date": "2021-04-20",
    "symbol": "DOV",
    "eps": 1.81,
    "epsEstimated": 1.45,
    "time": "bmo",
    "revenue": 1867901000,
    "revenueEstimated": 1727690000,
    "updatedFromDate": "2025-04-22",
    "fiscalDateEnding": "2021-03-31"
  },
  {
    "date": "2021-01-28",
    "symbol": "DOV",
    "eps": 1.55,
    "epsEstimated": 1.38,
    "time": "bmo",
    "revenue": 1780390000,
    "revenueEstimated": 1713440000,
    "updatedFromDate": "2025-04-22",
    "fiscalDateEnding": "2020-12-31"
  },
  {
    "date": "2020-10-20",
    "symbol": "DOV",
    "eps": 1.6,
    "epsEstimated": 1.32,
    "time": "bmo",
    "revenue": 1748256000,
    "revenueEstimated": 1442311200,
    "updatedFromDate": "2025-04-22",
    "fiscalDateEnding": "2020-09-30"
  },
  {
    "date": "2020-07-22",
    "symbol": "DOV",
    "eps": 1.13,
    "epsEstimated": 0.93,
    "time": "bmo",
    "revenue": 1499175000,
    "revenueEstimated": 1233834292,
    "updatedFromDate": "2025-04-22",
    "fiscalDateEnding": "2020-06-30"
  },
  {
    "date": "2020-04-21",
    "symbol": "DOV",
    "eps": 1.39,
    "epsEstimated": 1.21,
    "time": "bmo",
    "revenue": 1655939000,
    "revenueEstimated": 1441500856,
    "updatedFromDate": "2025-04-22",
    "fiscalDateEnding": "2020-03-31"
  },
  {
    "date": "2020-01-30",
    "symbol": "DOV",
    "eps": 1.54,
    "epsEstimated": 1.46,
    "time": "bmo",
    "revenue": 1775589000,
    "revenueEstimated": 1671820811,
    "updatedFromDate": "2025-04-22",
    "fiscalDateEnding": "2019-12-31"
  },
  {
    "date": "2019-10-17",
    "symbol": "DOV",
    "eps": 1.6,
    "epsEstimated": 1.51,
    "time": "bmo",
    "revenue": 1825345000,
    "revenueEstimated": 1722669343,
    "updatedFromDate": "2025-04-22",
    "fiscalDateEnding": "2019-09-30"
  },
  {
    "date": "2019-07-18",
    "symbol": "DOV",
    "eps": 1.56,
    "epsEstimated": 1.53,
    "time": "bmo",
    "revenue": 1810706000,
    "revenueEstimated": 1775884730,
    "updatedFromDate": "2025-04-22",
    "fiscalDateEnding": "2019-06-30"
  },
  {
    "date": "2019-04-18",
    "symbol": "DOV",
    "eps": 1.24,
    "epsEstimated": 1.12,
    "time": "bmo",
    "revenue": 1724757000,
    "revenueEstimated": 1530026370,
    "updatedFromDate": "2025-04-22",
    "fiscalDateEnding": "2019-03-31"
  },
  {
    "date": "2019-01-29",
    "symbol": "DOV",
    "eps": 1.43,
    "epsEstimated": 1.29,
    "time": "bmo",
    "revenue": 1808950000,
    "revenueEstimated": 1631850000,
    "updatedFromDate": "2025-04-22",
    "fiscalDateEnding": "2018-12-31"
  },
  {
    "date": "2018-10-18",
    "symbol": "DOV",
    "eps": 1.36,
    "epsEstimated": 1.29,
    "time": "bmo",
    "revenue": 1747403000,
    "revenueEstimated": 1657460294,
    "updatedFromDate": "2025-04-22",
    "fiscalDateEnding": "2018-09-30"
  },
  {
    "date": "2018-07-19",
    "symbol": "DOV",
    "eps": 1.3,
    "epsEstimated": 1.21,
    "time": "bmo",
    "revenue": 1798094000,
    "revenueEstimated": 1673616153,
    "updatedFromDate": "2025-04-22",
    "fiscalDateEnding": "2018-06-30"
  },
  {
    "date": "2018-04-27",
    "symbol": "DOV",
    "eps": 1.16,
    "epsEstimated": 1.13,
    "time": "bmo",
    "revenue": 1921579000,
    "revenueEstimated": 1581227586,
    "updatedFromDate": "2025-04-22",
    "fiscalDateEnding": "2018-03-31"
  },
  {
    "date": "2018-01-30",
    "symbol": "DOV",
    "eps": 1.13,
    "epsEstimated": 1.04,
    "time": "bmo",
    "revenue": 2017438000,
    "revenueEstimated": 1728401206,
    "updatedFromDate": "2025-04-22",
    "fiscalDateEnding": "2017-12-31"
  },
  {
    "date": "2017-10-19",
    "symbol": "DOV",
    "eps": 1.16,
    "epsEstimated": 1.12,
    "time": "bmo",
    "revenue": 2006275000,
    "revenueEstimated": 1717136842,
    "updatedFromDate": "2025-04-22",
    "fiscalDateEnding": "2017-09-30"
  },
  {
    "date": "2017-07-20",
    "symbol": "DOV",
    "eps": 1.04,
    "epsEstimated": 1.01,
    "time": "bmo",
    "revenue": 1993351000,
    "revenueEstimated": 1687282692,
    "updatedFromDate": "2025-04-22",
    "fiscalDateEnding": "2017-06-30"
  },
  {
    "date": "2017-04-20",
    "symbol": "DOV",
    "eps": 0.7,
    "epsEstimated": 0.62,
    "time": "bmo",
    "revenue": 1813372000,
    "revenueEstimated": 1434719115,
    "updatedFromDate": "2025-04-22",
    "fiscalDateEnding": "2017-03-31"
  },
  {
    "date": "2017-01-26",
    "symbol": "DOV",
    "eps": 0.71,
    "epsEstimated": 0.95,
    "time": "bmo",
    "revenue": 1777961000,
    "revenueEstimated": 1639902912,
    "updatedFromDate": "2025-04-22",
    "fiscalDateEnding": "2016-12-31"
  },
  {
    "date": "2016-10-19",
    "symbol": "DOV",
    "eps": 0.83,
    "epsEstimated": 0.82,
    "time": "bmo",
    "revenue": 1707763000,
    "revenueEstimated": 1687224096,
    "updatedFromDate": "2025-04-22",
    "fiscalDateEnding": "2016-09-30"
  },
  {
    "date": "2016-07-21",
    "symbol": "DOV",
    "eps": 0.76,
    "epsEstimated": 0.85,
    "time": "bmo",
    "revenue": 1686345000,
    "revenueEstimated": 1885993421,
    "updatedFromDate": "2025-04-22",
    "fiscalDateEnding": "2016-06-30"
  }
]