[
  {
    "date": "2026-04-27",
    "symbol": "DPZ",
    "eps": null,
    "epsEstimated": null,
    "time": "bmo",
    "revenue": null,
    "revenueEstimated": null,
    "updatedFromDate": "2025-10-02",
    "fiscalDateEnding": "2026-03-15"
  },
  {
    "date": "2025-10-14",
    "symbol": "DPZ",
    "eps": null,
    "epsEstimated": 3.98,
    "time": "bmo",
    "revenue": null,
    "revenueEstimated": 1136428990,
    "updatedFromDate": "2025-10-02",
    "fiscalDateEnding": "2025-09-15"
  },
  {
    "date": "2025-07-21",
    "symbol": "DPZ",
    "eps": 3.81,
    "epsEstimated": 3.93,
    "time": "bmo",
    "revenue": 1145144000,
    "revenueEstimated": 1142302020,
    "updatedFromDate": "2025-10-02",
    "fiscalDateEnding": "2025-06-15"
  },
  {
    "date": "2025-04-28",
    "symbol": "DPZ",
    "eps": 4.33,
    "epsEstimated": 4.12,
    "time": "bmo",
    "revenue": 1112056000,
    "revenueEstimated": 1121187000,
    "updatedFromDate": "2025-07-28",
    "fiscalDateEnding": "2025-03-23"
  },
  {
    "date": "2025-02-24",
    "symbol": "DPZ",
    "eps": 4.89,
    "epsEstimated": 4.98,
    "time": "bmo",
    "revenue": 1443914000,
    "revenueEstimated": 1474932190,
    "updatedFromDate": "2025-05-24",
    "fiscalDateEnding": "2024-12-29"
  },
  {
    "date": "2024-10-10",
    "symbol": "DPZ",
    "eps": 4.19,
    "epsEstimated": 3.65,
    "time": "bmo",
    "revenue": 1080119000,
    "revenueEstimated": 1484045020,
    "updatedFromDate": "2025-04-24",
    "fiscalDateEnding": "2024-09-08"
  },
  {
    "date": "2024-07-18",
    "symbol": "DPZ",
    "eps": 4.03,
    "epsEstimated": 3.68,
    "time": "bmo",
    "revenue": 1097736000,
    "revenueEstimated": 1103259402,
    "updatedFromDate": "2025-04-24",
    "fiscalDateEnding": "2024-06-16"
  },
  {
    "date": "2024-04-29",
    "symbol": "DPZ",
    "eps": 3.58,
    "epsEstimated": 3.39,
    "time": "bmo",
    "revenue": 1084647000,
    "revenueEstimated": 1079631555,
    "updatedFromDate": "2025-04-24",
    "fiscalDateEnding": "2024-03-24"
  },
  {
    "date": "2024-02-26",
    "symbol": "DPZ",
    "eps": 4.48,
    "epsEstimated": 4.38,
    "time": "bmo",
    "revenue": 1402972000,
    "revenueEstimated": 1422650000,
    "updatedFromDate": "2025-04-24",
    "fiscalDateEnding": "2023-12-31"
  },
  {
    "date": "2023-10-12",
    "symbol": "DPZ",
    "eps": 4.18,
    "epsEstimated": 3.3,
    "time": "bmo",
    "revenue": 1027361000,
    "revenueEstimated": 1052210000,
    "updatedFromDate": "2025-04-24",
    "fiscalDateEnding": "2023-09-10"
  },
  {
    "date": "2023-07-24",
    "symbol": "DPZ",
    "eps": 3.08,
    "epsEstimated": 3.05,
    "time": "bmo",
    "revenue": 1024627000,
    "revenueEstimated": 1073350000,
    "updatedFromDate": "2025-04-24",
    "fiscalDateEnding": "2023-06-18"
  },
  {
    "date": "2023-04-27",
    "symbol": "DPZ",
    "eps": 2.93,
    "epsEstimated": 2.73,
    "time": "bmo",
    "revenue": 1024398000,
    "revenueEstimated": 1034770000,
    "updatedFromDate": "2025-04-24",
    "fiscalDateEnding": "2023-03-26"
  },
  {
    "date": "2023-02-23",
    "symbol": "DPZ",
    "eps": 3.97,
    "epsEstimated": 3.94,
    "time": "bmo",
    "revenue": 1392231000,
    "revenueEstimated": 1438171341,
    "updatedFromDate": "2025-04-24",
    "fiscalDateEnding": "2023-01-01"
  },
  {
    "date": "2022-10-13",
    "symbol": "DPZ",
    "eps": 2.79,
    "epsEstimated": 2.97,
    "time": "bmo",
    "revenue": 1068596000,
    "revenueEstimated": 1066571496,
    "updatedFromDate": "2025-04-24",
    "fiscalDateEnding": "2022-09-11"
  },
  {
    "date": "2022-07-21",
    "symbol": "DPZ",
    "eps": 2.82,
    "epsEstimated": 2.91,
    "time": "bmo",
    "revenue": 1065182000,
    "revenueEstimated": 1049745282,
    "updatedFromDate": "2025-04-24",
    "fiscalDateEnding": "2022-06-19"
  },
  {
    "date": "2022-04-28",
    "symbol": "DPZ",
    "eps": 2.5,
    "epsEstimated": 3.06,
    "time": "bmo",
    "revenue": 1011149000,
    "revenueEstimated": 1027386456,
    "updatedFromDate": "2025-04-24",
    "fiscalDateEnding": "2022-03-27"
  },
  {
    "date": "2022-03-01",
    "symbol": "DPZ",
    "eps": 4.25,
    "epsEstimated": 4.28,
    "time": "bmo",
    "revenue": 1343213000,
    "revenueEstimated": 1383307134,
    "updatedFromDate": "2025-04-24",
    "fiscalDateEnding": "2022-01-02"
  },
  {
    "date": "2021-10-14",
    "symbol": "DPZ",
    "eps": 3.24,
    "epsEstimated": 3.11,
    "time": "bmo",
    "revenue": 997990000,
    "revenueEstimated": 956273376,
    "updatedFromDate": "2025-04-24",
    "fiscalDateEnding": "2021-09-12"
  },
  {
    "date": "2021-07-22",
    "symbol": "DPZ",
    "eps": 3.12,
    "epsEstimated": 2.87,
    "time": "bmo",
    "revenue": 1032472000,
    "revenueEstimated": 1031620000,
    "updatedFromDate": "2025-04-24",
    "fiscalDateEnding": "2021-06-20"
  },
  {
    "date": "2021-04-29",
    "symbol": "DPZ",
    "eps": 3,
    "epsEstimated": 2.94,
    "time": "bmo",
    "revenue": 983698000,
    "revenueEstimated": 980440000,
    "updatedFromDate": "2025-04-24",
    "fiscalDateEnding": "2021-03-28"
  },
  {
    "date": "2021-02-25",
    "symbol": "DPZ",
    "eps": 3.85,
    "epsEstimated": 3.89,
    "time": "bmo",
    "revenue": 1356567000,
    "revenueEstimated": null,
    "updatedFromDate": "2025-04-24",
    "fiscalDateEnding": "2021-01-03"
  },
  {
    "date": "2020-10-08",
    "symbol": "DPZ",
    "eps": 2.49,
    "epsEstimated": 2.79,
    "time": "bmo",
    "revenue": 967719000,
    "revenueEstimated": 1084311650,
    "updatedFromDate": "2025-04-24",
    "fiscalDateEnding": "2020-09-06"
  },
  {
    "date": "2020-07-16",
    "symbol": "DPZ",
    "eps": 2.99,
    "epsEstimated": 2.24,
    "time": "bmo",
    "revenue": 920023000,
    "revenueEstimated": 689248000,
    "updatedFromDate": "2025-04-24",
    "fiscalDateEnding": "2020-06-14"
  },
  {
    "date": "2020-04-23",
    "symbol": "DPZ",
    "eps": 3.07,
    "epsEstimated": 2.32,
    "time": "bmo",
    "revenue": 873102000,
    "revenueEstimated": 659803465,
    "updatedFromDate": "2025-04-24",
    "fiscalDateEnding": "2020-03-22"
  },
  {
    "date": "2020-02-20",
    "symbol": "DPZ",
    "eps": 3.13,
    "epsEstimated": 2.98,
    "time": "bmo",
    "revenue": 1150352000,
    "revenueEstimated": 1095223309,
    "updatedFromDate": "2025-04-24",
    "fiscalDateEnding": "2019-12-29"
  },
  {
    "date": "2019-10-08",
    "symbol": "DPZ",
    "eps": 2.05,
    "epsEstimated": 2.07,
    "time": "bmo",
    "revenue": 820812000,
    "revenueEstimated": 828819921,
    "updatedFromDate": "2025-04-24",
    "fiscalDateEnding": "2019-09-08"
  },
  {
    "date": "2019-07-16",
    "symbol": "DPZ",
    "eps": 2.19,
    "epsEstimated": 2.02,
    "time": "bmo",
    "revenue": 811647000,
    "revenueEstimated": 748642438,
    "updatedFromDate": "2025-04-24",
    "fiscalDateEnding": "2019-06-16"
  },
  {
    "date": "2019-04-24",
    "symbol": "DPZ",
    "eps": 2.2,
    "epsEstimated": 2.09,
    "time": "bmo",
    "revenue": 835963000,
    "revenueEstimated": 794164849,
    "updatedFromDate": "2025-04-24",
    "fiscalDateEnding": "2019-03-24"
  },
  {
    "date": "2019-02-21",
    "symbol": "DPZ",
    "eps": 2.62,
    "epsEstimated": 2.69,
    "time": "bmo",
    "revenue": 1082135000,
    "revenueEstimated": 1111047003,
    "updatedFromDate": "2025-04-24",
    "fiscalDateEnding": "2018-12-30"
  },
  {
    "date": "2018-10-16",
    "symbol": "DPZ",
    "eps": 1.95,
    "epsEstimated": 1.75,
    "time": "bmo",
    "revenue": 785965000,
    "revenueEstimated": 705353205,
    "updatedFromDate": "2025-04-24",
    "fiscalDateEnding": "2018-09-09"
  },
  {
    "date": "2018-07-19",
    "symbol": "DPZ",
    "eps": 1.84,
    "epsEstimated": 1.75,
    "time": "bmo",
    "revenue": 779396000,
    "revenueEstimated": 741277173,
    "updatedFromDate": "2025-04-24",
    "fiscalDateEnding": "2018-06-17"
  },
  {
    "date": "2018-04-26",
    "symbol": "DPZ",
    "eps": 2,
    "epsEstimated": 1.77,
    "time": "bmo",
    "revenue": 785371000,
    "revenueEstimated": 695079000,
    "updatedFromDate": "2025-04-24",
    "fiscalDateEnding": "2018-03-25"
  },
  {
    "date": "2018-02-20",
    "symbol": "DPZ",
    "eps": 2.09,
    "epsEstimated": 1.96,
    "time": "bmo",
    "revenue": 891509000,
    "revenueEstimated": 831782296,
    "updatedFromDate": "2025-04-24",
    "fiscalDateEnding": "2017-12-31"
  },
  {
    "date": "2017-10-12",
    "symbol": "DPZ",
    "eps": 1.27,
    "epsEstimated": 1.22,
    "time": "bmo",
    "revenue": 643642000,
    "revenueEstimated": 623329133,
    "updatedFromDate": "2025-04-24",
    "fiscalDateEnding": "2017-09-10"
  },
  {
    "date": "2017-07-25",
    "symbol": "DPZ",
    "eps": 1.32,
    "epsEstimated": 1.23,
    "time": "bmo",
    "revenue": 628611000,
    "revenueEstimated": 585740909,
    "updatedFromDate": "2025-04-24",
    "fiscalDateEnding": "2017-06-18"
  },
  {
    "date": "2017-04-27",
    "symbol": "DPZ",
    "eps": 1.26,
    "epsEstimated": 1.16,
    "time": "bmo",
    "revenue": 624217000,
    "revenueEstimated": 574660317,
    "updatedFromDate": "2025-04-24",
    "fiscalDateEnding": "2017-03-26"
  },
  {
    "date": "2017-02-28",
    "symbol": "DPZ",
    "eps": 1.48,
    "epsEstimated": 1.44,
    "time": "bmo",
    "revenue": 819435000,
    "revenueEstimated": 797254054,
    "updatedFromDate": "2025-04-24",
    "fiscalDateEnding": "2017-01-01"
  },
  {
    "date": "2016-10-18",
    "symbol": "DPZ",
    "eps": 0.96,
    "epsEstimated": 0.9,
    "time": "bmo",
    "revenue": 566677000,
    "revenueEstimated": 531281250,
    "updatedFromDate": "2025-04-24",
    "fiscalDateEnding": "2016-09-11"
  },
  {
    "date": "2016-07-21",
    "symbol": "DPZ",
    "eps": 0.98,
    "epsEstimated": 0.94,
    "time": "bmo",
    "revenue": 547341000,
    "revenueEstimated": 524961224,
    "updatedFromDate": "2025-04-24",
    "fiscalDateEnding": "2016-06-19"
  },
  {
    "date": "2016-04-28",
    "symbol": "DPZ",
    "eps": 0.89,
    "epsEstimated": 0.98,
    "time": "bmo",
    "revenue": 539175000,
    "revenueEstimated": 593725842,
    "updatedFromDate": "2025-04-24",
    "fiscalDateEnding": "2016-03-27"
  }
]