[
  {
    "date": "2026-03-18",
    "symbol": "DRI",
    "eps": null,
    "epsEstimated": null,
    "time": "bmo",
    "revenue": null,
    "revenueEstimated": null,
    "updatedFromDate": "2025-10-02",
    "fiscalDateEnding": "2026-02-24"
  },
  {
    "date": "2025-12-18",
    "symbol": "DRI",
    "eps": null,
    "epsEstimated": 2.12,
    "time": "bmo",
    "revenue": null,
    "revenueEstimated": 3067507190,
    "updatedFromDate": "2025-10-02",
    "fiscalDateEnding": "2025-11-24"
  },
  {
    "date": "2025-09-18",
    "symbol": "DRI",
    "eps": 1.97,
    "epsEstimated": 2,
    "time": "bmo",
    "revenue": 3044700000,
    "revenueEstimated": 3040570007,
    "updatedFromDate": "2025-10-02",
    "fiscalDateEnding": "2025-08-24"
  },
  {
    "date": "2025-06-20",
    "symbol": "DRI",
    "eps": 2.98,
    "epsEstimated": 2.97,
    "time": "bmo",
    "revenue": 3271700000,
    "revenueEstimated": 3260822521,
    "updatedFromDate": "2025-09-20",
    "fiscalDateEnding": "2025-05-25"
  },
  {
    "date": "2025-03-20",
    "symbol": "DRI",
    "eps": 2.8,
    "epsEstimated": 2.8,
    "time": "bmo",
    "revenue": 3158000000,
    "revenueEstimated": 3214396596,
    "updatedFromDate": "2025-06-20",
    "fiscalDateEnding": "2025-02-23"
  },
  {
    "date": "2024-12-19",
    "symbol": "DRI",
    "eps": 2.03,
    "epsEstimated": 2.02,
    "time": "bmo",
    "revenue": 2890000000,
    "revenueEstimated": 2870547916,
    "updatedFromDate": "2025-04-25",
    "fiscalDateEnding": "2024-11-24"
  },
  {
    "date": "2024-09-19",
    "symbol": "DRI",
    "eps": 1.75,
    "epsEstimated": 1.83,
    "time": "bmo",
    "revenue": 2757000000,
    "revenueEstimated": 2797731194,
    "updatedFromDate": "2025-04-25",
    "fiscalDateEnding": "2024-08-25"
  },
  {
    "date": "2024-06-20",
    "symbol": "DRI",
    "eps": 2.65,
    "epsEstimated": 2.61,
    "time": "bmo",
    "revenue": 2957300000,
    "revenueEstimated": 2972429999,
    "updatedFromDate": "2025-04-25",
    "fiscalDateEnding": "2024-05-26"
  },
  {
    "date": "2024-03-21",
    "symbol": "DRI",
    "eps": 2.62,
    "epsEstimated": 2.62,
    "time": "bmo",
    "revenue": 2974800000,
    "revenueEstimated": 3024658692,
    "updatedFromDate": "2025-04-25",
    "fiscalDateEnding": "2024-02-25"
  },
  {
    "date": "2023-12-15",
    "symbol": "DRI",
    "eps": 1.84,
    "epsEstimated": 1.74,
    "time": "bmo",
    "revenue": 2727300000,
    "revenueEstimated": 3043310000,
    "updatedFromDate": "2025-04-25",
    "fiscalDateEnding": "2023-11-26"
  },
  {
    "date": "2023-09-21",
    "symbol": "DRI",
    "eps": 1.78,
    "epsEstimated": 1.74,
    "time": "bmo",
    "revenue": 2730600000,
    "revenueEstimated": 2706080000,
    "updatedFromDate": "2025-04-25",
    "fiscalDateEnding": "2023-08-27"
  },
  {
    "date": "2023-06-22",
    "symbol": "DRI",
    "eps": 2.58,
    "epsEstimated": 2.54,
    "time": "bmo",
    "revenue": 2769000000,
    "revenueEstimated": 2768990000,
    "updatedFromDate": "2025-04-25",
    "fiscalDateEnding": "2023-05-28"
  },
  {
    "date": "2023-03-23",
    "symbol": "DRI",
    "eps": 2.34,
    "epsEstimated": 2.25,
    "time": "bmo",
    "revenue": 2786200000,
    "revenueEstimated": 2734190000,
    "updatedFromDate": "2025-04-25",
    "fiscalDateEnding": "2023-02-26"
  },
  {
    "date": "2022-12-16",
    "symbol": "DRI",
    "eps": 1.52,
    "epsEstimated": 1.44,
    "time": "bmo",
    "revenue": 2486500000,
    "revenueEstimated": 2430430570,
    "updatedFromDate": "2025-04-25",
    "fiscalDateEnding": "2022-11-27"
  },
  {
    "date": "2022-09-22",
    "symbol": "DRI",
    "eps": 1.53,
    "epsEstimated": 1.56,
    "time": "bmo",
    "revenue": 2446100000,
    "revenueEstimated": 2470332637,
    "updatedFromDate": "2025-04-25",
    "fiscalDateEnding": "2022-08-28"
  },
  {
    "date": "2022-06-23",
    "symbol": "DRI",
    "eps": 2.27,
    "epsEstimated": 2.21,
    "time": "bmo",
    "revenue": 2602900000,
    "revenueEstimated": 2540152432,
    "updatedFromDate": "2025-04-25",
    "fiscalDateEnding": "2022-05-29"
  },
  {
    "date": "2022-03-24",
    "symbol": "DRI",
    "eps": 1.91,
    "epsEstimated": 2.1,
    "time": "bmo",
    "revenue": 2448900000,
    "revenueEstimated": 2512606320,
    "updatedFromDate": "2025-04-25",
    "fiscalDateEnding": "2022-02-27"
  },
  {
    "date": "2021-12-17",
    "symbol": "DRI",
    "eps": 1.48,
    "epsEstimated": 1.43,
    "time": "bmo",
    "revenue": 2272200000,
    "revenueEstimated": 2540950000,
    "updatedFromDate": "2025-04-25",
    "fiscalDateEnding": "2021-11-28"
  },
  {
    "date": "2021-09-23",
    "symbol": "DRI",
    "eps": 1.76,
    "epsEstimated": 1.65,
    "time": "bmo",
    "revenue": 2306000000,
    "revenueEstimated": 2122085889,
    "updatedFromDate": "2025-04-25",
    "fiscalDateEnding": "2021-08-29"
  },
  {
    "date": "2021-06-24",
    "symbol": "DRI",
    "eps": 2.03,
    "epsEstimated": 1.79,
    "time": "bmo",
    "revenue": 2279200000,
    "revenueEstimated": 2119360000,
    "updatedFromDate": "2025-04-25",
    "fiscalDateEnding": "2021-05-30"
  },
  {
    "date": "2021-03-25",
    "symbol": "DRI",
    "eps": 0.98,
    "epsEstimated": 0.69,
    "time": "bmo",
    "revenue": 1733000000,
    "revenueEstimated": 1611740000,
    "updatedFromDate": "2025-04-25",
    "fiscalDateEnding": "2021-02-28"
  },
  {
    "date": "2020-12-18",
    "symbol": "DRI",
    "eps": 0.74,
    "epsEstimated": 0.71,
    "time": "bmo",
    "revenue": 1656500000,
    "revenueEstimated": 1561842857,
    "updatedFromDate": "2025-04-25",
    "fiscalDateEnding": "2020-11-29"
  },
  {
    "date": "2020-09-24",
    "symbol": "DRI",
    "eps": 0.56,
    "epsEstimated": 0.05,
    "time": "bmo",
    "revenue": 1527400000,
    "revenueEstimated": 136375000,
    "updatedFromDate": "2025-04-25",
    "fiscalDateEnding": "2020-08-30"
  },
  {
    "date": "2020-06-25",
    "symbol": "DRI",
    "eps": -1.24,
    "epsEstimated": -1.66,
    "time": "bmo",
    "revenue": 1270100000,
    "revenueEstimated": 1679809677,
    "updatedFromDate": "2025-04-25",
    "fiscalDateEnding": "2020-05-31"
  },
  {
    "date": "2020-03-19",
    "symbol": "DRI",
    "eps": 1.9,
    "epsEstimated": 1.88,
    "time": "bmo",
    "revenue": 2346500000,
    "revenueEstimated": 2321800000,
    "updatedFromDate": "2025-04-25",
    "fiscalDateEnding": "2020-02-23"
  },
  {
    "date": "2019-12-19",
    "symbol": "DRI",
    "eps": 1.12,
    "epsEstimated": 1.07,
    "time": "bmo",
    "revenue": 2056400000,
    "revenueEstimated": 1960306542,
    "updatedFromDate": "2025-04-25",
    "fiscalDateEnding": "2019-11-24"
  },
  {
    "date": "2019-09-19",
    "symbol": "DRI",
    "eps": 1.38,
    "epsEstimated": 1.36,
    "time": "bmo",
    "revenue": 2133900000,
    "revenueEstimated": 2102973913,
    "updatedFromDate": "2025-04-25",
    "fiscalDateEnding": "2019-08-25"
  },
  {
    "date": "2019-06-20",
    "symbol": "DRI",
    "eps": 1.76,
    "epsEstimated": 1.73,
    "time": "bmo",
    "revenue": 2229100000,
    "revenueEstimated": 2191103977,
    "updatedFromDate": "2025-04-25",
    "fiscalDateEnding": "2019-05-26"
  },
  {
    "date": "2019-03-21",
    "symbol": "DRI",
    "eps": 1.8,
    "epsEstimated": 1.75,
    "time": "bmo",
    "revenue": 2246500000,
    "revenueEstimated": 2184097222,
    "updatedFromDate": "2025-04-25",
    "fiscalDateEnding": "2019-02-24"
  },
  {
    "date": "2018-12-18",
    "symbol": "DRI",
    "eps": 0.92,
    "epsEstimated": 0.91,
    "time": "bmo",
    "revenue": 1973400000,
    "revenueEstimated": 1951714285,
    "updatedFromDate": "2025-04-25",
    "fiscalDateEnding": "2018-11-25"
  },
  {
    "date": "2018-09-20",
    "symbol": "DRI",
    "eps": 1.34,
    "epsEstimated": 1.24,
    "time": "bmo",
    "revenue": 2061400000,
    "revenueEstimated": 1907564179,
    "updatedFromDate": "2025-04-25",
    "fiscalDateEnding": "2018-08-26"
  },
  {
    "date": "2018-06-21",
    "symbol": "DRI",
    "eps": 1.39,
    "epsEstimated": 1.35,
    "time": "bmo",
    "revenue": 2134100000,
    "revenueEstimated": 2072687050,
    "updatedFromDate": "2025-04-25",
    "fiscalDateEnding": "2018-05-27"
  },
  {
    "date": "2018-03-22",
    "symbol": "DRI",
    "eps": 1.71,
    "epsEstimated": 1.64,
    "time": "bmo",
    "revenue": 2128400000,
    "revenueEstimated": 2041272514,
    "updatedFromDate": "2025-04-25",
    "fiscalDateEnding": "2018-02-25"
  },
  {
    "date": "2017-12-19",
    "symbol": "DRI",
    "eps": 0.73,
    "epsEstimated": 0.7,
    "time": "bmo",
    "revenue": 1881500000,
    "revenueEstimated": 1800864285,
    "updatedFromDate": "2025-04-25",
    "fiscalDateEnding": "2017-11-26"
  },
  {
    "date": "2017-09-26",
    "symbol": "DRI",
    "eps": 0.99,
    "epsEstimated": 0.99,
    "time": "bmo",
    "revenue": 1936100000,
    "revenueEstimated": 1936100000,
    "updatedFromDate": "2025-04-25",
    "fiscalDateEnding": "2017-08-27"
  },
  {
    "date": "2017-06-27",
    "symbol": "DRI",
    "eps": 1.18,
    "epsEstimated": 1.15,
    "time": "bmo",
    "revenue": 1934600000,
    "revenueEstimated": 1885415254,
    "updatedFromDate": "2025-04-25",
    "fiscalDateEnding": "2017-05-28"
  },
  {
    "date": "2017-03-27",
    "symbol": "DRI",
    "eps": 1.32,
    "epsEstimated": 1.27,
    "time": "bmo",
    "revenue": 1878700000,
    "revenueEstimated": 1807537121,
    "updatedFromDate": "2025-04-25",
    "fiscalDateEnding": "2017-02-26"
  },
  {
    "date": "2016-12-20",
    "symbol": "DRI",
    "eps": 0.64,
    "epsEstimated": 0.64,
    "time": "bmo",
    "revenue": 1642500000,
    "revenueEstimated": 1642500000,
    "updatedFromDate": "2025-04-25",
    "fiscalDateEnding": "2016-11-27"
  },
  {
    "date": "2016-10-04",
    "symbol": "DRI",
    "eps": 0.88,
    "epsEstimated": 0.82,
    "time": "bmo",
    "revenue": 1714400000,
    "revenueEstimated": 1597509090,
    "updatedFromDate": "2025-04-25",
    "fiscalDateEnding": "2016-08-28"
  },
  {
    "date": "2016-06-30",
    "symbol": "DRI",
    "eps": 1.1,
    "epsEstimated": 1.08,
    "time": "bmo",
    "revenue": 1790200000,
    "revenueEstimated": 1757650909,
    "updatedFromDate": "2025-04-25",
    "fiscalDateEnding": "2016-05-29"
  }
]