[
  {
    "date": "2026-04-29",
    "symbol": "DTE",
    "eps": null,
    "epsEstimated": null,
    "time": "bmo",
    "revenue": null,
    "revenueEstimated": null,
    "updatedFromDate": "2025-10-02",
    "fiscalDateEnding": "2026-03-30"
  },
  {
    "date": "2026-02-11",
    "symbol": "DTE",
    "eps": null,
    "epsEstimated": null,
    "time": "bmo",
    "revenue": null,
    "revenueEstimated": null,
    "updatedFromDate": "2025-10-02",
    "fiscalDateEnding": "2025-12-30"
  },
  {
    "date": "2025-10-23",
    "symbol": "DTE",
    "eps": null,
    "epsEstimated": 2.14,
    "time": "bmo",
    "revenue": null,
    "revenueEstimated": null,
    "updatedFromDate": "2025-10-02",
    "fiscalDateEnding": "2025-09-30"
  },
  {
    "date": "2025-07-29",
    "symbol": "DTE",
    "eps": 1.36,
    "epsEstimated": 1.4,
    "time": "bmo",
    "revenue": 3419000000,
    "revenueEstimated": 2772500575,
    "updatedFromDate": "2025-10-02",
    "fiscalDateEnding": "2025-06-30"
  },
  {
    "date": "2025-05-01",
    "symbol": "DTE",
    "eps": 2.1,
    "epsEstimated": 2.02,
    "time": "bmo",
    "revenue": 4440000000,
    "revenueEstimated": 3412442618,
    "updatedFromDate": "2025-07-31",
    "fiscalDateEnding": "2025-03-31"
  },
  {
    "date": "2025-02-13",
    "symbol": "DTE",
    "eps": 1.51,
    "epsEstimated": 1.44,
    "time": "bmo",
    "revenue": 3436000000,
    "revenueEstimated": 3313142443,
    "updatedFromDate": "2025-05-13",
    "fiscalDateEnding": "2024-12-31"
  },
  {
    "date": "2024-10-24",
    "symbol": "DTE",
    "eps": 2.22,
    "epsEstimated": 1.88,
    "time": "bmo",
    "revenue": 2906000000,
    "revenueEstimated": 2982230053,
    "updatedFromDate": "2025-04-25",
    "fiscalDateEnding": "2024-09-30"
  },
  {
    "date": "2024-07-25",
    "symbol": "DTE",
    "eps": 1.43,
    "epsEstimated": 1.22,
    "time": "bmo",
    "revenue": 2875000000,
    "revenueEstimated": 2428647111,
    "updatedFromDate": "2025-04-25",
    "fiscalDateEnding": "2024-06-30"
  },
  {
    "date": "2024-04-25",
    "symbol": "DTE",
    "eps": 1.67,
    "epsEstimated": 1.71,
    "time": "bmo",
    "revenue": 3240000000,
    "revenueEstimated": 3076327809,
    "updatedFromDate": "2025-04-25",
    "fiscalDateEnding": "2024-03-31"
  },
  {
    "date": "2024-02-08",
    "symbol": "DTE",
    "eps": 1.97,
    "epsEstimated": 1.96,
    "time": "bmo",
    "revenue": 3394000000,
    "revenueEstimated": 4567070163,
    "updatedFromDate": "2025-04-25",
    "fiscalDateEnding": "2023-12-31"
  },
  {
    "date": "2023-11-01",
    "symbol": "DTE",
    "eps": 1.44,
    "epsEstimated": 1.63,
    "time": "bmo",
    "revenue": 2888000000,
    "revenueEstimated": 4528570000,
    "updatedFromDate": "2025-04-25",
    "fiscalDateEnding": "2023-09-30"
  },
  {
    "date": "2023-07-27",
    "symbol": "DTE",
    "eps": 0.99,
    "epsEstimated": 0.93,
    "time": "bmo",
    "revenue": 2684000000,
    "revenueEstimated": 5063380000,
    "updatedFromDate": "2025-04-25",
    "fiscalDateEnding": "2023-06-30"
  },
  {
    "date": "2023-04-27",
    "symbol": "DTE",
    "eps": 1.33,
    "epsEstimated": 1.38,
    "time": "bmo",
    "revenue": 3779000000,
    "revenueEstimated": 4835250000,
    "updatedFromDate": "2025-04-25",
    "fiscalDateEnding": "2023-03-31"
  },
  {
    "date": "2023-02-23",
    "symbol": "DTE",
    "eps": 1.31,
    "epsEstimated": 1.24,
    "time": "bmo",
    "revenue": 4476000000,
    "revenueEstimated": 1657623855,
    "updatedFromDate": "2025-04-25",
    "fiscalDateEnding": "2022-12-31"
  },
  {
    "date": "2022-10-27",
    "symbol": "DTE",
    "eps": 1.6,
    "epsEstimated": 1.58,
    "time": "bmo",
    "revenue": 5251000000,
    "revenueEstimated": 3962577349,
    "updatedFromDate": "2025-04-25",
    "fiscalDateEnding": "2022-09-30"
  },
  {
    "date": "2022-07-28",
    "symbol": "DTE",
    "eps": 0.88,
    "epsEstimated": 1.02,
    "time": "bmo",
    "revenue": 4924000000,
    "revenueEstimated": 3101031969,
    "updatedFromDate": "2025-04-25",
    "fiscalDateEnding": "2022-06-30"
  },
  {
    "date": "2022-04-28",
    "symbol": "DTE",
    "eps": 2.31,
    "epsEstimated": 2.05,
    "time": "bmo",
    "revenue": 4577000000,
    "revenueEstimated": null,
    "updatedFromDate": "2025-04-25",
    "fiscalDateEnding": "2022-03-31"
  },
  {
    "date": "2022-02-10",
    "symbol": "DTE",
    "eps": 1.05,
    "epsEstimated": 0.94,
    "time": "bmo",
    "revenue": 4647000000,
    "revenueEstimated": 3205520000,
    "updatedFromDate": "2025-04-25",
    "fiscalDateEnding": "2021-12-31"
  },
  {
    "date": "2021-10-27",
    "symbol": "DTE",
    "eps": 1.72,
    "epsEstimated": 1.83,
    "time": "bmo",
    "revenue": 3715000000,
    "revenueEstimated": 3313070000,
    "updatedFromDate": "2025-04-25",
    "fiscalDateEnding": "2021-09-30"
  },
  {
    "date": "2021-07-27",
    "symbol": "DTE",
    "eps": 1.7,
    "epsEstimated": 1.44,
    "time": "bmo",
    "revenue": 3021000000,
    "revenueEstimated": 3315670000,
    "updatedFromDate": "2025-04-25",
    "fiscalDateEnding": "2021-06-30"
  },
  {
    "date": "2021-04-27",
    "symbol": "DTE",
    "eps": 2.44,
    "epsEstimated": 2.17,
    "time": "bmo",
    "revenue": 3581000000,
    "revenueEstimated": 3277250000,
    "updatedFromDate": "2025-04-25",
    "fiscalDateEnding": "2021-03-31"
  },
  {
    "date": "2021-02-19",
    "symbol": "DTE",
    "eps": 1.39,
    "epsEstimated": 1.24,
    "time": "bmo",
    "revenue": 3288000000,
    "revenueEstimated": 3212790000,
    "updatedFromDate": "2025-04-25",
    "fiscalDateEnding": "2020-12-31"
  },
  {
    "date": "2020-10-27",
    "symbol": "DTE",
    "eps": 2.61,
    "epsEstimated": 2.07,
    "time": "bmo",
    "revenue": 3080000000,
    "revenueEstimated": 2427304347,
    "updatedFromDate": "2025-04-25",
    "fiscalDateEnding": "2020-09-30"
  },
  {
    "date": "2020-07-28",
    "symbol": "DTE",
    "eps": 1.53,
    "epsEstimated": 1.28,
    "time": "bmo",
    "revenue": 2583000000,
    "revenueEstimated": 2160941176,
    "updatedFromDate": "2025-04-25",
    "fiscalDateEnding": "2020-06-30"
  },
  {
    "date": "2020-04-28",
    "symbol": "DTE",
    "eps": 1.66,
    "epsEstimated": 1.74,
    "time": "bmo",
    "revenue": 3022000000,
    "revenueEstimated": 3167638554,
    "updatedFromDate": "2025-04-25",
    "fiscalDateEnding": "2020-03-31"
  },
  {
    "date": "2020-02-05",
    "symbol": "DTE",
    "eps": 1.35,
    "epsEstimated": 1.3,
    "time": "bmo",
    "revenue": 3148000000,
    "revenueEstimated": 3031407407,
    "updatedFromDate": "2025-04-25",
    "fiscalDateEnding": "2019-12-31"
  },
  {
    "date": "2019-10-28",
    "symbol": "DTE",
    "eps": 1.91,
    "epsEstimated": 1.97,
    "time": "bmo",
    "revenue": 3119000000,
    "revenueEstimated": 3216979057,
    "updatedFromDate": "2025-04-25",
    "fiscalDateEnding": "2019-09-30"
  },
  {
    "date": "2019-07-24",
    "symbol": "DTE",
    "eps": 0.99,
    "epsEstimated": 1.07,
    "time": "bmo",
    "revenue": 2888000000,
    "revenueEstimated": 3121373737,
    "updatedFromDate": "2025-04-25",
    "fiscalDateEnding": "2019-06-30"
  },
  {
    "date": "2019-04-24",
    "symbol": "DTE",
    "eps": 2.05,
    "epsEstimated": 1.95,
    "time": "bmo",
    "revenue": 3514000000,
    "revenueEstimated": 3342585365,
    "updatedFromDate": "2025-04-25",
    "fiscalDateEnding": "2019-03-31"
  },
  {
    "date": "2019-02-07",
    "symbol": "DTE",
    "eps": 0.91,
    "epsEstimated": 0.93,
    "time": "bmo",
    "revenue": 3750000000,
    "revenueEstimated": 3832417582,
    "updatedFromDate": "2025-04-25",
    "fiscalDateEnding": "2018-12-31"
  },
  {
    "date": "2018-10-24",
    "symbol": "DTE",
    "eps": 2.13,
    "epsEstimated": 1.77,
    "time": "bmo",
    "revenue": 3550000000,
    "revenueEstimated": 2950000000,
    "updatedFromDate": "2025-04-25",
    "fiscalDateEnding": "2018-09-30"
  },
  {
    "date": "2018-07-25",
    "symbol": "DTE",
    "eps": 1.36,
    "epsEstimated": 1.13,
    "time": "bmo",
    "revenue": 3159000000,
    "revenueEstimated": 2624757352,
    "updatedFromDate": "2025-04-25",
    "fiscalDateEnding": "2018-06-30"
  },
  {
    "date": "2018-04-25",
    "symbol": "DTE",
    "eps": 1.91,
    "epsEstimated": 1.89,
    "time": "bmo",
    "revenue": 3753000000,
    "revenueEstimated": 3713701570,
    "updatedFromDate": "2025-04-25",
    "fiscalDateEnding": "2018-03-31"
  },
  {
    "date": "2018-02-16",
    "symbol": "DTE",
    "eps": 1.26,
    "epsEstimated": 1.19,
    "time": "bmo",
    "revenue": 3271000000,
    "revenueEstimated": 3089277777,
    "updatedFromDate": "2025-04-25",
    "fiscalDateEnding": "2017-12-31"
  },
  {
    "date": "2017-10-25",
    "symbol": "DTE",
    "eps": 1.48,
    "epsEstimated": 1.56,
    "time": "bmo",
    "revenue": 3245000000,
    "revenueEstimated": 3420405405,
    "updatedFromDate": "2025-04-25",
    "fiscalDateEnding": "2017-09-30"
  },
  {
    "date": "2017-07-26",
    "symbol": "DTE",
    "eps": 1.07,
    "epsEstimated": 1,
    "time": "bmo",
    "revenue": 2855000000,
    "revenueEstimated": 2668224299,
    "updatedFromDate": "2025-04-25",
    "fiscalDateEnding": "2017-06-30"
  },
  {
    "date": "2017-04-26",
    "symbol": "DTE",
    "eps": 1.79,
    "epsEstimated": 1.56,
    "time": "bmo",
    "revenue": 3236000000,
    "revenueEstimated": 2820201117,
    "updatedFromDate": "2025-04-25",
    "fiscalDateEnding": "2017-03-31"
  },
  {
    "date": "2017-02-09",
    "symbol": "DTE",
    "eps": 0.81,
    "epsEstimated": 0.86,
    "time": "bmo",
    "revenue": 2874000000,
    "revenueEstimated": 3051407407,
    "updatedFromDate": "2025-04-25",
    "fiscalDateEnding": "2016-12-31"
  },
  {
    "date": "2016-10-26",
    "symbol": "DTE",
    "eps": 1.96,
    "epsEstimated": 1.63,
    "time": "bmo",
    "revenue": 2928000000,
    "revenueEstimated": 2435020408,
    "updatedFromDate": "2025-04-25",
    "fiscalDateEnding": "2016-09-30"
  },
  {
    "date": "2016-07-26",
    "symbol": "DTE",
    "eps": 0.98,
    "epsEstimated": 0.89,
    "time": "bmo",
    "revenue": 2262000000,
    "revenueEstimated": 2054265306,
    "updatedFromDate": "2025-04-25",
    "fiscalDateEnding": "2016-06-30"
  }
]