[
  {
    "date": "2026-05-04",
    "symbol": "DUK",
    "eps": null,
    "epsEstimated": null,
    "time": "bmo",
    "revenue": null,
    "revenueEstimated": null,
    "updatedFromDate": "2025-10-02",
    "fiscalDateEnding": "2026-03-30"
  },
  {
    "date": "2026-02-11",
    "symbol": "DUK",
    "eps": null,
    "epsEstimated": null,
    "time": "bmo",
    "revenue": null,
    "revenueEstimated": null,
    "updatedFromDate": "2025-10-02",
    "fiscalDateEnding": "2025-12-30"
  },
  {
    "date": "2025-11-06",
    "symbol": "DUK",
    "eps": null,
    "epsEstimated": 1.7,
    "time": "bmo",
    "revenue": null,
    "revenueEstimated": 8507876720,
    "updatedFromDate": "2025-10-02",
    "fiscalDateEnding": "2025-09-30"
  },
  {
    "date": "2025-08-05",
    "symbol": "DUK",
    "eps": 1.25,
    "epsEstimated": 1.18,
    "time": "bmo",
    "revenue": 7508000000,
    "revenueEstimated": 7418553369,
    "updatedFromDate": "2025-10-02",
    "fiscalDateEnding": "2025-06-30"
  },
  {
    "date": "2025-05-06",
    "symbol": "DUK",
    "eps": 1.76,
    "epsEstimated": 1.6,
    "time": "bmo",
    "revenue": 8249000000,
    "revenueEstimated": 8055915425,
    "updatedFromDate": "2025-08-06",
    "fiscalDateEnding": "2025-03-31"
  },
  {
    "date": "2025-02-13",
    "symbol": "DUK",
    "eps": 1.66,
    "epsEstimated": 1.65,
    "time": "bmo",
    "revenue": 7360000000,
    "revenueEstimated": 7578141362,
    "updatedFromDate": "2025-05-13",
    "fiscalDateEnding": "2024-12-31"
  },
  {
    "date": "2024-11-07",
    "symbol": "DUK",
    "eps": 1.62,
    "epsEstimated": 1.7,
    "time": "bmo",
    "revenue": 8154000000,
    "revenueEstimated": 8058263691,
    "updatedFromDate": "2025-04-25",
    "fiscalDateEnding": "2024-09-30"
  },
  {
    "date": "2024-08-06",
    "symbol": "DUK",
    "eps": 1.18,
    "epsEstimated": 1.02,
    "time": "bmo",
    "revenue": 7172000000,
    "revenueEstimated": 6843042271,
    "updatedFromDate": "2025-04-25",
    "fiscalDateEnding": "2024-06-30"
  },
  {
    "date": "2024-05-07",
    "symbol": "DUK",
    "eps": 1.44,
    "epsEstimated": 1.38,
    "time": "bmo",
    "revenue": 7671000000,
    "revenueEstimated": 7571938165,
    "updatedFromDate": "2025-04-25",
    "fiscalDateEnding": "2024-03-31"
  },
  {
    "date": "2024-02-08",
    "symbol": "DUK",
    "eps": 1.51,
    "epsEstimated": 1.54,
    "time": "bmo",
    "revenue": 7212000000,
    "revenueEstimated": 7237317895,
    "updatedFromDate": "2025-04-25",
    "fiscalDateEnding": "2023-12-31"
  },
  {
    "date": "2023-11-02",
    "symbol": "DUK",
    "eps": 1.94,
    "epsEstimated": 1.92,
    "time": "bmo",
    "revenue": 7994000000,
    "revenueEstimated": 8136180000,
    "updatedFromDate": "2025-04-25",
    "fiscalDateEnding": "2023-09-30"
  },
  {
    "date": "2023-08-08",
    "symbol": "DUK",
    "eps": 0.91,
    "epsEstimated": 0.98,
    "time": "bmo",
    "revenue": 6578000000,
    "revenueEstimated": 6156230000,
    "updatedFromDate": "2025-04-25",
    "fiscalDateEnding": "2023-06-30"
  },
  {
    "date": "2023-05-09",
    "symbol": "DUK",
    "eps": 1.2,
    "epsEstimated": 1.26,
    "time": "bmo",
    "revenue": 7276000000,
    "revenueEstimated": 6562070000,
    "updatedFromDate": "2025-04-25",
    "fiscalDateEnding": "2023-03-31"
  },
  {
    "date": "2023-02-09",
    "symbol": "DUK",
    "eps": 1.11,
    "epsEstimated": 1.06,
    "time": "bmo",
    "revenue": 6983000000,
    "revenueEstimated": 5042947535,
    "updatedFromDate": "2025-04-25",
    "fiscalDateEnding": "2022-12-31"
  },
  {
    "date": "2022-11-03",
    "symbol": "DUK",
    "eps": 1.78,
    "epsEstimated": 1.84,
    "time": "bmo",
    "revenue": 7968000000,
    "revenueEstimated": 7387727691,
    "updatedFromDate": "2025-04-25",
    "fiscalDateEnding": "2022-09-30"
  },
  {
    "date": "2022-08-04",
    "symbol": "DUK",
    "eps": 1.14,
    "epsEstimated": 1.07,
    "time": "bmo",
    "revenue": 6685000000,
    "revenueEstimated": 5897840639,
    "updatedFromDate": "2025-04-25",
    "fiscalDateEnding": "2022-06-30"
  },
  {
    "date": "2022-05-09",
    "symbol": "DUK",
    "eps": 1.3,
    "epsEstimated": 1.33,
    "time": "bmo",
    "revenue": 7132000000,
    "revenueEstimated": 6366714145,
    "updatedFromDate": "2025-04-25",
    "fiscalDateEnding": "2022-03-31"
  },
  {
    "date": "2022-02-10",
    "symbol": "DUK",
    "eps": 0.94,
    "epsEstimated": 0.96,
    "time": "bmo",
    "revenue": 6238000000,
    "revenueEstimated": 6525514024,
    "updatedFromDate": "2025-04-25",
    "fiscalDateEnding": "2021-12-31"
  },
  {
    "date": "2021-11-04",
    "symbol": "DUK",
    "eps": 1.88,
    "epsEstimated": 1.79,
    "time": "bmo",
    "revenue": 6951000000,
    "revenueEstimated": 7019260000,
    "updatedFromDate": "2025-04-25",
    "fiscalDateEnding": "2021-09-30"
  },
  {
    "date": "2021-08-05",
    "symbol": "DUK",
    "eps": 1.15,
    "epsEstimated": 1.1,
    "time": "bmo",
    "revenue": 5758000000,
    "revenueEstimated": 5758000000,
    "updatedFromDate": "2025-04-25",
    "fiscalDateEnding": "2021-06-30"
  },
  {
    "date": "2021-05-10",
    "symbol": "DUK",
    "eps": 1.26,
    "epsEstimated": 1.2,
    "time": "bmo",
    "revenue": 6150000000,
    "revenueEstimated": 6223240000,
    "updatedFromDate": "2025-04-25",
    "fiscalDateEnding": "2021-03-31"
  },
  {
    "date": "2021-02-11",
    "symbol": "DUK",
    "eps": 1.03,
    "epsEstimated": 1.02,
    "time": "bmo",
    "revenue": 5777000000,
    "revenueEstimated": 5777000000,
    "updatedFromDate": "2025-04-25",
    "fiscalDateEnding": "2020-12-31"
  },
  {
    "date": "2020-11-05",
    "symbol": "DUK",
    "eps": 1.87,
    "epsEstimated": 1.79,
    "time": "bmo",
    "revenue": 6721000000,
    "revenueEstimated": 6420620111,
    "updatedFromDate": "2025-04-25",
    "fiscalDateEnding": "2020-09-30"
  },
  {
    "date": "2020-08-10",
    "symbol": "DUK",
    "eps": 1.08,
    "epsEstimated": 1.04,
    "time": "bmo",
    "revenue": 5421000000,
    "revenueEstimated": 5170027777,
    "updatedFromDate": "2025-04-25",
    "fiscalDateEnding": "2020-06-30"
  },
  {
    "date": "2020-05-12",
    "symbol": "DUK",
    "eps": 1.14,
    "epsEstimated": 1.19,
    "time": "bmo",
    "revenue": 5949000000,
    "revenueEstimated": 6209921052,
    "updatedFromDate": "2025-04-25",
    "fiscalDateEnding": "2020-03-31"
  },
  {
    "date": "2020-02-13",
    "symbol": "DUK",
    "eps": 0.91,
    "epsEstimated": 0.87,
    "time": "bmo",
    "revenue": 6103000000,
    "revenueEstimated": 5834736263,
    "updatedFromDate": "2025-04-25",
    "fiscalDateEnding": "2019-12-31"
  },
  {
    "date": "2019-11-08",
    "symbol": "DUK",
    "eps": 1.79,
    "epsEstimated": 1.68,
    "time": "bmo",
    "revenue": 6940000000,
    "revenueEstimated": 6513519553,
    "updatedFromDate": "2025-04-25",
    "fiscalDateEnding": "2019-09-30"
  },
  {
    "date": "2019-08-06",
    "symbol": "DUK",
    "eps": 1.12,
    "epsEstimated": 0.98,
    "time": "bmo",
    "revenue": 5873000000,
    "revenueEstimated": 5138874999,
    "updatedFromDate": "2025-04-25",
    "fiscalDateEnding": "2019-06-30"
  },
  {
    "date": "2019-05-09",
    "symbol": "DUK",
    "eps": 1.24,
    "epsEstimated": 1.23,
    "time": "bmo",
    "revenue": 6163000000,
    "revenueEstimated": 6113298387,
    "updatedFromDate": "2025-04-25",
    "fiscalDateEnding": "2019-03-31"
  },
  {
    "date": "2019-02-14",
    "symbol": "DUK",
    "eps": 0.84,
    "epsEstimated": 0.89,
    "time": "bmo",
    "revenue": 6115000000,
    "revenueEstimated": 6478988095,
    "updatedFromDate": "2025-04-25",
    "fiscalDateEnding": "2018-12-31"
  },
  {
    "date": "2018-11-02",
    "symbol": "DUK",
    "eps": 1.65,
    "epsEstimated": 1.52,
    "time": "bmo",
    "revenue": 6628000000,
    "revenueEstimated": 6105793939,
    "updatedFromDate": "2025-04-25",
    "fiscalDateEnding": "2018-09-30"
  },
  {
    "date": "2018-08-02",
    "symbol": "DUK",
    "eps": 0.93,
    "epsEstimated": 1.03,
    "time": "bmo",
    "revenue": 5643000000,
    "revenueEstimated": 6189096774,
    "updatedFromDate": "2025-04-25",
    "fiscalDateEnding": "2018-06-30"
  },
  {
    "date": "2018-05-10",
    "symbol": "DUK",
    "eps": 1.28,
    "epsEstimated": 1.15,
    "time": "bmo",
    "revenue": 6135000000,
    "revenueEstimated": 5463984374,
    "updatedFromDate": "2025-04-25",
    "fiscalDateEnding": "2018-03-31"
  },
  {
    "date": "2018-02-20",
    "symbol": "DUK",
    "eps": 0.94,
    "epsEstimated": 0.92,
    "time": "bmo",
    "revenue": 5799000000,
    "revenueEstimated": 5675617021,
    "updatedFromDate": "2025-04-25",
    "fiscalDateEnding": "2017-12-31"
  },
  {
    "date": "2017-11-03",
    "symbol": "DUK",
    "eps": 1.59,
    "epsEstimated": 1.55,
    "time": "bmo",
    "revenue": 6482000000,
    "revenueEstimated": 6318930817,
    "updatedFromDate": "2025-04-25",
    "fiscalDateEnding": "2017-09-30"
  },
  {
    "date": "2017-08-03",
    "symbol": "DUK",
    "eps": 1.01,
    "epsEstimated": 1.01,
    "time": "bmo",
    "revenue": 5555000000,
    "revenueEstimated": 5555000000,
    "updatedFromDate": "2025-04-25",
    "fiscalDateEnding": "2017-06-30"
  },
  {
    "date": "2017-05-09",
    "symbol": "DUK",
    "eps": 1.04,
    "epsEstimated": 1.03,
    "time": "bmo",
    "revenue": 5729000000,
    "revenueEstimated": 5673913461,
    "updatedFromDate": "2025-04-25",
    "fiscalDateEnding": "2017-03-31"
  },
  {
    "date": "2017-02-16",
    "symbol": "DUK",
    "eps": 0.81,
    "epsEstimated": 0.81,
    "time": "bmo",
    "revenue": 4816000000,
    "revenueEstimated": 4816000000,
    "updatedFromDate": "2025-04-25",
    "fiscalDateEnding": "2016-12-31"
  },
  {
    "date": "2016-11-04",
    "symbol": "DUK",
    "eps": 1.68,
    "epsEstimated": 1.58,
    "time": "bmo",
    "revenue": 6821000000,
    "revenueEstimated": 6184571428,
    "updatedFromDate": "2025-04-25",
    "fiscalDateEnding": "2016-09-30"
  },
  {
    "date": "2016-08-04",
    "symbol": "DUK",
    "eps": 1.07,
    "epsEstimated": 1.01,
    "time": "bmo",
    "revenue": 5213000000,
    "revenueEstimated": 4920682242,
    "updatedFromDate": "2025-04-25",
    "fiscalDateEnding": "2016-06-30"
  }
]