[
  {
    "date": "2026-05-11",
    "symbol": "DVA",
    "eps": null,
    "epsEstimated": null,
    "time": "amc",
    "revenue": null,
    "revenueEstimated": null,
    "updatedFromDate": "2025-10-02",
    "fiscalDateEnding": "2026-03-30"
  },
  {
    "date": "2026-02-11",
    "symbol": "DVA",
    "eps": null,
    "epsEstimated": null,
    "time": "amc",
    "revenue": null,
    "revenueEstimated": null,
    "updatedFromDate": "2025-10-02",
    "fiscalDateEnding": "2025-12-30"
  },
  {
    "date": "2025-11-04",
    "symbol": "DVA",
    "eps": null,
    "epsEstimated": 3.29,
    "time": "bmo",
    "revenue": null,
    "revenueEstimated": null,
    "updatedFromDate": "2025-10-02",
    "fiscalDateEnding": "2025-09-30"
  },
  {
    "date": "2025-08-05",
    "symbol": "DVA",
    "eps": 2.95,
    "epsEstimated": 2.7,
    "time": "amc",
    "revenue": 3379526000,
    "revenueEstimated": 3442918110,
    "updatedFromDate": "2025-10-02",
    "fiscalDateEnding": "2025-06-30"
  },
  {
    "date": "2025-05-12",
    "symbol": "DVA",
    "eps": 2,
    "epsEstimated": 1.95,
    "time": "amc",
    "revenue": 3223529000,
    "revenueEstimated": 3206891696,
    "updatedFromDate": "2025-08-12",
    "fiscalDateEnding": "2025-03-31"
  },
  {
    "date": "2025-02-13",
    "symbol": "DVA",
    "eps": 2.24,
    "epsEstimated": 2.14,
    "time": "amc",
    "revenue": 3294683000,
    "revenueEstimated": 3266426750,
    "updatedFromDate": "2025-05-13",
    "fiscalDateEnding": "2024-12-31"
  },
  {
    "date": "2024-10-29",
    "symbol": "DVA",
    "eps": 2.59,
    "epsEstimated": 2.72,
    "time": "amc",
    "revenue": 3263590000,
    "revenueEstimated": 3266430000,
    "updatedFromDate": "2025-04-25",
    "fiscalDateEnding": "2024-09-30"
  },
  {
    "date": "2024-08-06",
    "symbol": "DVA",
    "eps": 2.5,
    "epsEstimated": 2.54,
    "time": "amc",
    "revenue": 3186722000,
    "revenueEstimated": 3151915301,
    "updatedFromDate": "2025-04-25",
    "fiscalDateEnding": "2024-06-30"
  },
  {
    "date": "2024-05-02",
    "symbol": "DVA",
    "eps": 2.26,
    "epsEstimated": 1.95,
    "time": "amc",
    "revenue": 3070555000,
    "revenueEstimated": 3027737994,
    "updatedFromDate": "2025-04-25",
    "fiscalDateEnding": "2024-03-31"
  },
  {
    "date": "2024-02-13",
    "symbol": "DVA",
    "eps": 1.62,
    "epsEstimated": 1.59,
    "time": "amc",
    "revenue": 3145747000,
    "revenueEstimated": 3008200000,
    "updatedFromDate": "2025-04-25",
    "fiscalDateEnding": "2023-12-31"
  },
  {
    "date": "2023-11-07",
    "symbol": "DVA",
    "eps": 2.62,
    "epsEstimated": 2.02,
    "time": "amc",
    "revenue": 3121332000,
    "revenueEstimated": 3019020000,
    "updatedFromDate": "2025-04-25",
    "fiscalDateEnding": "2023-09-30"
  },
  {
    "date": "2023-08-03",
    "symbol": "DVA",
    "eps": 1.91,
    "epsEstimated": 1.69,
    "time": "amc",
    "revenue": 3000369000,
    "revenueEstimated": 2953400000,
    "updatedFromDate": "2025-04-25",
    "fiscalDateEnding": "2023-06-30"
  },
  {
    "date": "2023-05-08",
    "symbol": "DVA",
    "eps": 1.25,
    "epsEstimated": 1.15,
    "time": "amc",
    "revenue": 2872699000,
    "revenueEstimated": 2837940000,
    "updatedFromDate": "2025-04-25",
    "fiscalDateEnding": "2023-03-31"
  },
  {
    "date": "2023-02-22",
    "symbol": "DVA",
    "eps": 1.11,
    "epsEstimated": 0.88,
    "time": "amc",
    "revenue": 2916888000,
    "revenueEstimated": 2931114298,
    "updatedFromDate": "2025-04-25",
    "fiscalDateEnding": "2022-12-31"
  },
  {
    "date": "2022-10-28",
    "symbol": "DVA",
    "eps": 1.45,
    "epsEstimated": 1.65,
    "time": "bmo",
    "revenue": 2948694000,
    "revenueEstimated": 2977022691,
    "updatedFromDate": "2025-04-25",
    "fiscalDateEnding": "2022-09-30"
  },
  {
    "date": "2022-08-01",
    "symbol": "DVA",
    "eps": 2.3,
    "epsEstimated": 2.09,
    "time": "amc",
    "revenue": 2926757000,
    "revenueEstimated": 2934744802,
    "updatedFromDate": "2025-04-25",
    "fiscalDateEnding": "2022-06-30"
  },
  {
    "date": "2022-05-05",
    "symbol": "DVA",
    "eps": 1.61,
    "epsEstimated": 1.87,
    "time": "amc",
    "revenue": 2817555000,
    "revenueEstimated": 2888411888,
    "updatedFromDate": "2025-04-25",
    "fiscalDateEnding": "2022-03-31"
  },
  {
    "date": "2022-02-10",
    "symbol": "DVA",
    "eps": 2.02,
    "epsEstimated": 1.8,
    "time": "amc",
    "revenue": 2943967000,
    "revenueEstimated": 2914184703,
    "updatedFromDate": "2025-04-25",
    "fiscalDateEnding": "2021-12-31"
  },
  {
    "date": "2021-10-28",
    "symbol": "DVA",
    "eps": 2.36,
    "epsEstimated": 2.25,
    "time": "amc",
    "revenue": 2938319000,
    "revenueEstimated": 2925070000,
    "updatedFromDate": "2025-04-25",
    "fiscalDateEnding": "2021-09-30"
  },
  {
    "date": "2021-08-03",
    "symbol": "DVA",
    "eps": 2.64,
    "epsEstimated": 2.17,
    "time": "amc",
    "revenue": 2916510000,
    "revenueEstimated": 2869290000,
    "updatedFromDate": "2025-04-25",
    "fiscalDateEnding": "2021-06-30"
  },
  {
    "date": "2021-04-29",
    "symbol": "DVA",
    "eps": 2.09,
    "epsEstimated": 1.82,
    "time": "amc",
    "revenue": 2820001000,
    "revenueEstimated": 2826680000,
    "updatedFromDate": "2025-04-25",
    "fiscalDateEnding": "2021-03-31"
  },
  {
    "date": "2021-02-11",
    "symbol": "DVA",
    "eps": 1.67,
    "epsEstimated": 1.87,
    "time": "amc",
    "revenue": 2905322000,
    "revenueEstimated": 2927430000,
    "updatedFromDate": "2025-04-25",
    "fiscalDateEnding": "2020-12-31"
  },
  {
    "date": "2020-10-29",
    "symbol": "DVA",
    "eps": 1.8,
    "epsEstimated": 1.49,
    "time": "amc",
    "revenue": 2924066000,
    "revenueEstimated": 2339252800,
    "updatedFromDate": "2025-04-25",
    "fiscalDateEnding": "2020-09-30"
  },
  {
    "date": "2020-07-30",
    "symbol": "DVA",
    "eps": 1.95,
    "epsEstimated": 1.3,
    "time": "amc",
    "revenue": 2879979000,
    "revenueEstimated": 1919986000,
    "updatedFromDate": "2025-04-25",
    "fiscalDateEnding": "2020-06-30"
  },
  {
    "date": "2020-05-05",
    "symbol": "DVA",
    "eps": 1.83,
    "epsEstimated": 1.47,
    "time": "amc",
    "revenue": 2841237000,
    "revenueEstimated": 2282305131,
    "updatedFromDate": "2025-04-25",
    "fiscalDateEnding": "2020-03-31"
  },
  {
    "date": "2020-02-10",
    "symbol": "DVA",
    "eps": 1.86,
    "epsEstimated": 1.66,
    "time": "amc",
    "revenue": 2898584000,
    "revenueEstimated": 2586908301,
    "updatedFromDate": "2025-04-25",
    "fiscalDateEnding": "2019-12-31"
  },
  {
    "date": "2019-11-05",
    "symbol": "DVA",
    "eps": 1.53,
    "epsEstimated": 1.23,
    "time": "amc",
    "revenue": 2904078000,
    "revenueEstimated": 2353631843,
    "updatedFromDate": "2025-04-25",
    "fiscalDateEnding": "2019-09-30"
  },
  {
    "date": "2019-08-01",
    "symbol": "DVA",
    "eps": 1.22,
    "epsEstimated": 1.11,
    "time": "amc",
    "revenue": 2842705000,
    "revenueEstimated": 2586395532,
    "updatedFromDate": "2025-04-25",
    "fiscalDateEnding": "2019-06-30"
  },
  {
    "date": "2019-05-07",
    "symbol": "DVA",
    "eps": 0.91,
    "epsEstimated": 0.93,
    "time": "amc",
    "revenue": 2743112000,
    "revenueEstimated": 2803400175,
    "updatedFromDate": "2025-04-25",
    "fiscalDateEnding": "2019-03-31"
  },
  {
    "date": "2019-02-13",
    "symbol": "DVA",
    "eps": 0.9,
    "epsEstimated": 0.89,
    "time": "amc",
    "revenue": 2821124000,
    "revenueEstimated": 2821124000,
    "updatedFromDate": "2025-04-25",
    "fiscalDateEnding": "2018-12-31"
  },
  {
    "date": "2018-11-07",
    "symbol": "DVA",
    "eps": 0.56,
    "epsEstimated": 0.89,
    "time": "amc",
    "revenue": 2847330000,
    "revenueEstimated": 4423483928,
    "updatedFromDate": "2025-04-25",
    "fiscalDateEnding": "2018-09-30"
  },
  {
    "date": "2018-08-01",
    "symbol": "DVA",
    "eps": 1.05,
    "epsEstimated": 0.97,
    "time": "amc",
    "revenue": 2886953000,
    "revenueEstimated": 2667038095,
    "updatedFromDate": "2025-04-25",
    "fiscalDateEnding": "2018-06-30"
  },
  {
    "date": "2018-05-03",
    "symbol": "DVA",
    "eps": 1.05,
    "epsEstimated": 0.93,
    "time": "amc",
    "revenue": 2849444000,
    "revenueEstimated": 2523754285,
    "updatedFromDate": "2025-04-25",
    "fiscalDateEnding": "2018-03-31"
  },
  {
    "date": "2018-02-13",
    "symbol": "DVA",
    "eps": 0.92,
    "epsEstimated": 0.91,
    "time": "amc",
    "revenue": 2780913000,
    "revenueEstimated": 2841354347,
    "updatedFromDate": "2025-04-25",
    "fiscalDateEnding": "2017-12-31"
  },
  {
    "date": "2017-11-07",
    "symbol": "DVA",
    "eps": 0.81,
    "epsEstimated": 0.94,
    "time": "amc",
    "revenue": 3922831000,
    "revenueEstimated": 3208881481,
    "updatedFromDate": "2025-04-25",
    "fiscalDateEnding": "2017-09-30"
  },
  {
    "date": "2017-08-01",
    "symbol": "DVA",
    "eps": 0.92,
    "epsEstimated": 0.9,
    "time": "amc",
    "revenue": 3877477000,
    "revenueEstimated": 2640717391,
    "updatedFromDate": "2025-04-25",
    "fiscalDateEnding": "2017-06-30"
  },
  {
    "date": "2017-05-02",
    "symbol": "DVA",
    "eps": 0.79,
    "epsEstimated": 0.82,
    "time": "amc",
    "revenue": 3697283000,
    "revenueEstimated": 2731222784,
    "updatedFromDate": "2025-04-25",
    "fiscalDateEnding": "2017-03-31"
  },
  {
    "date": "2017-02-16",
    "symbol": "DVA",
    "eps": 0.98,
    "epsEstimated": 0.91,
    "time": "amc",
    "revenue": 3715742000,
    "revenueEstimated": 298907142,
    "updatedFromDate": "2025-04-25",
    "fiscalDateEnding": "2016-12-31"
  },
  {
    "date": "2016-11-02",
    "symbol": "DVA",
    "eps": 0.95,
    "epsEstimated": 0.94,
    "time": "amc",
    "revenue": 3730576000,
    "revenueEstimated": 3652061052,
    "updatedFromDate": "2025-04-25",
    "fiscalDateEnding": "2016-09-30"
  },
  {
    "date": "2016-08-08",
    "symbol": "DVA",
    "eps": 1.01,
    "epsEstimated": 0.98,
    "time": "amc",
    "revenue": 3717651000,
    "revenueEstimated": 3607273267,
    "updatedFromDate": "2025-04-25",
    "fiscalDateEnding": "2016-06-30"
  }
]