[
  {
    "date": "2026-05-04",
    "symbol": "DVN",
    "eps": null,
    "epsEstimated": null,
    "time": "amc",
    "revenue": null,
    "revenueEstimated": null,
    "updatedFromDate": "2025-10-02",
    "fiscalDateEnding": "2026-03-30"
  },
  {
    "date": "2026-02-16",
    "symbol": "DVN",
    "eps": null,
    "epsEstimated": null,
    "time": "amc",
    "revenue": null,
    "revenueEstimated": null,
    "updatedFromDate": "2025-10-02",
    "fiscalDateEnding": "2025-12-30"
  },
  {
    "date": "2025-11-05",
    "symbol": "DVN",
    "eps": null,
    "epsEstimated": 0.96,
    "time": "amc",
    "revenue": null,
    "revenueEstimated": 4098814030,
    "updatedFromDate": "2025-10-02",
    "fiscalDateEnding": "2025-09-30"
  },
  {
    "date": "2025-08-05",
    "symbol": "DVN",
    "eps": 0.84,
    "epsEstimated": 0.864,
    "time": "amc",
    "revenue": 4048000000,
    "revenueEstimated": 4034700538,
    "updatedFromDate": "2025-10-02",
    "fiscalDateEnding": "2025-06-30"
  },
  {
    "date": "2025-05-06",
    "symbol": "DVN",
    "eps": 1.21,
    "epsEstimated": 1.24,
    "time": "amc",
    "revenue": 4452000000,
    "revenueEstimated": 4429467686,
    "updatedFromDate": "2025-08-06",
    "fiscalDateEnding": "2025-03-31"
  },
  {
    "date": "2025-02-18",
    "symbol": "DVN",
    "eps": 1.16,
    "epsEstimated": 1,
    "time": "amc",
    "revenue": 4623000000,
    "revenueEstimated": 4206811256,
    "updatedFromDate": "2025-05-18",
    "fiscalDateEnding": "2024-12-31"
  },
  {
    "date": "2024-11-05",
    "symbol": "DVN",
    "eps": 1.1,
    "epsEstimated": 1.09,
    "time": "amc",
    "revenue": 3736000000,
    "revenueEstimated": 3722305711,
    "updatedFromDate": "2025-04-25",
    "fiscalDateEnding": "2024-09-30"
  },
  {
    "date": "2024-08-06",
    "symbol": "DVN",
    "eps": 1.41,
    "epsEstimated": 1.26,
    "time": "amc",
    "revenue": 3840000000,
    "revenueEstimated": 3900331279,
    "updatedFromDate": "2025-04-25",
    "fiscalDateEnding": "2024-06-30"
  },
  {
    "date": "2024-05-01",
    "symbol": "DVN",
    "eps": 1.16,
    "epsEstimated": 1.11,
    "time": "amc",
    "revenue": 3741000000,
    "revenueEstimated": 3639302625,
    "updatedFromDate": "2025-04-25",
    "fiscalDateEnding": "2024-03-31"
  },
  {
    "date": "2024-02-27",
    "symbol": "DVN",
    "eps": 1.41,
    "epsEstimated": 1.41,
    "time": "amc",
    "revenue": 3821000000,
    "revenueEstimated": 3876492000,
    "updatedFromDate": "2025-04-25",
    "fiscalDateEnding": "2023-12-31"
  },
  {
    "date": "2023-11-07",
    "symbol": "DVN",
    "eps": 1.65,
    "epsEstimated": 1.57,
    "time": "amc",
    "revenue": 3836000000,
    "revenueEstimated": 3538040000,
    "updatedFromDate": "2025-04-25",
    "fiscalDateEnding": "2023-09-30"
  },
  {
    "date": "2023-08-01",
    "symbol": "DVN",
    "eps": 1.18,
    "epsEstimated": 1.18,
    "time": "amc",
    "revenue": 3454000000,
    "revenueEstimated": 3736020000,
    "updatedFromDate": "2025-04-25",
    "fiscalDateEnding": "2023-06-30"
  },
  {
    "date": "2023-05-08",
    "symbol": "DVN",
    "eps": 1.46,
    "epsEstimated": 1.38,
    "time": "amc",
    "revenue": 3823000000,
    "revenueEstimated": 3941660000,
    "updatedFromDate": "2025-04-25",
    "fiscalDateEnding": "2023-03-31"
  },
  {
    "date": "2023-02-14",
    "symbol": "DVN",
    "eps": 1.66,
    "epsEstimated": 1.75,
    "time": "amc",
    "revenue": 4299000000,
    "revenueEstimated": 3838022110,
    "updatedFromDate": "2025-04-25",
    "fiscalDateEnding": "2022-12-31"
  },
  {
    "date": "2022-11-01",
    "symbol": "DVN",
    "eps": 2.18,
    "epsEstimated": 2.12,
    "time": "amc",
    "revenue": 5432000000,
    "revenueEstimated": 4154791613,
    "updatedFromDate": "2025-04-25",
    "fiscalDateEnding": "2022-09-30"
  },
  {
    "date": "2022-08-01",
    "symbol": "DVN",
    "eps": 2.59,
    "epsEstimated": 2.38,
    "time": "amc",
    "revenue": 5626000000,
    "revenueEstimated": 4152168012,
    "updatedFromDate": "2025-04-25",
    "fiscalDateEnding": "2022-06-30"
  },
  {
    "date": "2022-05-02",
    "symbol": "DVN",
    "eps": 1.88,
    "epsEstimated": 1.75,
    "time": "amc",
    "revenue": 3812000000,
    "revenueEstimated": 4046051571,
    "updatedFromDate": "2025-04-25",
    "fiscalDateEnding": "2022-03-31"
  },
  {
    "date": "2022-02-15",
    "symbol": "DVN",
    "eps": 1.39,
    "epsEstimated": 1.21,
    "time": "amc",
    "revenue": 4273000000,
    "revenueEstimated": 3722557255,
    "updatedFromDate": "2025-04-25",
    "fiscalDateEnding": "2021-12-31"
  },
  {
    "date": "2021-11-02",
    "symbol": "DVN",
    "eps": 1.08,
    "epsEstimated": 0.93,
    "time": "amc",
    "revenue": 3466000000,
    "revenueEstimated": 3166550000,
    "updatedFromDate": "2025-04-25",
    "fiscalDateEnding": "2021-09-30"
  },
  {
    "date": "2021-08-03",
    "symbol": "DVN",
    "eps": 0.6,
    "epsEstimated": 0.53,
    "time": "amc",
    "revenue": 2417000000,
    "revenueEstimated": 2417000000,
    "updatedFromDate": "2025-04-25",
    "fiscalDateEnding": "2021-06-30"
  },
  {
    "date": "2021-05-04",
    "symbol": "DVN",
    "eps": 0.45,
    "epsEstimated": 0.35,
    "time": "amc",
    "revenue": 1762000000,
    "revenueEstimated": 2158010000,
    "updatedFromDate": "2025-04-25",
    "fiscalDateEnding": "2021-03-31"
  },
  {
    "date": "2021-02-16",
    "symbol": "DVN",
    "eps": -0.26632,
    "epsEstimated": -0.13316,
    "time": "amc",
    "revenue": 1280000000,
    "revenueEstimated": 12672000000,
    "updatedFromDate": "2025-04-25",
    "fiscalDateEnding": "2020-12-31"
  },
  {
    "date": "2020-10-29",
    "symbol": "DVN",
    "eps": -0.04,
    "epsEstimated": -0.08,
    "time": "amc",
    "revenue": 1067000000,
    "revenueEstimated": 2667500,
    "updatedFromDate": "2025-04-25",
    "fiscalDateEnding": "2020-09-30"
  },
  {
    "date": "2020-08-04",
    "symbol": "DVN",
    "eps": -0.18,
    "epsEstimated": -0.26,
    "time": "amc",
    "revenue": 394000000,
    "revenueEstimated": 569111111,
    "updatedFromDate": "2025-04-25",
    "fiscalDateEnding": "2020-06-30"
  },
  {
    "date": "2020-05-05",
    "symbol": "DVN",
    "eps": 0.13,
    "epsEstimated": -0.18,
    "time": "amc",
    "revenue": 2087000000,
    "revenueEstimated": 3531846153,
    "updatedFromDate": "2025-04-25",
    "fiscalDateEnding": "2020-03-31"
  },
  {
    "date": "2020-02-18",
    "symbol": "DVN",
    "eps": 0.33,
    "epsEstimated": 0.29,
    "time": "amc",
    "revenue": 1589000000,
    "revenueEstimated": 1088000000,
    "updatedFromDate": "2025-04-25",
    "fiscalDateEnding": "2019-12-31"
  },
  {
    "date": "2019-11-05",
    "symbol": "DVN",
    "eps": 0.29,
    "epsEstimated": 0.16,
    "time": "amc",
    "revenue": 1847000000,
    "revenueEstimated": 1285685156,
    "updatedFromDate": "2025-04-25",
    "fiscalDateEnding": "2019-09-30"
  },
  {
    "date": "2019-08-06",
    "symbol": "DVN",
    "eps": 0.43,
    "epsEstimated": 0.36,
    "time": "amc",
    "revenue": 1921000000,
    "revenueEstimated": 2669739130,
    "updatedFromDate": "2025-04-25",
    "fiscalDateEnding": "2019-06-30"
  },
  {
    "date": "2019-04-30",
    "symbol": "DVN",
    "eps": 0.36,
    "epsEstimated": 0.3,
    "time": "amc",
    "revenue": 1501000000,
    "revenueEstimated": 839222222,
    "updatedFromDate": "2025-04-25",
    "fiscalDateEnding": "2019-03-31"
  },
  {
    "date": "2019-02-19",
    "symbol": "DVN",
    "eps": 0.1,
    "epsEstimated": 0.31,
    "time": "amc",
    "revenue": 3708000000,
    "revenueEstimated": 9404800000,
    "updatedFromDate": "2025-04-25",
    "fiscalDateEnding": "2018-12-31"
  },
  {
    "date": "2018-11-06",
    "symbol": "DVN",
    "eps": 0.63,
    "epsEstimated": 0.43,
    "time": "amc",
    "revenue": 2579000000,
    "revenueEstimated": 1393107692,
    "updatedFromDate": "2025-04-25",
    "fiscalDateEnding": "2018-09-30"
  },
  {
    "date": "2018-07-31",
    "symbol": "DVN",
    "eps": 0.34,
    "epsEstimated": 0.37,
    "time": "amc",
    "revenue": 2249000000,
    "revenueEstimated": 2035058823,
    "updatedFromDate": "2025-04-25",
    "fiscalDateEnding": "2018-06-30"
  },
  {
    "date": "2018-05-01",
    "symbol": "DVN",
    "eps": 0.2,
    "epsEstimated": 0.19,
    "time": "amc",
    "revenue": 3810000000,
    "revenueEstimated": 2198000000,
    "updatedFromDate": "2025-04-25",
    "fiscalDateEnding": "2018-03-31"
  },
  {
    "date": "2018-02-20",
    "symbol": "DVN",
    "eps": 0.38,
    "epsEstimated": 0.63,
    "time": "amc",
    "revenue": 3983000000,
    "revenueEstimated": 3945789473,
    "updatedFromDate": "2025-04-25",
    "fiscalDateEnding": "2017-12-31"
  },
  {
    "date": "2017-10-31",
    "symbol": "DVN",
    "eps": 0.46,
    "epsEstimated": 0.38,
    "time": "amc",
    "revenue": 3156000000,
    "revenueEstimated": 1596826086,
    "updatedFromDate": "2025-04-25",
    "fiscalDateEnding": "2017-09-30"
  },
  {
    "date": "2017-08-01",
    "symbol": "DVN",
    "eps": 0.34,
    "epsEstimated": 0.33,
    "time": "amc",
    "revenue": 3259000000,
    "revenueEstimated": 2037647058,
    "updatedFromDate": "2025-04-25",
    "fiscalDateEnding": "2017-06-30"
  },
  {
    "date": "2017-05-02",
    "symbol": "DVN",
    "eps": 0.41,
    "epsEstimated": 0.4,
    "time": "amc",
    "revenue": 3551000000,
    "revenueEstimated": 2341463414,
    "updatedFromDate": "2025-04-25",
    "fiscalDateEnding": "2017-03-31"
  },
  {
    "date": "2017-02-14",
    "symbol": "DVN",
    "eps": 0.25,
    "epsEstimated": 0.19,
    "time": "amc",
    "revenue": 2808000000,
    "revenueEstimated": 2358720000,
    "updatedFromDate": "2025-04-25",
    "fiscalDateEnding": "2016-12-31"
  },
  {
    "date": "2016-11-01",
    "symbol": "DVN",
    "eps": 0.09,
    "epsEstimated": 0.05,
    "time": "amc",
    "revenue": 2882000000,
    "revenueEstimated": 2139885000,
    "updatedFromDate": "2025-04-25",
    "fiscalDateEnding": "2016-09-30"
  },
  {
    "date": "2016-08-02",
    "symbol": "DVN",
    "eps": 0.06,
    "epsEstimated": -0.22,
    "time": "amc",
    "revenue": 2488000000,
    "revenueEstimated": 7878666666,
    "updatedFromDate": "2025-04-25",
    "fiscalDateEnding": "2016-06-30"
  }
]