[
  {
    "date": "2026-04-29",
    "symbol": "DXCM",
    "eps": null,
    "epsEstimated": null,
    "time": "amc",
    "revenue": null,
    "revenueEstimated": null,
    "updatedFromDate": "2025-09-22",
    "fiscalDateEnding": "2026-03-30"
  },
  {
    "date": "2026-02-11",
    "symbol": "DXCM",
    "eps": null,
    "epsEstimated": null,
    "time": "amc",
    "revenue": null,
    "revenueEstimated": null,
    "updatedFromDate": "2025-09-22",
    "fiscalDateEnding": "2025-12-30"
  },
  {
    "date": "2025-10-23",
    "symbol": "DXCM",
    "eps": null,
    "epsEstimated": 0.57,
    "time": "bmo",
    "revenue": null,
    "revenueEstimated": null,
    "updatedFromDate": "2025-09-22",
    "fiscalDateEnding": "2025-09-30"
  },
  {
    "date": "2025-07-30",
    "symbol": "DXCM",
    "eps": 0.48,
    "epsEstimated": 0.4436,
    "time": "amc",
    "revenue": 1157100000,
    "revenueEstimated": 1124605079,
    "updatedFromDate": "2025-09-22",
    "fiscalDateEnding": "2025-06-30"
  },
  {
    "date": "2025-05-01",
    "symbol": "DXCM",
    "eps": 0.32,
    "epsEstimated": 0.3272,
    "time": "amc",
    "revenue": 1036000000,
    "revenueEstimated": 1017411706,
    "updatedFromDate": "2025-07-31",
    "fiscalDateEnding": "2025-03-31"
  },
  {
    "date": "2025-02-13",
    "symbol": "DXCM",
    "eps": 0.45,
    "epsEstimated": 0.4792,
    "time": "amc",
    "revenue": 1113500000,
    "revenueEstimated": 1109148460,
    "updatedFromDate": "2025-05-13",
    "fiscalDateEnding": "2024-12-31"
  },
  {
    "date": "2024-10-24",
    "symbol": "DXCM",
    "eps": 0.45,
    "epsEstimated": 0.44,
    "time": "amc",
    "revenue": 994200000,
    "revenueEstimated": 990443312,
    "updatedFromDate": "2025-04-06",
    "fiscalDateEnding": "2024-09-30"
  },
  {
    "date": "2024-07-25",
    "symbol": "DXCM",
    "eps": 0.43,
    "epsEstimated": 0.39,
    "time": "amc",
    "revenue": 1004300000,
    "revenueEstimated": 1037198568,
    "updatedFromDate": "2025-04-06",
    "fiscalDateEnding": "2024-06-30"
  },
  {
    "date": "2024-04-25",
    "symbol": "DXCM",
    "eps": 0.32,
    "epsEstimated": 0.27,
    "time": "amc",
    "revenue": 921000000,
    "revenueEstimated": 909927344,
    "updatedFromDate": "2025-04-06",
    "fiscalDateEnding": "2024-03-31"
  },
  {
    "date": "2024-02-08",
    "symbol": "DXCM",
    "eps": 0.5,
    "epsEstimated": 0.43,
    "time": "amc",
    "revenue": 1034500000,
    "revenueEstimated": 1014100000,
    "updatedFromDate": "2025-04-06",
    "fiscalDateEnding": "2023-12-31"
  },
  {
    "date": "2023-10-26",
    "symbol": "DXCM",
    "eps": 0.5,
    "epsEstimated": 0.34,
    "time": "amc",
    "revenue": 975000000,
    "revenueEstimated": 939240000,
    "updatedFromDate": "2025-04-06",
    "fiscalDateEnding": "2023-09-30"
  },
  {
    "date": "2023-07-27",
    "symbol": "DXCM",
    "eps": 0.34,
    "epsEstimated": 0.23,
    "time": "amc",
    "revenue": 871300000,
    "revenueEstimated": 841620000,
    "updatedFromDate": "2025-04-06",
    "fiscalDateEnding": "2023-06-30"
  },
  {
    "date": "2023-04-27",
    "symbol": "DXCM",
    "eps": 0.17,
    "epsEstimated": 0.15,
    "time": "amc",
    "revenue": 741500000,
    "revenueEstimated": 720740000,
    "updatedFromDate": "2025-04-06",
    "fiscalDateEnding": "2023-03-31"
  },
  {
    "date": "2023-02-09",
    "symbol": "DXCM",
    "eps": 0.34,
    "epsEstimated": 0.26,
    "time": "amc",
    "revenue": 815200000,
    "revenueEstimated": 810098659,
    "updatedFromDate": "2025-04-06",
    "fiscalDateEnding": "2022-12-31"
  },
  {
    "date": "2022-10-27",
    "symbol": "DXCM",
    "eps": 0.28,
    "epsEstimated": 0.24,
    "time": "amc",
    "revenue": 769600000,
    "revenueEstimated": 751800713,
    "updatedFromDate": "2025-04-06",
    "fiscalDateEnding": "2022-09-30"
  },
  {
    "date": "2022-07-28",
    "symbol": "DXCM",
    "eps": 0.17,
    "epsEstimated": 0.17,
    "time": "amc",
    "revenue": 696200000,
    "revenueEstimated": 697495099,
    "updatedFromDate": "2025-04-06",
    "fiscalDateEnding": "2022-06-30"
  },
  {
    "date": "2022-04-28",
    "symbol": "DXCM",
    "eps": 0.08,
    "epsEstimated": 0.13,
    "time": "amc",
    "revenue": 628800000,
    "revenueEstimated": 623865471,
    "updatedFromDate": "2025-04-06",
    "fiscalDateEnding": "2022-03-31"
  },
  {
    "date": "2022-02-10",
    "symbol": "DXCM",
    "eps": 0.17,
    "epsEstimated": 0.22,
    "time": "amc",
    "revenue": 698200000,
    "revenueEstimated": 697474517,
    "updatedFromDate": "2025-04-06",
    "fiscalDateEnding": "2021-12-31"
  },
  {
    "date": "2021-10-28",
    "symbol": "DXCM",
    "eps": 0.22,
    "epsEstimated": 0.16,
    "time": "amc",
    "revenue": 650200000,
    "revenueEstimated": 617690000,
    "updatedFromDate": "2025-04-06",
    "fiscalDateEnding": "2021-09-30"
  },
  {
    "date": "2021-07-29",
    "symbol": "DXCM",
    "eps": 0.19,
    "epsEstimated": 0.11,
    "time": "amc",
    "revenue": 595100000,
    "revenueEstimated": 513792730,
    "updatedFromDate": "2025-04-06",
    "fiscalDateEnding": "2021-06-30"
  },
  {
    "date": "2021-04-29",
    "symbol": "DXCM",
    "eps": 0.08,
    "epsEstimated": 0.08,
    "time": "amc",
    "revenue": 505000000,
    "revenueEstimated": 484550000,
    "updatedFromDate": "2025-04-06",
    "fiscalDateEnding": "2021-03-31"
  },
  {
    "date": "2021-02-11",
    "symbol": "DXCM",
    "eps": 0.23,
    "epsEstimated": 0.23,
    "time": "amc",
    "revenue": 568900000,
    "revenueEstimated": 575083695,
    "updatedFromDate": "2025-04-06",
    "fiscalDateEnding": "2020-12-31"
  },
  {
    "date": "2020-10-27",
    "symbol": "DXCM",
    "eps": 0.24,
    "epsEstimated": 0.16,
    "time": "amc",
    "revenue": 500900000,
    "revenueEstimated": 346436170,
    "updatedFromDate": "2025-04-06",
    "fiscalDateEnding": "2020-09-30"
  },
  {
    "date": "2020-07-28",
    "symbol": "DXCM",
    "eps": 0.2,
    "epsEstimated": 0.08,
    "time": "amc",
    "revenue": 451800000,
    "revenueEstimated": 431307642,
    "updatedFromDate": "2025-04-06",
    "fiscalDateEnding": "2020-06-30"
  },
  {
    "date": "2020-04-28",
    "symbol": "DXCM",
    "eps": 0.11,
    "epsEstimated": 0.03587,
    "time": "amc",
    "revenue": 405100000,
    "revenueEstimated": 128895454,
    "updatedFromDate": "2025-04-06",
    "fiscalDateEnding": "2020-03-31"
  },
  {
    "date": "2020-02-13",
    "symbol": "DXCM",
    "eps": 0.29,
    "epsEstimated": 0.18,
    "time": "amc",
    "revenue": 462800000,
    "revenueEstimated": 297801739,
    "updatedFromDate": "2025-04-06",
    "fiscalDateEnding": "2019-12-31"
  },
  {
    "date": "2019-11-06",
    "symbol": "DXCM",
    "eps": 0.16,
    "epsEstimated": 0.05,
    "time": "amc",
    "revenue": 396300000,
    "revenueEstimated": 121938461,
    "updatedFromDate": "2025-04-06",
    "fiscalDateEnding": "2019-09-30"
  },
  {
    "date": "2019-07-31",
    "symbol": "DXCM",
    "eps": 0.02,
    "epsEstimated": 0.00319,
    "time": "amc",
    "revenue": 336400000,
    "revenueEstimated": 42049999,
    "updatedFromDate": "2025-04-06",
    "fiscalDateEnding": "2019-06-30"
  },
  {
    "date": "2019-05-01",
    "symbol": "DXCM",
    "eps": -0.01,
    "epsEstimated": -0.00595,
    "time": "amc",
    "revenue": 280500000,
    "revenueEstimated": 897599999,
    "updatedFromDate": "2025-04-06",
    "fiscalDateEnding": "2019-03-31"
  },
  {
    "date": "2019-02-21",
    "symbol": "DXCM",
    "eps": 0.14,
    "epsEstimated": 0.04364,
    "time": "amc",
    "revenue": 338000000,
    "revenueEstimated": 106407407,
    "updatedFromDate": "2025-04-06",
    "fiscalDateEnding": "2018-12-31"
  },
  {
    "date": "2018-11-06",
    "symbol": "DXCM",
    "eps": 0.04,
    "epsEstimated": 0.01081,
    "time": "amc",
    "revenue": 266700000,
    "revenueEstimated": 156882352,
    "updatedFromDate": "2025-04-06",
    "fiscalDateEnding": "2018-09-30"
  },
  {
    "date": "2018-08-01",
    "symbol": "DXCM",
    "eps": -0.03,
    "epsEstimated": -0.05,
    "time": "amc",
    "revenue": 242500000,
    "revenueEstimated": 436499999,
    "updatedFromDate": "2025-04-06",
    "fiscalDateEnding": "2018-06-30"
  },
  {
    "date": "2018-05-02",
    "symbol": "DXCM",
    "eps": -0.08,
    "epsEstimated": -0.08,
    "time": "amc",
    "revenue": 184400000,
    "revenueEstimated": 190162500,
    "updatedFromDate": "2025-04-06",
    "fiscalDateEnding": "2018-03-31"
  },
  {
    "date": "2018-02-27",
    "symbol": "DXCM",
    "eps": 0.03,
    "epsEstimated": 0.00776,
    "time": "amc",
    "revenue": 221000000,
    "revenueEstimated": 66299999,
    "updatedFromDate": "2025-04-06",
    "fiscalDateEnding": "2017-12-31"
  },
  {
    "date": "2017-11-01",
    "symbol": "DXCM",
    "eps": -0.01,
    "epsEstimated": -0.00572,
    "time": "amc",
    "revenue": 184600000,
    "revenueEstimated": 738400000,
    "updatedFromDate": "2025-04-06",
    "fiscalDateEnding": "2017-09-30"
  },
  {
    "date": "2017-08-01",
    "symbol": "DXCM",
    "eps": -0.04,
    "epsEstimated": -0.06,
    "time": "amc",
    "revenue": 170600000,
    "revenueEstimated": 223912500,
    "updatedFromDate": "2025-04-06",
    "fiscalDateEnding": "2017-06-30"
  },
  {
    "date": "2017-05-02",
    "symbol": "DXCM",
    "eps": -0.12,
    "epsEstimated": -0.14,
    "time": "amc",
    "revenue": 142300000,
    "revenueEstimated": 145204081,
    "updatedFromDate": "2025-04-06",
    "fiscalDateEnding": "2017-03-31"
  },
  {
    "date": "2017-02-28",
    "symbol": "DXCM",
    "eps": -0.02,
    "epsEstimated": -0.01871,
    "time": "amc",
    "revenue": 171200000,
    "revenueEstimated": 190222222,
    "updatedFromDate": "2025-04-06",
    "fiscalDateEnding": "2016-12-31"
  },
  {
    "date": "2016-11-01",
    "symbol": "DXCM",
    "eps": -0.06,
    "epsEstimated": -0.03545,
    "time": "amc",
    "revenue": 148600000,
    "revenueEstimated": 113164614,
    "updatedFromDate": "2025-04-06",
    "fiscalDateEnding": "2016-09-30"
  },
  {
    "date": "2016-08-02",
    "symbol": "DXCM",
    "eps": -0.06,
    "epsEstimated": -0.02912,
    "time": "amc",
    "revenue": 137300000,
    "revenueEstimated": 68650000,
    "updatedFromDate": "2025-04-06",
    "fiscalDateEnding": "2016-06-30"
  }
]