[
  {
    "date": "2026-05-04",
    "symbol": "EA",
    "eps": null,
    "epsEstimated": null,
    "time": "amc",
    "revenue": null,
    "revenueEstimated": null,
    "updatedFromDate": "2025-10-02",
    "fiscalDateEnding": "2026-03-30"
  },
  {
    "date": "2026-02-02",
    "symbol": "EA",
    "eps": null,
    "epsEstimated": null,
    "time": "amc",
    "revenue": null,
    "revenueEstimated": null,
    "updatedFromDate": "2025-10-02",
    "fiscalDateEnding": "2025-12-30"
  },
  {
    "date": "2025-10-28",
    "symbol": "EA",
    "eps": null,
    "epsEstimated": 1.28,
    "time": "amc",
    "revenue": null,
    "revenueEstimated": 1875445100,
    "updatedFromDate": "2025-10-02",
    "fiscalDateEnding": "2025-09-30"
  },
  {
    "date": "2025-07-29",
    "symbol": "EA",
    "eps": 0.25,
    "epsEstimated": 0.1107,
    "time": "amc",
    "revenue": 1671000000,
    "revenueEstimated": 1245287000,
    "updatedFromDate": "2025-10-02",
    "fiscalDateEnding": "2025-06-30"
  },
  {
    "date": "2025-05-06",
    "symbol": "EA",
    "eps": 1.54,
    "epsEstimated": 1.05,
    "time": "amc",
    "revenue": 1895000000,
    "revenueEstimated": 1561609507,
    "updatedFromDate": "2025-08-05",
    "fiscalDateEnding": "2025-03-31"
  },
  {
    "date": "2025-02-04",
    "symbol": "EA",
    "eps": 2.83,
    "epsEstimated": 3.41,
    "time": "amc",
    "revenue": 1883000000,
    "revenueEstimated": 2317663837,
    "updatedFromDate": "2025-05-03",
    "fiscalDateEnding": "2024-12-31"
  },
  {
    "date": "2024-10-29",
    "symbol": "EA",
    "eps": 2.15,
    "epsEstimated": 2.03,
    "time": "amc",
    "revenue": 2025000000,
    "revenueEstimated": 2043032397,
    "updatedFromDate": "2025-04-25",
    "fiscalDateEnding": "2024-09-30"
  },
  {
    "date": "2024-07-30",
    "symbol": "EA",
    "eps": 0.52,
    "epsEstimated": 0.4154,
    "time": "amc",
    "revenue": 1653000000,
    "revenueEstimated": 1215106243,
    "updatedFromDate": "2025-04-25",
    "fiscalDateEnding": "2024-06-30"
  },
  {
    "date": "2024-05-07",
    "symbol": "EA",
    "eps": 1.37,
    "epsEstimated": 1.52,
    "time": "amc",
    "revenue": 1779000000,
    "revenueEstimated": 1777258749,
    "updatedFromDate": "2025-04-25",
    "fiscalDateEnding": "2024-03-31"
  },
  {
    "date": "2024-01-30",
    "symbol": "EA",
    "eps": 2.96,
    "epsEstimated": 2.93,
    "time": "amc",
    "revenue": 1945000000,
    "revenueEstimated": 2397487597,
    "updatedFromDate": "2025-04-25",
    "fiscalDateEnding": "2023-12-31"
  },
  {
    "date": "2023-11-01",
    "symbol": "EA",
    "eps": 1.46,
    "epsEstimated": 1.25,
    "time": "amc",
    "revenue": 1914000000,
    "revenueEstimated": 1772870000,
    "updatedFromDate": "2025-04-25",
    "fiscalDateEnding": "2023-09-30"
  },
  {
    "date": "2023-08-01",
    "symbol": "EA",
    "eps": 1.14,
    "epsEstimated": 1.02,
    "time": "amc",
    "revenue": 1924000000,
    "revenueEstimated": 1588920000,
    "updatedFromDate": "2025-04-25",
    "fiscalDateEnding": "2023-06-30"
  },
  {
    "date": "2023-05-09",
    "symbol": "EA",
    "eps": 1.77,
    "epsEstimated": 1.31,
    "time": "amc",
    "revenue": 1874000000,
    "revenueEstimated": 1758340000,
    "updatedFromDate": "2025-04-25",
    "fiscalDateEnding": "2023-03-31"
  },
  {
    "date": "2023-01-31",
    "symbol": "EA",
    "eps": 2.71,
    "epsEstimated": 3.05,
    "time": "amc",
    "revenue": 1881000000,
    "revenueEstimated": 2476780887,
    "updatedFromDate": "2025-04-25",
    "fiscalDateEnding": "2022-12-31"
  },
  {
    "date": "2022-11-01",
    "symbol": "EA",
    "eps": 1.28,
    "epsEstimated": 1.35,
    "time": "amc",
    "revenue": 1904000000,
    "revenueEstimated": 1808662829,
    "updatedFromDate": "2025-04-25",
    "fiscalDateEnding": "2022-09-30"
  },
  {
    "date": "2022-08-02",
    "symbol": "EA",
    "eps": 0.32,
    "epsEstimated": 0.29,
    "time": "amc",
    "revenue": 1767000000,
    "revenueEstimated": 1259049377,
    "updatedFromDate": "2025-04-25",
    "fiscalDateEnding": "2022-06-30"
  },
  {
    "date": "2022-05-10",
    "symbol": "EA",
    "eps": 1.18,
    "epsEstimated": 1.45,
    "time": "amc",
    "revenue": 1825000000,
    "revenueEstimated": 1770897988,
    "updatedFromDate": "2025-04-25",
    "fiscalDateEnding": "2022-03-31"
  },
  {
    "date": "2022-02-01",
    "symbol": "EA",
    "eps": 3.17,
    "epsEstimated": 3.22,
    "time": "amc",
    "revenue": 1789000000,
    "revenueEstimated": 2657860605,
    "updatedFromDate": "2025-04-25",
    "fiscalDateEnding": "2021-12-31"
  },
  {
    "date": "2021-11-03",
    "symbol": "EA",
    "eps": 1.67,
    "epsEstimated": 1.17,
    "time": "amc",
    "revenue": 1826000000,
    "revenueEstimated": 1742270000,
    "updatedFromDate": "2025-04-25",
    "fiscalDateEnding": "2021-09-30"
  },
  {
    "date": "2021-08-04",
    "symbol": "EA",
    "eps": 0.79,
    "epsEstimated": 0.67,
    "time": "amc",
    "revenue": 1551000000,
    "revenueEstimated": 1336000000,
    "updatedFromDate": "2025-04-25",
    "fiscalDateEnding": "2021-06-30"
  },
  {
    "date": "2021-05-11",
    "symbol": "EA",
    "eps": 1.03,
    "epsEstimated": 1.04,
    "time": "amc",
    "revenue": 1346000000,
    "revenueEstimated": 3763992854,
    "updatedFromDate": "2025-04-25",
    "fiscalDateEnding": "2021-03-31"
  },
  {
    "date": "2021-02-02",
    "symbol": "EA",
    "eps": 3.09,
    "epsEstimated": 2.94,
    "time": "amc",
    "revenue": 1673000000,
    "revenueEstimated": 1616479729,
    "updatedFromDate": "2025-04-25",
    "fiscalDateEnding": "2020-12-31"
  },
  {
    "date": "2020-11-05",
    "symbol": "EA",
    "eps": 0.29,
    "epsEstimated": 0.1435,
    "time": "amc",
    "revenue": 1151000000,
    "revenueEstimated": 949574999,
    "updatedFromDate": "2025-04-25",
    "fiscalDateEnding": "2020-09-30"
  },
  {
    "date": "2020-07-30",
    "symbol": "EA",
    "eps": 1.42,
    "epsEstimated": 0.79,
    "time": "amc",
    "revenue": 1459000000,
    "revenueEstimated": 1097020249,
    "updatedFromDate": "2025-04-25",
    "fiscalDateEnding": "2020-06-30"
  },
  {
    "date": "2020-05-05",
    "symbol": "EA",
    "eps": 1.08,
    "epsEstimated": 0.98,
    "time": "amc",
    "revenue": 1387000000,
    "revenueEstimated": 1258574074,
    "updatedFromDate": "2025-04-25",
    "fiscalDateEnding": "2020-03-31"
  },
  {
    "date": "2020-01-30",
    "symbol": "EA",
    "eps": 2.79,
    "epsEstimated": 2.52,
    "time": "amc",
    "revenue": 1593000000,
    "revenueEstimated": 1586678571,
    "updatedFromDate": "2025-04-25",
    "fiscalDateEnding": "2019-12-31"
  },
  {
    "date": "2019-10-29",
    "symbol": "EA",
    "eps": 0.96,
    "epsEstimated": 0.85,
    "time": "amc",
    "revenue": 1348000000,
    "revenueEstimated": 1195134020,
    "updatedFromDate": "2025-04-25",
    "fiscalDateEnding": "2019-09-30"
  },
  {
    "date": "2019-07-30",
    "symbol": "EA",
    "eps": -0.02,
    "epsEstimated": -0.00066,
    "time": "amc",
    "revenue": 1209000000,
    "revenueEstimated": 48360000,
    "updatedFromDate": "2025-04-25",
    "fiscalDateEnding": "2019-06-30"
  },
  {
    "date": "2019-05-07",
    "symbol": "EA",
    "eps": 1.41,
    "epsEstimated": 0.97,
    "time": "amc",
    "revenue": 1238000000,
    "revenueEstimated": 926137404,
    "updatedFromDate": "2025-04-25",
    "fiscalDateEnding": "2019-03-31"
  },
  {
    "date": "2019-02-05",
    "symbol": "EA",
    "eps": 2.08,
    "epsEstimated": 1.93,
    "time": "amc",
    "revenue": 1289000000,
    "revenueEstimated": 1295678756,
    "updatedFromDate": "2025-04-25",
    "fiscalDateEnding": "2018-12-31"
  },
  {
    "date": "2018-10-30",
    "symbol": "EA",
    "eps": 0.86,
    "epsEstimated": 0.58,
    "time": "amc",
    "revenue": 1286000000,
    "revenueEstimated": 847590909,
    "updatedFromDate": "2025-04-25",
    "fiscalDateEnding": "2018-09-30"
  },
  {
    "date": "2018-07-26",
    "symbol": "EA",
    "eps": 0.26,
    "epsEstimated": 0.06,
    "time": "amc",
    "revenue": 1137000000,
    "revenueEstimated": 454800000,
    "updatedFromDate": "2025-04-25",
    "fiscalDateEnding": "2018-06-30"
  },
  {
    "date": "2018-05-08",
    "symbol": "EA",
    "eps": 1.31,
    "epsEstimated": 1.15,
    "time": "amc",
    "revenue": 1582000000,
    "revenueEstimated": 1412931297,
    "updatedFromDate": "2025-04-25",
    "fiscalDateEnding": "2018-03-31"
  },
  {
    "date": "2018-01-30",
    "symbol": "EA",
    "eps": 2.22,
    "epsEstimated": 2.18,
    "time": "amc",
    "revenue": 1160000000,
    "revenueEstimated": 1165321100,
    "updatedFromDate": "2025-04-25",
    "fiscalDateEnding": "2017-12-31"
  },
  {
    "date": "2017-10-31",
    "symbol": "EA",
    "eps": 0.66,
    "epsEstimated": 0.55,
    "time": "amc",
    "revenue": 959000000,
    "revenueEstimated": 835258064,
    "updatedFromDate": "2025-04-25",
    "fiscalDateEnding": "2017-09-30"
  },
  {
    "date": "2017-07-27",
    "symbol": "EA",
    "eps": 0.48,
    "epsEstimated": 0.28,
    "time": "amc",
    "revenue": 1449000000,
    "revenueEstimated": 1262032258,
    "updatedFromDate": "2025-04-25",
    "fiscalDateEnding": "2017-06-30"
  },
  {
    "date": "2017-05-09",
    "symbol": "EA",
    "eps": 0.72,
    "epsEstimated": 0.75,
    "time": "amc",
    "revenue": 1527000000,
    "revenueEstimated": 1347352941,
    "updatedFromDate": "2025-04-25",
    "fiscalDateEnding": "2017-03-31"
  },
  {
    "date": "2017-01-31",
    "symbol": "EA",
    "eps": 2.58,
    "epsEstimated": 2.31,
    "time": "amc",
    "revenue": 1149000000,
    "revenueEstimated": 1065604838,
    "updatedFromDate": "2025-04-25",
    "fiscalDateEnding": "2016-12-31"
  },
  {
    "date": "2016-11-01",
    "symbol": "EA",
    "eps": 0.56,
    "epsEstimated": 0.43,
    "time": "amc",
    "revenue": 898000000,
    "revenueEstimated": 728566037,
    "updatedFromDate": "2025-04-25",
    "fiscalDateEnding": "2016-09-30"
  },
  {
    "date": "2016-08-02",
    "symbol": "EA",
    "eps": 0.07,
    "epsEstimated": 0.01418,
    "time": "amc",
    "revenue": 1271000000,
    "revenueEstimated": 363142857,
    "updatedFromDate": "2025-04-25",
    "fiscalDateEnding": "2016-06-30"
  }
]