[
  {
    "date": "2026-04-28",
    "symbol": "EBAY",
    "eps": null,
    "epsEstimated": null,
    "time": "amc",
    "revenue": null,
    "revenueEstimated": null,
    "updatedFromDate": "2025-10-01",
    "fiscalDateEnding": "2026-03-30"
  },
  {
    "date": "2026-02-24",
    "symbol": "EBAY",
    "eps": null,
    "epsEstimated": null,
    "time": "amc",
    "revenue": null,
    "revenueEstimated": null,
    "updatedFromDate": "2025-10-01",
    "fiscalDateEnding": "2025-12-30"
  },
  {
    "date": "2025-10-29",
    "symbol": "EBAY",
    "eps": null,
    "epsEstimated": 1.33,
    "time": "bmo",
    "revenue": null,
    "revenueEstimated": 2726947580,
    "updatedFromDate": "2025-10-01",
    "fiscalDateEnding": "2025-09-30"
  },
  {
    "date": "2025-07-30",
    "symbol": "EBAY",
    "eps": 1.37,
    "epsEstimated": 1.3,
    "time": "amc",
    "revenue": 2730000000,
    "revenueEstimated": 2643641470,
    "updatedFromDate": "2025-10-01",
    "fiscalDateEnding": "2025-06-30"
  },
  {
    "date": "2025-04-30",
    "symbol": "EBAY",
    "eps": 1.38,
    "epsEstimated": 1.34,
    "time": "amc",
    "revenue": 2585000000,
    "revenueEstimated": 2547252081,
    "updatedFromDate": "2025-07-30",
    "fiscalDateEnding": "2025-03-31"
  },
  {
    "date": "2025-02-26",
    "symbol": "EBAY",
    "eps": 1.25,
    "epsEstimated": 1.2,
    "time": "amc",
    "revenue": 2579000000,
    "revenueEstimated": 2572108374,
    "updatedFromDate": "2025-05-26",
    "fiscalDateEnding": "2024-12-31"
  },
  {
    "date": "2024-10-30",
    "symbol": "EBAY",
    "eps": 1.19,
    "epsEstimated": 1.18,
    "time": "amc",
    "revenue": 2576000000,
    "revenueEstimated": 2547164988,
    "updatedFromDate": "2025-04-24",
    "fiscalDateEnding": "2024-09-30"
  },
  {
    "date": "2024-07-31",
    "symbol": "EBAY",
    "eps": 1.18,
    "epsEstimated": 1.13,
    "time": "amc",
    "revenue": 2572000000,
    "revenueEstimated": 2530209964,
    "updatedFromDate": "2025-04-24",
    "fiscalDateEnding": "2024-06-30"
  },
  {
    "date": "2024-05-01",
    "symbol": "EBAY",
    "eps": 1.25,
    "epsEstimated": 1.2,
    "time": "amc",
    "revenue": 2556000000,
    "revenueEstimated": 2533165525,
    "updatedFromDate": "2025-04-24",
    "fiscalDateEnding": "2024-03-31"
  },
  {
    "date": "2024-02-27",
    "symbol": "EBAY",
    "eps": 1.07,
    "epsEstimated": 1.03,
    "time": "amc",
    "revenue": 2562000000,
    "revenueEstimated": 2512080288,
    "updatedFromDate": "2025-04-24",
    "fiscalDateEnding": "2023-12-31"
  },
  {
    "date": "2023-11-07",
    "symbol": "EBAY",
    "eps": 1.03,
    "epsEstimated": 1,
    "time": "amc",
    "revenue": 2500000000,
    "revenueEstimated": 2362680000,
    "updatedFromDate": "2025-04-24",
    "fiscalDateEnding": "2023-09-30"
  },
  {
    "date": "2023-07-26",
    "symbol": "EBAY",
    "eps": 1.03,
    "epsEstimated": 0.99,
    "time": "amc",
    "revenue": 2540000000,
    "revenueEstimated": 2252460000,
    "updatedFromDate": "2025-04-24",
    "fiscalDateEnding": "2023-06-30"
  },
  {
    "date": "2023-04-26",
    "symbol": "EBAY",
    "eps": 1.11,
    "epsEstimated": 1.07,
    "time": "amc",
    "revenue": 2510000000,
    "revenueEstimated": 2496640000,
    "updatedFromDate": "2025-04-24",
    "fiscalDateEnding": "2023-03-31"
  },
  {
    "date": "2023-02-22",
    "symbol": "EBAY",
    "eps": 1.07,
    "epsEstimated": 1.06,
    "time": "amc",
    "revenue": 2510000000,
    "revenueEstimated": 2469935323,
    "updatedFromDate": "2025-04-24",
    "fiscalDateEnding": "2022-12-31"
  },
  {
    "date": "2022-11-02",
    "symbol": "EBAY",
    "eps": 1,
    "epsEstimated": 0.93,
    "time": "amc",
    "revenue": 2380000000,
    "revenueEstimated": 2321190096,
    "updatedFromDate": "2025-04-24",
    "fiscalDateEnding": "2022-09-30"
  },
  {
    "date": "2022-08-03",
    "symbol": "EBAY",
    "eps": 0.99,
    "epsEstimated": 0.9,
    "time": "amc",
    "revenue": 2422000000,
    "revenueEstimated": 2366363578,
    "updatedFromDate": "2025-04-24",
    "fiscalDateEnding": "2022-06-30"
  },
  {
    "date": "2022-05-04",
    "symbol": "EBAY",
    "eps": 1.05,
    "epsEstimated": 1.03,
    "time": "amc",
    "revenue": 2483000000,
    "revenueEstimated": 2460516246,
    "updatedFromDate": "2025-04-24",
    "fiscalDateEnding": "2022-03-31"
  },
  {
    "date": "2022-02-23",
    "symbol": "EBAY",
    "eps": 1.05,
    "epsEstimated": 0.99,
    "time": "amc",
    "revenue": 2613000000,
    "revenueEstimated": 2606900431,
    "updatedFromDate": "2025-04-24",
    "fiscalDateEnding": "2021-12-31"
  },
  {
    "date": "2021-10-27",
    "symbol": "EBAY",
    "eps": 0.9,
    "epsEstimated": 0.89,
    "time": "amc",
    "revenue": 2501000000,
    "revenueEstimated": 2455970000,
    "updatedFromDate": "2025-04-24",
    "fiscalDateEnding": "2021-09-30"
  },
  {
    "date": "2021-08-11",
    "symbol": "EBAY",
    "eps": 0.99,
    "epsEstimated": 0.99,
    "time": "amc",
    "revenue": 2668000000,
    "revenueEstimated": 2668000000,
    "updatedFromDate": "2025-04-24",
    "fiscalDateEnding": "2021-06-30"
  },
  {
    "date": "2021-04-28",
    "symbol": "EBAY",
    "eps": 1.09,
    "epsEstimated": 1.07,
    "time": "amc",
    "revenue": 2638000000,
    "revenueEstimated": 2967660000,
    "updatedFromDate": "2025-04-24",
    "fiscalDateEnding": "2021-03-31"
  },
  {
    "date": "2021-02-03",
    "symbol": "EBAY",
    "eps": 0.86,
    "epsEstimated": 0.83,
    "time": "amc",
    "revenue": 2868000000,
    "revenueEstimated": 2701600000,
    "updatedFromDate": "2025-04-24",
    "fiscalDateEnding": "2020-12-31"
  },
  {
    "date": "2020-10-28",
    "symbol": "EBAY",
    "eps": 0.85,
    "epsEstimated": 0.77,
    "time": "amc",
    "revenue": 2258000000,
    "revenueEstimated": 2335246753,
    "updatedFromDate": "2025-04-24",
    "fiscalDateEnding": "2020-09-30"
  },
  {
    "date": "2020-07-28",
    "symbol": "EBAY",
    "eps": 1.08,
    "epsEstimated": 1.06,
    "time": "amc",
    "revenue": 2337000000,
    "revenueEstimated": 2811944444,
    "updatedFromDate": "2025-04-24",
    "fiscalDateEnding": "2020-06-30"
  },
  {
    "date": "2020-04-29",
    "symbol": "EBAY",
    "eps": 0.77,
    "epsEstimated": 0.74,
    "time": "amc",
    "revenue": 2129000000,
    "revenueEstimated": 2219844155,
    "updatedFromDate": "2025-04-24",
    "fiscalDateEnding": "2020-03-31"
  },
  {
    "date": "2020-01-28",
    "symbol": "EBAY",
    "eps": 0.81,
    "epsEstimated": 0.76,
    "time": "amc",
    "revenue": 2821000000,
    "revenueEstimated": 2646864197,
    "updatedFromDate": "2025-04-24",
    "fiscalDateEnding": "2019-12-31"
  },
  {
    "date": "2019-10-23",
    "symbol": "EBAY",
    "eps": 0.67,
    "epsEstimated": 0.65,
    "time": "amc",
    "revenue": 2083000000,
    "revenueEstimated": 2530388059,
    "updatedFromDate": "2025-04-24",
    "fiscalDateEnding": "2019-09-30"
  },
  {
    "date": "2019-07-17",
    "symbol": "EBAY",
    "eps": 0.68,
    "epsEstimated": 0.62,
    "time": "amc",
    "revenue": 2423000000,
    "revenueEstimated": 2244838235,
    "updatedFromDate": "2025-04-24",
    "fiscalDateEnding": "2019-06-30"
  },
  {
    "date": "2019-04-23",
    "symbol": "EBAY",
    "eps": 0.67,
    "epsEstimated": 0.63,
    "time": "amc",
    "revenue": 2413000000,
    "revenueEstimated": 2268940298,
    "updatedFromDate": "2025-04-24",
    "fiscalDateEnding": "2019-03-31"
  },
  {
    "date": "2019-01-29",
    "symbol": "EBAY",
    "eps": 0.71,
    "epsEstimated": 0.68,
    "time": "amc",
    "revenue": 2877000000,
    "revenueEstimated": 2755436619,
    "updatedFromDate": "2025-04-24",
    "fiscalDateEnding": "2018-12-31"
  },
  {
    "date": "2018-10-30",
    "symbol": "EBAY",
    "eps": 0.56,
    "epsEstimated": 0.54,
    "time": "amc",
    "revenue": 2649000000,
    "revenueEstimated": 2554392857,
    "updatedFromDate": "2025-04-24",
    "fiscalDateEnding": "2018-09-30"
  },
  {
    "date": "2018-07-18",
    "symbol": "EBAY",
    "eps": 0.53,
    "epsEstimated": 0.51,
    "time": "amc",
    "revenue": 2640000000,
    "revenueEstimated": 2540377358,
    "updatedFromDate": "2025-04-24",
    "fiscalDateEnding": "2018-06-30"
  },
  {
    "date": "2018-04-25",
    "symbol": "EBAY",
    "eps": 0.53,
    "epsEstimated": 0.53,
    "time": "amc",
    "revenue": 2580000000,
    "revenueEstimated": 2580000000,
    "updatedFromDate": "2025-04-24",
    "fiscalDateEnding": "2018-03-31"
  },
  {
    "date": "2018-01-31",
    "symbol": "EBAY",
    "eps": 0.59,
    "epsEstimated": 0.59,
    "time": "amc",
    "revenue": 2613000000,
    "revenueEstimated": 2707000000,
    "updatedFromDate": "2025-04-24",
    "fiscalDateEnding": "2017-12-31"
  },
  {
    "date": "2017-10-18",
    "symbol": "EBAY",
    "eps": 0.48,
    "epsEstimated": 0.48,
    "time": "amc",
    "revenue": 2498000000,
    "revenueEstimated": 2498000000,
    "updatedFromDate": "2025-04-24",
    "fiscalDateEnding": "2017-09-30"
  },
  {
    "date": "2017-07-20",
    "symbol": "EBAY",
    "eps": 0.45,
    "epsEstimated": 0.45,
    "time": "amc",
    "revenue": 2419000000,
    "revenueEstimated": 2419000000,
    "updatedFromDate": "2025-04-24",
    "fiscalDateEnding": "2017-06-30"
  },
  {
    "date": "2017-04-19",
    "symbol": "EBAY",
    "eps": 0.49,
    "epsEstimated": 0.48,
    "time": "amc",
    "revenue": 2303000000,
    "revenueEstimated": 2256000000,
    "updatedFromDate": "2025-04-24",
    "fiscalDateEnding": "2017-03-31"
  },
  {
    "date": "2017-01-25",
    "symbol": "EBAY",
    "eps": 0.54,
    "epsEstimated": 0.54,
    "time": "amc",
    "revenue": 2395000000,
    "revenueEstimated": 2714000000,
    "updatedFromDate": "2025-04-24",
    "fiscalDateEnding": "2016-12-31"
  },
  {
    "date": "2016-10-19",
    "symbol": "EBAY",
    "eps": 0.45,
    "epsEstimated": 0.44,
    "time": "amc",
    "revenue": 2217000000,
    "revenueEstimated": 2167733333,
    "updatedFromDate": "2025-04-24",
    "fiscalDateEnding": "2016-09-30"
  },
  {
    "date": "2016-07-20",
    "symbol": "EBAY",
    "eps": 0.43,
    "epsEstimated": 0.42,
    "time": "amc",
    "revenue": 2230000000,
    "revenueEstimated": 2178139534,
    "updatedFromDate": "2025-04-24",
    "fiscalDateEnding": "2016-06-30"
  }
]