[
  {
    "date": "2026-04-27",
    "symbol": "ECL",
    "eps": null,
    "epsEstimated": null,
    "time": "bmo",
    "revenue": null,
    "revenueEstimated": null,
    "updatedFromDate": "2025-10-02",
    "fiscalDateEnding": "2026-03-30"
  },
  {
    "date": "2026-02-09",
    "symbol": "ECL",
    "eps": null,
    "epsEstimated": null,
    "time": "bmo",
    "revenue": null,
    "revenueEstimated": null,
    "updatedFromDate": "2025-10-02",
    "fiscalDateEnding": "2025-12-30"
  },
  {
    "date": "2025-10-28",
    "symbol": "ECL",
    "eps": null,
    "epsEstimated": 2.07,
    "time": "bmo",
    "revenue": null,
    "revenueEstimated": 4118033240,
    "updatedFromDate": "2025-10-02",
    "fiscalDateEnding": "2025-09-30"
  },
  {
    "date": "2025-07-29",
    "symbol": "ECL",
    "eps": 1.89,
    "epsEstimated": 1.9,
    "time": "bmo",
    "revenue": 4025200000,
    "revenueEstimated": 4020440292,
    "updatedFromDate": "2025-10-02",
    "fiscalDateEnding": "2025-06-30"
  },
  {
    "date": "2025-04-29",
    "symbol": "ECL",
    "eps": 1.5,
    "epsEstimated": 1.5,
    "time": "bmo",
    "revenue": 3695000000,
    "revenueEstimated": 3695643012,
    "updatedFromDate": "2025-07-29",
    "fiscalDateEnding": "2025-03-30"
  },
  {
    "date": "2025-02-11",
    "symbol": "ECL",
    "eps": 1.81,
    "epsEstimated": 1.81,
    "time": "bmo",
    "revenue": 4005200000,
    "revenueEstimated": 3985665326,
    "updatedFromDate": "2025-05-11",
    "fiscalDateEnding": "2024-12-31"
  },
  {
    "date": "2024-10-29",
    "symbol": "ECL",
    "eps": 1.83,
    "epsEstimated": 1.82,
    "time": "bmo",
    "revenue": 3998500000,
    "revenueEstimated": 4032354945,
    "updatedFromDate": "2025-04-25",
    "fiscalDateEnding": "2024-09-30"
  },
  {
    "date": "2024-07-30",
    "symbol": "ECL",
    "eps": 1.68,
    "epsEstimated": 1.67,
    "time": "bmo",
    "revenue": 3985800000,
    "revenueEstimated": 4034811313,
    "updatedFromDate": "2025-04-25",
    "fiscalDateEnding": "2024-06-30"
  },
  {
    "date": "2024-04-30",
    "symbol": "ECL",
    "eps": 1.34,
    "epsEstimated": 1.34,
    "time": "bmo",
    "revenue": 3751900000,
    "revenueEstimated": 3744765361,
    "updatedFromDate": "2025-04-25",
    "fiscalDateEnding": "2024-03-31"
  },
  {
    "date": "2024-02-13",
    "symbol": "ECL",
    "eps": 1.55,
    "epsEstimated": 1.54,
    "time": "bmo",
    "revenue": 3938400000,
    "revenueEstimated": 3932960000,
    "updatedFromDate": "2025-04-25",
    "fiscalDateEnding": "2023-12-31"
  },
  {
    "date": "2023-10-31",
    "symbol": "ECL",
    "eps": 1.54,
    "epsEstimated": 1.52,
    "time": "bmo",
    "revenue": 3958100000,
    "revenueEstimated": 4005780000,
    "updatedFromDate": "2025-04-25",
    "fiscalDateEnding": "2023-09-30"
  },
  {
    "date": "2023-08-01",
    "symbol": "ECL",
    "eps": 1.24,
    "epsEstimated": 1.21,
    "time": "bmo",
    "revenue": 3852100000,
    "revenueEstimated": 3860220000,
    "updatedFromDate": "2025-04-25",
    "fiscalDateEnding": "2023-06-30"
  },
  {
    "date": "2023-05-02",
    "symbol": "ECL",
    "eps": 0.88,
    "epsEstimated": 0.86,
    "time": "bmo",
    "revenue": 3571600000,
    "revenueEstimated": 3475560000,
    "updatedFromDate": "2025-04-25",
    "fiscalDateEnding": "2023-03-31"
  },
  {
    "date": "2023-02-14",
    "symbol": "ECL",
    "eps": 1.27,
    "epsEstimated": 1.25,
    "time": "bmo",
    "revenue": 3671200000,
    "revenueEstimated": 3704606700,
    "updatedFromDate": "2025-04-25",
    "fiscalDateEnding": "2022-12-31"
  },
  {
    "date": "2022-11-01",
    "symbol": "ECL",
    "eps": 1.3,
    "epsEstimated": 1.31,
    "time": "bmo",
    "revenue": 3669300000,
    "revenueEstimated": 3657026853,
    "updatedFromDate": "2025-04-25",
    "fiscalDateEnding": "2022-09-30"
  },
  {
    "date": "2022-07-26",
    "symbol": "ECL",
    "eps": 1.1,
    "epsEstimated": 1.09,
    "time": "bmo",
    "revenue": 3580600000,
    "revenueEstimated": 3485452821,
    "updatedFromDate": "2025-04-25",
    "fiscalDateEnding": "2022-06-30"
  },
  {
    "date": "2022-04-26",
    "symbol": "ECL",
    "eps": 0.82,
    "epsEstimated": 0.82,
    "time": "bmo",
    "revenue": 3266700000,
    "revenueEstimated": 3191561268,
    "updatedFromDate": "2025-04-25",
    "fiscalDateEnding": "2022-03-31"
  },
  {
    "date": "2022-02-15",
    "symbol": "ECL",
    "eps": 1.28,
    "epsEstimated": 1.31,
    "time": "bmo",
    "revenue": 3364600000,
    "revenueEstimated": 3360152652,
    "updatedFromDate": "2025-04-25",
    "fiscalDateEnding": "2021-12-31"
  },
  {
    "date": "2021-10-26",
    "symbol": "ECL",
    "eps": 1.41,
    "epsEstimated": 1.3,
    "time": "bmo",
    "revenue": 3320800000,
    "revenueEstimated": 3295620000,
    "updatedFromDate": "2025-04-25",
    "fiscalDateEnding": "2021-09-30"
  },
  {
    "date": "2021-07-27",
    "symbol": "ECL",
    "eps": 1.22,
    "epsEstimated": 1.21,
    "time": "bmo",
    "revenue": 3162700000,
    "revenueEstimated": 3296770000,
    "updatedFromDate": "2025-04-25",
    "fiscalDateEnding": "2021-06-30"
  },
  {
    "date": "2021-04-27",
    "symbol": "ECL",
    "eps": 0.81,
    "epsEstimated": 0.82,
    "time": "bmo",
    "revenue": 2885000000,
    "revenueEstimated": 2900810000,
    "updatedFromDate": "2025-04-25",
    "fiscalDateEnding": "2021-03-31"
  },
  {
    "date": "2021-02-16",
    "symbol": "ECL",
    "eps": 1.23,
    "epsEstimated": 1.25,
    "time": "bmo",
    "revenue": 3065300000,
    "revenueEstimated": 3114344800,
    "updatedFromDate": "2025-04-25",
    "fiscalDateEnding": "2020-12-31"
  },
  {
    "date": "2020-10-27",
    "symbol": "ECL",
    "eps": 1.15,
    "epsEstimated": 1.09,
    "time": "bmo",
    "revenue": 3018600000,
    "revenueEstimated": 2939269565,
    "updatedFromDate": "2025-04-25",
    "fiscalDateEnding": "2020-09-30"
  },
  {
    "date": "2020-07-28",
    "symbol": "ECL",
    "eps": 0.65,
    "epsEstimated": 0.83,
    "time": "bmo",
    "revenue": 2685700000,
    "revenueEstimated": 3512069230,
    "updatedFromDate": "2025-04-25",
    "fiscalDateEnding": "2020-06-30"
  },
  {
    "date": "2020-04-28",
    "symbol": "ECL",
    "eps": 1.13,
    "epsEstimated": 1.06,
    "time": "bmo",
    "revenue": 3581400000,
    "revenueEstimated": 2833483185,
    "updatedFromDate": "2025-04-25",
    "fiscalDateEnding": "2020-03-31"
  },
  {
    "date": "2020-02-18",
    "symbol": "ECL",
    "eps": 1.66,
    "epsEstimated": 1.69,
    "time": "bmo",
    "revenue": 3823600000,
    "revenueEstimated": 3892701204,
    "updatedFromDate": "2025-04-25",
    "fiscalDateEnding": "2019-12-31"
  },
  {
    "date": "2019-10-29",
    "symbol": "ECL",
    "eps": 1.71,
    "epsEstimated": 1.71,
    "time": "bmo",
    "revenue": 3817900000,
    "revenueEstimated": 3817900000,
    "updatedFromDate": "2025-04-25",
    "fiscalDateEnding": "2019-09-30"
  },
  {
    "date": "2019-07-30",
    "symbol": "ECL",
    "eps": 1.42,
    "epsEstimated": 1.41,
    "time": "bmo",
    "revenue": 3759400000,
    "revenueEstimated": 3732925352,
    "updatedFromDate": "2025-04-25",
    "fiscalDateEnding": "2019-06-30"
  },
  {
    "date": "2019-04-30",
    "symbol": "ECL",
    "eps": 1.03,
    "epsEstimated": 1.02,
    "time": "bmo",
    "revenue": 3505400000,
    "revenueEstimated": 3471366990,
    "updatedFromDate": "2025-04-25",
    "fiscalDateEnding": "2019-03-31"
  },
  {
    "date": "2019-02-19",
    "symbol": "ECL",
    "eps": 1.54,
    "epsEstimated": 1.54,
    "time": "bmo",
    "revenue": 3760500000,
    "revenueEstimated": 3760500000,
    "updatedFromDate": "2025-04-25",
    "fiscalDateEnding": "2018-12-31"
  },
  {
    "date": "2018-10-30",
    "symbol": "ECL",
    "eps": 1.53,
    "epsEstimated": 1.54,
    "time": "bmo",
    "revenue": 3747200000,
    "revenueEstimated": 3771691503,
    "updatedFromDate": "2025-04-25",
    "fiscalDateEnding": "2018-09-30"
  },
  {
    "date": "2018-07-31",
    "symbol": "ECL",
    "eps": 1.27,
    "epsEstimated": 1.27,
    "time": "bmo",
    "revenue": 3689600000,
    "revenueEstimated": 3689600000,
    "updatedFromDate": "2025-04-25",
    "fiscalDateEnding": "2018-06-30"
  },
  {
    "date": "2018-05-01",
    "symbol": "ECL",
    "eps": 0.91,
    "epsEstimated": 0.89,
    "time": "bmo",
    "revenue": 3470900000,
    "revenueEstimated": 3394616483,
    "updatedFromDate": "2025-04-25",
    "fiscalDateEnding": "2018-03-31"
  },
  {
    "date": "2018-02-20",
    "symbol": "ECL",
    "eps": 1.39,
    "epsEstimated": 1.39,
    "time": "bmo",
    "revenue": 3650700000,
    "revenueEstimated": 3649000000,
    "updatedFromDate": "2025-04-25",
    "fiscalDateEnding": "2017-12-31"
  },
  {
    "date": "2017-10-31",
    "symbol": "ECL",
    "eps": 1.37,
    "epsEstimated": 1.36,
    "time": "bmo",
    "revenue": 3563300000,
    "revenueEstimated": 3538481751,
    "updatedFromDate": "2025-04-25",
    "fiscalDateEnding": "2017-09-30"
  },
  {
    "date": "2017-08-01",
    "symbol": "ECL",
    "eps": 1.13,
    "epsEstimated": 1.13,
    "time": "bmo",
    "revenue": 3462700000,
    "revenueEstimated": 3460000000,
    "updatedFromDate": "2025-04-25",
    "fiscalDateEnding": "2017-06-30"
  },
  {
    "date": "2017-05-02",
    "symbol": "ECL",
    "eps": 0.8,
    "epsEstimated": 0.81,
    "time": "bmo",
    "revenue": 3161600000,
    "revenueEstimated": 3201930000,
    "updatedFromDate": "2025-04-25",
    "fiscalDateEnding": "2017-03-31"
  },
  {
    "date": "2017-02-21",
    "symbol": "ECL",
    "eps": 1.25,
    "epsEstimated": 1.27,
    "time": "bmo",
    "revenue": 3352100000,
    "revenueEstimated": 3404717600,
    "updatedFromDate": "2025-04-25",
    "fiscalDateEnding": "2016-12-31"
  },
  {
    "date": "2016-11-01",
    "symbol": "ECL",
    "eps": 1.28,
    "epsEstimated": 1.28,
    "time": "bmo",
    "revenue": 3386100000,
    "revenueEstimated": 3386100000,
    "updatedFromDate": "2025-04-25",
    "fiscalDateEnding": "2016-09-30"
  },
  {
    "date": "2016-08-02",
    "symbol": "ECL",
    "eps": 1.08,
    "epsEstimated": 1.08,
    "time": "bmo",
    "revenue": 3317200000,
    "revenueEstimated": 3317200000,
    "updatedFromDate": "2025-04-25",
    "fiscalDateEnding": "2016-06-30"
  }
]