[
  {
    "date": "2026-04-29",
    "symbol": "ED",
    "eps": null,
    "epsEstimated": null,
    "time": "amc",
    "revenue": null,
    "revenueEstimated": null,
    "updatedFromDate": "2025-10-02",
    "fiscalDateEnding": "2026-03-30"
  },
  {
    "date": "2026-02-18",
    "symbol": "ED",
    "eps": null,
    "epsEstimated": null,
    "time": "amc",
    "revenue": null,
    "revenueEstimated": null,
    "updatedFromDate": "2025-10-02",
    "fiscalDateEnding": "2025-12-30"
  },
  {
    "date": "2025-11-06",
    "symbol": "ED",
    "eps": null,
    "epsEstimated": 1.76,
    "time": "bmo",
    "revenue": null,
    "revenueEstimated": 4253935660,
    "updatedFromDate": "2025-10-02",
    "fiscalDateEnding": "2025-09-30"
  },
  {
    "date": "2025-05-01",
    "symbol": "ED",
    "eps": 2.25,
    "epsEstimated": 2.21,
    "time": "amc",
    "revenue": 4798000000,
    "revenueEstimated": 4260040150,
    "updatedFromDate": "2025-08-01",
    "fiscalDateEnding": "2025-03-31"
  },
  {
    "date": "2025-02-20",
    "symbol": "ED",
    "eps": 0.98,
    "epsEstimated": 0.954,
    "time": "amc",
    "revenue": 3669000000,
    "revenueEstimated": 3680470393,
    "updatedFromDate": "2025-05-20",
    "fiscalDateEnding": "2024-12-31"
  },
  {
    "date": "2024-11-07",
    "symbol": "ED",
    "eps": 1.68,
    "epsEstimated": 1.62,
    "time": "amc",
    "revenue": 4092000000,
    "revenueEstimated": 4062560003,
    "updatedFromDate": "2025-04-25",
    "fiscalDateEnding": "2024-09-30"
  },
  {
    "date": "2024-08-01",
    "symbol": "ED",
    "eps": 0.59,
    "epsEstimated": 0.57,
    "time": "amc",
    "revenue": 3220000000,
    "revenueEstimated": 3179621168,
    "updatedFromDate": "2025-04-25",
    "fiscalDateEnding": "2024-06-30"
  },
  {
    "date": "2024-05-02",
    "symbol": "ED",
    "eps": 2.15,
    "epsEstimated": 1.88,
    "time": "amc",
    "revenue": 4280000000,
    "revenueEstimated": 4399329115,
    "updatedFromDate": "2025-04-25",
    "fiscalDateEnding": "2024-03-31"
  },
  {
    "date": "2024-02-15",
    "symbol": "ED",
    "eps": 1,
    "epsEstimated": 0.96,
    "time": "amc",
    "revenue": 3444000000,
    "revenueEstimated": 3703170070,
    "updatedFromDate": "2025-04-25",
    "fiscalDateEnding": "2023-12-31"
  },
  {
    "date": "2023-11-02",
    "symbol": "ED",
    "eps": 1.62,
    "epsEstimated": 1.6,
    "time": "amc",
    "revenue": 3872000000,
    "revenueEstimated": 3889570000,
    "updatedFromDate": "2025-04-25",
    "fiscalDateEnding": "2023-09-30"
  },
  {
    "date": "2023-08-03",
    "symbol": "ED",
    "eps": 0.61,
    "epsEstimated": 0.61,
    "time": "amc",
    "revenue": 2944000000,
    "revenueEstimated": 3307080000,
    "updatedFromDate": "2025-04-25",
    "fiscalDateEnding": "2023-06-30"
  },
  {
    "date": "2023-05-04",
    "symbol": "ED",
    "eps": 1.83,
    "epsEstimated": 1.62,
    "time": "amc",
    "revenue": 4403000000,
    "revenueEstimated": 3993400000,
    "updatedFromDate": "2025-04-25",
    "fiscalDateEnding": "2023-03-31"
  },
  {
    "date": "2023-02-16",
    "symbol": "ED",
    "eps": 0.81,
    "epsEstimated": 0.78,
    "time": "amc",
    "revenue": 4031000000,
    "revenueEstimated": 2972783120,
    "updatedFromDate": "2025-04-25",
    "fiscalDateEnding": "2022-12-31"
  },
  {
    "date": "2022-11-03",
    "symbol": "ED",
    "eps": 1.63,
    "epsEstimated": 1.46,
    "time": "amc",
    "revenue": 4165000000,
    "revenueEstimated": 3693179725,
    "updatedFromDate": "2025-04-25",
    "fiscalDateEnding": "2022-09-30"
  },
  {
    "date": "2022-08-04",
    "symbol": "ED",
    "eps": 0.64,
    "epsEstimated": 0.59,
    "time": "amc",
    "revenue": 3415000000,
    "revenueEstimated": 3115497041,
    "updatedFromDate": "2025-04-25",
    "fiscalDateEnding": "2022-06-30"
  },
  {
    "date": "2022-05-05",
    "symbol": "ED",
    "eps": 1.47,
    "epsEstimated": 1.48,
    "time": "amc",
    "revenue": 4060000000,
    "revenueEstimated": 3738944081,
    "updatedFromDate": "2025-04-25",
    "fiscalDateEnding": "2022-03-31"
  },
  {
    "date": "2022-02-17",
    "symbol": "ED",
    "eps": 1,
    "epsEstimated": 0.85,
    "time": "amc",
    "revenue": 3415000000,
    "revenueEstimated": 2759756120,
    "updatedFromDate": "2025-04-25",
    "fiscalDateEnding": "2021-12-31"
  },
  {
    "date": "2021-11-04",
    "symbol": "ED",
    "eps": 1.41,
    "epsEstimated": 1.47,
    "time": "amc",
    "revenue": 3613000000,
    "revenueEstimated": 3460140000,
    "updatedFromDate": "2025-04-25",
    "fiscalDateEnding": "2021-09-30"
  },
  {
    "date": "2021-08-05",
    "symbol": "ED",
    "eps": 0.53,
    "epsEstimated": 0.62,
    "time": "amc",
    "revenue": 2971000000,
    "revenueEstimated": 2971000000,
    "updatedFromDate": "2025-04-25",
    "fiscalDateEnding": "2021-06-30"
  },
  {
    "date": "2021-05-06",
    "symbol": "ED",
    "eps": 1.44,
    "epsEstimated": 1.36,
    "time": "amc",
    "revenue": 3677000000,
    "revenueEstimated": 3455610000,
    "updatedFromDate": "2025-04-25",
    "fiscalDateEnding": "2021-03-31"
  },
  {
    "date": "2021-02-18",
    "symbol": "ED",
    "eps": 0.75,
    "epsEstimated": 0.72,
    "time": "amc",
    "revenue": 2960000000,
    "revenueEstimated": 2998947368,
    "updatedFromDate": "2025-04-25",
    "fiscalDateEnding": "2020-12-31"
  },
  {
    "date": "2020-11-05",
    "symbol": "ED",
    "eps": 1.48,
    "epsEstimated": 1.51,
    "time": "amc",
    "revenue": 3333000000,
    "revenueEstimated": 3400560810,
    "updatedFromDate": "2025-04-25",
    "fiscalDateEnding": "2020-09-30"
  },
  {
    "date": "2020-08-06",
    "symbol": "ED",
    "eps": 0.6,
    "epsEstimated": 0.54,
    "time": "amc",
    "revenue": 2719000000,
    "revenueEstimated": 2447100000,
    "updatedFromDate": "2025-04-25",
    "fiscalDateEnding": "2020-06-30"
  },
  {
    "date": "2020-05-07",
    "symbol": "ED",
    "eps": 1.35,
    "epsEstimated": 1.4,
    "time": "amc",
    "revenue": 3234000000,
    "revenueEstimated": 3353777777,
    "updatedFromDate": "2025-04-25",
    "fiscalDateEnding": "2020-03-31"
  },
  {
    "date": "2020-02-20",
    "symbol": "ED",
    "eps": 0.87,
    "epsEstimated": 0.8,
    "time": "amc",
    "revenue": 2951000000,
    "revenueEstimated": 2713563218,
    "updatedFromDate": "2025-04-25",
    "fiscalDateEnding": "2019-12-31"
  },
  {
    "date": "2019-11-04",
    "symbol": "ED",
    "eps": 1.54,
    "epsEstimated": 1.58,
    "time": "amc",
    "revenue": 3365000000,
    "revenueEstimated": 3452402597,
    "updatedFromDate": "2025-04-25",
    "fiscalDateEnding": "2019-09-30"
  },
  {
    "date": "2019-08-01",
    "symbol": "ED",
    "eps": 0.58,
    "epsEstimated": 0.59,
    "time": "amc",
    "revenue": 2331000000,
    "revenueEstimated": 2791310344,
    "updatedFromDate": "2025-04-25",
    "fiscalDateEnding": "2019-06-30"
  },
  {
    "date": "2019-05-02",
    "symbol": "ED",
    "eps": 1.39,
    "epsEstimated": 1.36,
    "time": "amc",
    "revenue": 3514000000,
    "revenueEstimated": 3438158273,
    "updatedFromDate": "2025-04-25",
    "fiscalDateEnding": "2019-03-31"
  },
  {
    "date": "2019-02-21",
    "symbol": "ED",
    "eps": 0.77,
    "epsEstimated": 0.75,
    "time": "amc",
    "revenue": 2949000000,
    "revenueEstimated": 2872402597,
    "updatedFromDate": "2025-04-25",
    "fiscalDateEnding": "2018-12-31"
  },
  {
    "date": "2018-11-01",
    "symbol": "ED",
    "eps": 1.57,
    "epsEstimated": 1.46,
    "time": "amc",
    "revenue": 3328000000,
    "revenueEstimated": 3094828025,
    "updatedFromDate": "2025-04-25",
    "fiscalDateEnding": "2018-09-30"
  },
  {
    "date": "2018-08-02",
    "symbol": "ED",
    "eps": 0.61,
    "epsEstimated": 0.56,
    "time": "amc",
    "revenue": 2696000000,
    "revenueEstimated": 2475016393,
    "updatedFromDate": "2025-04-25",
    "fiscalDateEnding": "2018-06-30"
  },
  {
    "date": "2018-05-03",
    "symbol": "ED",
    "eps": 1.38,
    "epsEstimated": 1.29,
    "time": "amc",
    "revenue": 3364000000,
    "revenueEstimated": 3144608695,
    "updatedFromDate": "2025-04-25",
    "fiscalDateEnding": "2018-03-31"
  },
  {
    "date": "2018-02-15",
    "symbol": "ED",
    "eps": 0.8,
    "epsEstimated": 0.78,
    "time": "amc",
    "revenue": 2961000000,
    "revenueEstimated": 2849962499,
    "updatedFromDate": "2025-04-25",
    "fiscalDateEnding": "2017-12-31"
  },
  {
    "date": "2017-11-02",
    "symbol": "ED",
    "eps": 1.47,
    "epsEstimated": 1.51,
    "time": "amc",
    "revenue": 3211000000,
    "revenueEstimated": 3298374149,
    "updatedFromDate": "2025-04-25",
    "fiscalDateEnding": "2017-09-30"
  },
  {
    "date": "2017-08-03",
    "symbol": "ED",
    "eps": 0.58,
    "epsEstimated": 0.62,
    "time": "amc",
    "revenue": 2633000000,
    "revenueEstimated": 2814586206,
    "updatedFromDate": "2025-04-25",
    "fiscalDateEnding": "2017-06-30"
  },
  {
    "date": "2017-05-04",
    "symbol": "ED",
    "eps": 1.27,
    "epsEstimated": 1.19,
    "time": "amc",
    "revenue": 3228000000,
    "revenueEstimated": 3024661417,
    "updatedFromDate": "2025-04-25",
    "fiscalDateEnding": "2017-03-31"
  },
  {
    "date": "2017-02-16",
    "symbol": "ED",
    "eps": 0.68,
    "epsEstimated": 0.66,
    "time": "amc",
    "revenue": 2707000000,
    "revenueEstimated": 2627382352,
    "updatedFromDate": "2025-04-25",
    "fiscalDateEnding": "2016-12-31"
  },
  {
    "date": "2016-11-03",
    "symbol": "ED",
    "eps": 1.51,
    "epsEstimated": 1.47,
    "time": "amc",
    "revenue": 3417000000,
    "revenueEstimated": 3326483443,
    "updatedFromDate": "2025-04-25",
    "fiscalDateEnding": "2016-09-30"
  },
  {
    "date": "2016-08-04",
    "symbol": "ED",
    "eps": 0.59,
    "epsEstimated": 0.69,
    "time": "amc",
    "revenue": 2794000000,
    "revenueEstimated": 3267559322,
    "updatedFromDate": "2025-04-25",
    "fiscalDateEnding": "2016-06-30"
  },
  {
    "date": "2016-05-05",
    "symbol": "ED",
    "eps": 1.18,
    "epsEstimated": 1.21,
    "time": "amc",
    "revenue": 3156000000,
    "revenueEstimated": 3236237288,
    "updatedFromDate": "2025-04-25",
    "fiscalDateEnding": "2016-03-31"
  }
]