[
  {
    "date": "2026-04-20",
    "symbol": "EFX",
    "eps": null,
    "epsEstimated": null,
    "time": "bmo",
    "revenue": null,
    "revenueEstimated": null,
    "updatedFromDate": "2025-10-02",
    "fiscalDateEnding": "2026-03-30"
  },
  {
    "date": "2026-02-04",
    "symbol": "EFX",
    "eps": null,
    "epsEstimated": null,
    "time": "bmo",
    "revenue": null,
    "revenueEstimated": null,
    "updatedFromDate": "2025-10-02",
    "fiscalDateEnding": "2025-12-30"
  },
  {
    "date": "2025-10-15",
    "symbol": "EFX",
    "eps": null,
    "epsEstimated": 1.94,
    "time": "bmo",
    "revenue": null,
    "revenueEstimated": 1521925500,
    "updatedFromDate": "2025-10-02",
    "fiscalDateEnding": "2025-09-30"
  },
  {
    "date": "2025-07-22",
    "symbol": "EFX",
    "eps": 1.53,
    "epsEstimated": 1.91,
    "time": "bmo",
    "revenue": 1537000000,
    "revenueEstimated": 1510613640,
    "updatedFromDate": "2025-07-09",
    "fiscalDateEnding": "2025-07-01"
  },
  {
    "date": "2025-04-22",
    "symbol": "EFX",
    "eps": 1.06,
    "epsEstimated": 1.41,
    "time": "bmo",
    "revenue": 1442000000,
    "revenueEstimated": 1416231775,
    "updatedFromDate": "2025-07-21",
    "fiscalDateEnding": "2025-03-31"
  },
  {
    "date": "2025-02-06",
    "symbol": "EFX",
    "eps": 2.12,
    "epsEstimated": 2.12,
    "time": "bmo",
    "revenue": 1419400000,
    "revenueEstimated": 1440052977,
    "updatedFromDate": "2025-05-06",
    "fiscalDateEnding": "2024-12-31"
  },
  {
    "date": "2024-10-16",
    "symbol": "EFX",
    "eps": 1.85,
    "epsEstimated": 1.85,
    "time": "amc",
    "revenue": 1441800000,
    "revenueEstimated": 1443794071,
    "updatedFromDate": "2025-04-24",
    "fiscalDateEnding": "2024-09-30"
  },
  {
    "date": "2024-07-17",
    "symbol": "EFX",
    "eps": 1.82,
    "epsEstimated": 1.76,
    "time": "amc",
    "revenue": 1430500000,
    "revenueEstimated": 1425239272,
    "updatedFromDate": "2025-04-24",
    "fiscalDateEnding": "2024-06-30"
  },
  {
    "date": "2024-04-17",
    "symbol": "EFX",
    "eps": 1.5,
    "epsEstimated": 1.44,
    "time": "amc",
    "revenue": 1389400000,
    "revenueEstimated": 1399906533,
    "updatedFromDate": "2025-04-24",
    "fiscalDateEnding": "2024-03-31"
  },
  {
    "date": "2024-02-07",
    "symbol": "EFX",
    "eps": 1.81,
    "epsEstimated": 1.74,
    "time": "amc",
    "revenue": 1326500000,
    "revenueEstimated": 1410410000,
    "updatedFromDate": "2025-04-24",
    "fiscalDateEnding": "2023-12-31"
  },
  {
    "date": "2023-10-18",
    "symbol": "EFX",
    "eps": 1.76,
    "epsEstimated": 1.78,
    "time": "amc",
    "revenue": 1319100000,
    "revenueEstimated": 1330520000,
    "updatedFromDate": "2025-04-24",
    "fiscalDateEnding": "2023-09-30"
  },
  {
    "date": "2023-07-19",
    "symbol": "EFX",
    "eps": 1.71,
    "epsEstimated": 1.67,
    "time": "amc",
    "revenue": 1317600000,
    "revenueEstimated": 1352290000,
    "updatedFromDate": "2025-04-24",
    "fiscalDateEnding": "2023-06-30"
  },
  {
    "date": "2023-04-19",
    "symbol": "EFX",
    "eps": 1.43,
    "epsEstimated": 1.37,
    "time": "amc",
    "revenue": 1302000000,
    "revenueEstimated": 1282760000,
    "updatedFromDate": "2025-04-24",
    "fiscalDateEnding": "2023-03-31"
  },
  {
    "date": "2023-02-08",
    "symbol": "EFX",
    "eps": 1.52,
    "epsEstimated": 1.48,
    "time": "amc",
    "revenue": 1197900000,
    "revenueEstimated": 1184873235,
    "updatedFromDate": "2025-04-24",
    "fiscalDateEnding": "2022-12-31"
  },
  {
    "date": "2022-10-19",
    "symbol": "EFX",
    "eps": 1.73,
    "epsEstimated": 1.63,
    "time": "amc",
    "revenue": 1244300000,
    "revenueEstimated": 1215317258,
    "updatedFromDate": "2025-04-24",
    "fiscalDateEnding": "2022-09-30"
  },
  {
    "date": "2022-07-20",
    "symbol": "EFX",
    "eps": 2.09,
    "epsEstimated": 2,
    "time": "amc",
    "revenue": 1316700000,
    "revenueEstimated": 1316926328,
    "updatedFromDate": "2025-04-24",
    "fiscalDateEnding": "2022-06-30"
  },
  {
    "date": "2022-04-20",
    "symbol": "EFX",
    "eps": 2.22,
    "epsEstimated": 2.14,
    "time": "amc",
    "revenue": 1363200000,
    "revenueEstimated": 1332226935,
    "updatedFromDate": "2025-04-24",
    "fiscalDateEnding": "2022-03-31"
  },
  {
    "date": "2022-02-09",
    "symbol": "EFX",
    "eps": 1.84,
    "epsEstimated": 1.81,
    "time": "amc",
    "revenue": 1253200000,
    "revenueEstimated": 1249120646,
    "updatedFromDate": "2025-04-24",
    "fiscalDateEnding": "2021-12-31"
  },
  {
    "date": "2021-10-20",
    "symbol": "EFX",
    "eps": 1.85,
    "epsEstimated": 1.72,
    "time": "amc",
    "revenue": 1222900000,
    "revenueEstimated": 1180700000,
    "updatedFromDate": "2025-04-24",
    "fiscalDateEnding": "2021-09-30"
  },
  {
    "date": "2021-07-21",
    "symbol": "EFX",
    "eps": 1.98,
    "epsEstimated": 1.71,
    "time": "amc",
    "revenue": 1234800000,
    "revenueEstimated": 1180430000,
    "updatedFromDate": "2025-04-24",
    "fiscalDateEnding": "2021-06-30"
  },
  {
    "date": "2021-04-21",
    "symbol": "EFX",
    "eps": 1.97,
    "epsEstimated": 1.55,
    "time": "amc",
    "revenue": 1213000000,
    "revenueEstimated": 1115590000,
    "updatedFromDate": "2025-04-24",
    "fiscalDateEnding": "2021-03-31"
  },
  {
    "date": "2021-02-10",
    "symbol": "EFX",
    "eps": 2,
    "epsEstimated": 1.83,
    "time": "amc",
    "revenue": 1118500000,
    "revenueEstimated": 1079500000,
    "updatedFromDate": "2025-04-24",
    "fiscalDateEnding": "2020-12-31"
  },
  {
    "date": "2020-10-21",
    "symbol": "EFX",
    "eps": 1.87,
    "epsEstimated": 1.6,
    "time": "amc",
    "revenue": 1068300000,
    "revenueEstimated": 914053475,
    "updatedFromDate": "2025-04-24",
    "fiscalDateEnding": "2020-09-30"
  },
  {
    "date": "2020-07-22",
    "symbol": "EFX",
    "eps": 1.6,
    "epsEstimated": 1.31,
    "time": "amc",
    "revenue": 982800000,
    "revenueEstimated": 798525000,
    "updatedFromDate": "2025-04-24",
    "fiscalDateEnding": "2020-06-30"
  },
  {
    "date": "2020-04-20",
    "symbol": "EFX",
    "eps": 1.4,
    "epsEstimated": 1.29,
    "time": "amc",
    "revenue": 957900000,
    "revenueEstimated": 882636428,
    "updatedFromDate": "2025-04-24",
    "fiscalDateEnding": "2020-03-31"
  },
  {
    "date": "2020-02-12",
    "symbol": "EFX",
    "eps": 1.53,
    "epsEstimated": 1.49,
    "time": "amc",
    "revenue": 905800000,
    "revenueEstimated": 882118954,
    "updatedFromDate": "2025-04-24",
    "fiscalDateEnding": "2019-12-31"
  },
  {
    "date": "2019-10-23",
    "symbol": "EFX",
    "eps": 1.48,
    "epsEstimated": 1.44,
    "time": "amc",
    "revenue": 875700000,
    "revenueEstimated": 852032432,
    "updatedFromDate": "2025-04-24",
    "fiscalDateEnding": "2019-09-30"
  },
  {
    "date": "2019-07-24",
    "symbol": "EFX",
    "eps": 1.4,
    "epsEstimated": 1.36,
    "time": "amc",
    "revenue": 880000000,
    "revenueEstimated": 854857142,
    "updatedFromDate": "2025-04-24",
    "fiscalDateEnding": "2019-06-30"
  },
  {
    "date": "2019-05-10",
    "symbol": "EFX",
    "eps": 1.2,
    "epsEstimated": 1.19,
    "time": "amc",
    "revenue": 846100000,
    "revenueEstimated": 867252499,
    "updatedFromDate": "2025-04-24",
    "fiscalDateEnding": "2019-03-31"
  },
  {
    "date": "2019-02-20",
    "symbol": "EFX",
    "eps": 1.38,
    "epsEstimated": 1.32,
    "time": "bmo",
    "revenue": 835300000,
    "revenueEstimated": 798982608,
    "updatedFromDate": "2025-04-24",
    "fiscalDateEnding": "2018-12-31"
  },
  {
    "date": "2018-10-24",
    "symbol": "EFX",
    "eps": 1.41,
    "epsEstimated": 1.42,
    "time": "amc",
    "revenue": 834200000,
    "revenueEstimated": 840116312,
    "updatedFromDate": "2025-04-24",
    "fiscalDateEnding": "2018-09-30"
  },
  {
    "date": "2018-07-25",
    "symbol": "EFX",
    "eps": 1.56,
    "epsEstimated": 1.54,
    "time": "amc",
    "revenue": 876900000,
    "revenueEstimated": 865657692,
    "updatedFromDate": "2025-04-24",
    "fiscalDateEnding": "2018-06-30"
  },
  {
    "date": "2018-04-25",
    "symbol": "EFX",
    "eps": 1.43,
    "epsEstimated": 1.37,
    "time": "amc",
    "revenue": 865700000,
    "revenueEstimated": 829376923,
    "updatedFromDate": "2025-04-24",
    "fiscalDateEnding": "2018-03-31"
  },
  {
    "date": "2018-03-01",
    "symbol": "EFX",
    "eps": 1.39,
    "epsEstimated": 1.35,
    "time": "bmo",
    "revenue": 838400000,
    "revenueEstimated": 840787769,
    "updatedFromDate": "2025-04-24",
    "fiscalDateEnding": "2017-12-31"
  },
  {
    "date": "2017-11-09",
    "symbol": "EFX",
    "eps": 1.53,
    "epsEstimated": 1.49,
    "time": "bmo",
    "revenue": 834800000,
    "revenueEstimated": 812975163,
    "updatedFromDate": "2025-04-24",
    "fiscalDateEnding": "2017-09-30"
  },
  {
    "date": "2017-07-26",
    "symbol": "EFX",
    "eps": 1.6,
    "epsEstimated": 1.57,
    "time": "amc",
    "revenue": 856700000,
    "revenueEstimated": 840636875,
    "updatedFromDate": "2025-04-24",
    "fiscalDateEnding": "2017-06-30"
  },
  {
    "date": "2017-04-26",
    "symbol": "EFX",
    "eps": 1.44,
    "epsEstimated": 1.41,
    "time": "amc",
    "revenue": 832200000,
    "revenueEstimated": 814862500,
    "updatedFromDate": "2025-04-24",
    "fiscalDateEnding": "2017-03-31"
  },
  {
    "date": "2017-02-08",
    "symbol": "EFX",
    "eps": 1.42,
    "epsEstimated": 1.38,
    "time": "amc",
    "revenue": 801100000,
    "revenueEstimated": 772892253,
    "updatedFromDate": "2025-04-24",
    "fiscalDateEnding": "2016-12-31"
  },
  {
    "date": "2016-10-26",
    "symbol": "EFX",
    "eps": 1.44,
    "epsEstimated": 1.36,
    "time": "amc",
    "revenue": 804100000,
    "revenueEstimated": 759427777,
    "updatedFromDate": "2025-04-24",
    "fiscalDateEnding": "2016-09-30"
  },
  {
    "date": "2016-07-27",
    "symbol": "EFX",
    "eps": 1.43,
    "epsEstimated": 1.36,
    "time": "amc",
    "revenue": 811300000,
    "revenueEstimated": 771586013,
    "updatedFromDate": "2025-04-24",
    "fiscalDateEnding": "2016-06-30"
  }
]