[
  {
    "date": "2025-10-29",
    "symbol": "EG",
    "eps": null,
    "epsEstimated": 9.03,
    "time": "amc",
    "revenue": null,
    "revenueEstimated": 3864000000,
    "updatedFromDate": "2025-10-02",
    "fiscalDateEnding": "2025-09-30"
  },
  {
    "date": "2025-07-30",
    "symbol": "EG",
    "eps": 17.36,
    "epsEstimated": 15.14,
    "time": "amc",
    "revenue": 4404000000,
    "revenueEstimated": 3887000000,
    "updatedFromDate": "2025-10-02",
    "fiscalDateEnding": "2025-06-30"
  },
  {
    "date": "2025-04-30",
    "symbol": "EG",
    "eps": 6.45,
    "epsEstimated": 7.59,
    "time": "amc",
    "revenue": 4263000000,
    "revenueEstimated": 4209787398,
    "updatedFromDate": "2025-07-29",
    "fiscalDateEnding": "2025-03-31"
  },
  {
    "date": "2025-02-03",
    "symbol": "EG",
    "eps": -18.39,
    "epsEstimated": 11.64,
    "time": "amc",
    "revenue": 4614000000,
    "revenueEstimated": 4157000000,
    "updatedFromDate": "2025-05-03",
    "fiscalDateEnding": "2024-12-31"
  },
  {
    "date": "2024-10-30",
    "symbol": "EG",
    "eps": 14.62,
    "epsEstimated": 11.91,
    "time": "amc",
    "revenue": 4285000000,
    "revenueEstimated": 4334547493,
    "updatedFromDate": "2025-04-24",
    "fiscalDateEnding": "2024-09-30"
  },
  {
    "date": "2024-07-31",
    "symbol": "EG",
    "eps": 16.85,
    "epsEstimated": 16.59,
    "time": "amc",
    "revenue": 4227000000,
    "revenueEstimated": 4319442183,
    "updatedFromDate": "2025-04-24",
    "fiscalDateEnding": "2024-06-30"
  },
  {
    "date": "2024-04-29",
    "symbol": "EG",
    "eps": 16.32,
    "epsEstimated": 16.01,
    "time": "amc",
    "revenue": 4133000000,
    "revenueEstimated": 4054073403,
    "updatedFromDate": "2025-04-24",
    "fiscalDateEnding": "2024-03-31"
  },
  {
    "date": "2024-02-07",
    "symbol": "EG",
    "eps": 25.18,
    "epsEstimated": 14.63,
    "time": "amc",
    "revenue": 3659000000,
    "revenueEstimated": 3763190000,
    "updatedFromDate": "2025-04-24",
    "fiscalDateEnding": "2023-12-31"
  },
  {
    "date": "2023-10-25",
    "symbol": "EG",
    "eps": 14.14,
    "epsEstimated": 10.6,
    "time": "amc",
    "revenue": 3991000000,
    "revenueEstimated": 3595940000,
    "updatedFromDate": "2025-04-24",
    "fiscalDateEnding": "2023-09-30"
  },
  {
    "date": "2023-07-26",
    "symbol": "EG",
    "eps": 15.21,
    "epsEstimated": 11.64,
    "time": "amc",
    "revenue": 3651000000,
    "revenueEstimated": 3669600000,
    "updatedFromDate": "2025-04-24",
    "fiscalDateEnding": "2023-06-30"
  },
  {
    "date": "2023-05-02",
    "symbol": "EG",
    "eps": 11.31,
    "epsEstimated": 12.51,
    "time": "bmo",
    "revenue": 3300000000,
    "revenueEstimated": 3372261236,
    "updatedFromDate": "2025-04-24",
    "fiscalDateEnding": "2023-03-31"
  },
  {
    "date": "2023-02-08",
    "symbol": "EG",
    "eps": 12.21,
    "epsEstimated": 9.29,
    "time": "bmo",
    "revenue": 3274000000,
    "revenueEstimated": 3275446676,
    "updatedFromDate": "2025-04-24",
    "fiscalDateEnding": "2022-12-31"
  },
  {
    "date": "2022-09-30",
    "symbol": "EG",
    "eps": -8.22165,
    "epsEstimated": -4.94692,
    "time": "amc",
    "revenue": 3115000000,
    "revenueEstimated": 3346786447,
    "updatedFromDate": "2025-04-24",
    "fiscalDateEnding": "2022-09-30"
  },
  {
    "date": "2022-06-30",
    "symbol": "EG",
    "eps": 3.11,
    "epsEstimated": 8.06,
    "time": "amc",
    "revenue": 2834613000,
    "revenueEstimated": 3107634960,
    "updatedFromDate": "2025-04-24",
    "fiscalDateEnding": "2022-06-30"
  },
  {
    "date": "2022-03-31",
    "symbol": "EG",
    "eps": 7.67,
    "epsEstimated": 9.42,
    "time": "amc",
    "revenue": 2896331000,
    "revenueEstimated": 3110634909,
    "updatedFromDate": "2025-04-24",
    "fiscalDateEnding": "2022-03-31"
  },
  {
    "date": "2021-12-31",
    "symbol": "EG",
    "eps": 10.99,
    "epsEstimated": null,
    "time": "amc",
    "revenue": 3048129000,
    "revenueEstimated": null,
    "updatedFromDate": "2025-04-24",
    "fiscalDateEnding": "2021-12-31"
  },
  {
    "date": "2021-09-30",
    "symbol": "EG",
    "eps": -1.87418,
    "epsEstimated": 8.92,
    "time": "amc",
    "revenue": 2786705000,
    "revenueEstimated": 2937038594,
    "updatedFromDate": "2025-04-24",
    "fiscalDateEnding": "2021-09-30"
  },
  {
    "date": "2021-06-30",
    "symbol": "EG",
    "eps": 17.19,
    "epsEstimated": null,
    "time": "amc",
    "revenue": 2836724000,
    "revenueEstimated": null,
    "updatedFromDate": "2025-04-24",
    "fiscalDateEnding": "2021-06-30"
  },
  {
    "date": "2021-03-31",
    "symbol": "EG",
    "eps": 8.63,
    "epsEstimated": null,
    "time": "amc",
    "revenue": 2743773000,
    "revenueEstimated": null,
    "updatedFromDate": "2025-04-24",
    "fiscalDateEnding": "2021-03-31"
  },
  {
    "date": "2020-12-31",
    "symbol": "EG",
    "eps": 1.61,
    "epsEstimated": null,
    "time": "amc",
    "revenue": 2670638000,
    "revenueEstimated": null,
    "updatedFromDate": "2025-04-24",
    "fiscalDateEnding": "2020-12-31"
  },
  {
    "date": "2020-09-30",
    "symbol": "EG",
    "eps": 6.14,
    "epsEstimated": null,
    "time": "amc",
    "revenue": 2610184000,
    "revenueEstimated": null,
    "updatedFromDate": "2025-04-24",
    "fiscalDateEnding": "2020-09-30"
  },
  {
    "date": "2020-06-30",
    "symbol": "EG",
    "eps": 4.83,
    "epsEstimated": null,
    "time": "amc",
    "revenue": 2244515000,
    "revenueEstimated": null,
    "updatedFromDate": "2025-04-24",
    "fiscalDateEnding": "2020-06-30"
  },
  {
    "date": "2020-03-31",
    "symbol": "EG",
    "eps": 0.4122,
    "epsEstimated": null,
    "time": "amc",
    "revenue": 1982016000,
    "revenueEstimated": null,
    "updatedFromDate": "2025-04-24",
    "fiscalDateEnding": "2020-03-31"
  },
  {
    "date": "2019-12-31",
    "symbol": "EG",
    "eps": 5.32,
    "epsEstimated": null,
    "time": "amc",
    "revenue": 2214086000,
    "revenueEstimated": null,
    "updatedFromDate": "2025-04-24",
    "fiscalDateEnding": "2019-12-31"
  },
  {
    "date": "2019-09-30",
    "symbol": "EG",
    "eps": 2.56,
    "epsEstimated": null,
    "time": "amc",
    "revenue": 2042520000,
    "revenueEstimated": null,
    "updatedFromDate": "2025-04-24",
    "fiscalDateEnding": "2019-09-30"
  },
  {
    "date": "2019-06-30",
    "symbol": "EG",
    "eps": 8.39,
    "epsEstimated": null,
    "time": "amc",
    "revenue": 2018975000,
    "revenueEstimated": null,
    "updatedFromDate": "2025-04-24",
    "fiscalDateEnding": "2019-06-30"
  },
  {
    "date": "2019-03-31",
    "symbol": "EG",
    "eps": 8.54,
    "epsEstimated": null,
    "time": "amc",
    "revenue": 1960083000,
    "revenueEstimated": null,
    "updatedFromDate": "2025-04-24",
    "fiscalDateEnding": "2019-03-31"
  },
  {
    "date": "2018-12-31",
    "symbol": "EG",
    "eps": -9.5,
    "epsEstimated": null,
    "time": "amc",
    "revenue": 1794697000,
    "revenueEstimated": null,
    "updatedFromDate": "2025-04-24",
    "fiscalDateEnding": "2018-12-31"
  },
  {
    "date": "2018-09-30",
    "symbol": "EG",
    "eps": 5.02,
    "epsEstimated": null,
    "time": "amc",
    "revenue": 1944413000,
    "revenueEstimated": null,
    "updatedFromDate": "2025-04-24",
    "fiscalDateEnding": "2018-09-30"
  },
  {
    "date": "2018-06-30",
    "symbol": "EG",
    "eps": 1.7,
    "epsEstimated": null,
    "time": "amc",
    "revenue": 1892939000,
    "revenueEstimated": null,
    "updatedFromDate": "2025-04-24",
    "fiscalDateEnding": "2018-06-30"
  },
  {
    "date": "2018-03-31",
    "symbol": "EG",
    "eps": 5.11,
    "epsEstimated": null,
    "time": "amc",
    "revenue": 1745157000,
    "revenueEstimated": null,
    "updatedFromDate": "2025-04-24",
    "fiscalDateEnding": "2018-03-31"
  },
  {
    "date": "2017-12-31",
    "symbol": "EG",
    "eps": 13.85,
    "epsEstimated": null,
    "time": "amc",
    "revenue": 1867211000,
    "revenueEstimated": null,
    "updatedFromDate": "2025-04-24",
    "fiscalDateEnding": "2017-12-31"
  },
  {
    "date": "2017-09-30",
    "symbol": "EG",
    "eps": -15.73,
    "epsEstimated": null,
    "time": "amc",
    "revenue": 1725471000,
    "revenueEstimated": null,
    "updatedFromDate": "2025-04-24",
    "fiscalDateEnding": "2017-09-30"
  },
  {
    "date": "2017-06-30",
    "symbol": "EG",
    "eps": 5.95,
    "epsEstimated": null,
    "time": "amc",
    "revenue": 1530611000,
    "revenueEstimated": null,
    "updatedFromDate": "2025-04-24",
    "fiscalDateEnding": "2017-06-30"
  },
  {
    "date": "2017-03-31",
    "symbol": "EG",
    "eps": 7.07,
    "epsEstimated": null,
    "time": "amc",
    "revenue": 1484778000,
    "revenueEstimated": null,
    "updatedFromDate": "2025-04-24",
    "fiscalDateEnding": "2017-03-31"
  },
  {
    "date": "2016-12-31",
    "symbol": "EG",
    "eps": 9.08,
    "epsEstimated": null,
    "time": "amc",
    "revenue": 1613960000,
    "revenueEstimated": null,
    "updatedFromDate": "2025-04-24",
    "fiscalDateEnding": "2016-12-31"
  },
  {
    "date": "2016-09-30",
    "symbol": "EG",
    "eps": 7.06,
    "epsEstimated": null,
    "time": "amc",
    "revenue": 1510456000,
    "revenueEstimated": null,
    "updatedFromDate": "2025-04-24",
    "fiscalDateEnding": "2016-09-30"
  },
  {
    "date": "2016-06-30",
    "symbol": "EG",
    "eps": 3.67,
    "epsEstimated": null,
    "time": "amc",
    "revenue": 1427884000,
    "revenueEstimated": null,
    "updatedFromDate": "2025-04-24",
    "fiscalDateEnding": "2016-06-30"
  },
  {
    "date": "2016-03-31",
    "symbol": "EG",
    "eps": 4,
    "epsEstimated": null,
    "time": "amc",
    "revenue": 1242046000,
    "revenueEstimated": null,
    "updatedFromDate": "2025-04-24",
    "fiscalDateEnding": "2016-03-31"
  },
  {
    "date": "2015-12-31",
    "symbol": "EG",
    "eps": 8.26,
    "epsEstimated": null,
    "time": "amc",
    "revenue": 1561952000,
    "revenueEstimated": null,
    "updatedFromDate": "2025-04-24",
    "fiscalDateEnding": "2015-12-31"
  }
]