[
  {
    "date": "2026-04-27",
    "symbol": "EIX",
    "eps": null,
    "epsEstimated": null,
    "time": "amc",
    "revenue": null,
    "revenueEstimated": null,
    "updatedFromDate": "2025-10-02",
    "fiscalDateEnding": "2026-03-30"
  },
  {
    "date": "2026-02-25",
    "symbol": "EIX",
    "eps": null,
    "epsEstimated": null,
    "time": "amc",
    "revenue": null,
    "revenueEstimated": null,
    "updatedFromDate": "2025-10-02",
    "fiscalDateEnding": "2025-12-30"
  },
  {
    "date": "2025-10-28",
    "symbol": "EIX",
    "eps": null,
    "epsEstimated": 1.24,
    "time": "amc",
    "revenue": null,
    "revenueEstimated": 5309824340,
    "updatedFromDate": "2025-10-02",
    "fiscalDateEnding": "2025-09-30"
  },
  {
    "date": "2025-07-31",
    "symbol": "EIX",
    "eps": 0.97,
    "epsEstimated": 0.909,
    "time": "amc",
    "revenue": 4543000000,
    "revenueEstimated": 4200919148,
    "updatedFromDate": "2025-10-02",
    "fiscalDateEnding": "2025-06-30"
  },
  {
    "date": "2025-04-29",
    "symbol": "EIX",
    "eps": 1.37,
    "epsEstimated": 1.22,
    "time": "amc",
    "revenue": 3811000000,
    "revenueEstimated": 4259963402,
    "updatedFromDate": "2025-07-29",
    "fiscalDateEnding": "2025-03-31"
  },
  {
    "date": "2025-02-27",
    "symbol": "EIX",
    "eps": 1.05,
    "epsEstimated": 1.09,
    "time": "amc",
    "revenue": 3984000000,
    "revenueEstimated": 3923416310,
    "updatedFromDate": "2025-05-27",
    "fiscalDateEnding": "2024-12-31"
  },
  {
    "date": "2024-10-29",
    "symbol": "EIX",
    "eps": 1.51,
    "epsEstimated": 1.38,
    "time": "amc",
    "revenue": 5201000000,
    "revenueEstimated": 5008606542,
    "updatedFromDate": "2025-04-25",
    "fiscalDateEnding": "2024-09-30"
  },
  {
    "date": "2024-07-25",
    "symbol": "EIX",
    "eps": 1.23,
    "epsEstimated": 1.07,
    "time": "amc",
    "revenue": 4336000000,
    "revenueEstimated": 4122055768,
    "updatedFromDate": "2025-04-25",
    "fiscalDateEnding": "2024-06-30"
  },
  {
    "date": "2024-04-30",
    "symbol": "EIX",
    "eps": 1.13,
    "epsEstimated": 1.11,
    "time": "amc",
    "revenue": 4078000000,
    "revenueEstimated": 4155101351,
    "updatedFromDate": "2025-04-25",
    "fiscalDateEnding": "2024-03-31"
  },
  {
    "date": "2024-02-22",
    "symbol": "EIX",
    "eps": 1.28,
    "epsEstimated": 1.22,
    "time": "amc",
    "revenue": 3706000000,
    "revenueEstimated": 4093730000,
    "updatedFromDate": "2025-04-25",
    "fiscalDateEnding": "2023-12-31"
  },
  {
    "date": "2023-11-01",
    "symbol": "EIX",
    "eps": 1.38,
    "epsEstimated": 1.46,
    "time": "amc",
    "revenue": 4702000000,
    "revenueEstimated": 5715470000,
    "updatedFromDate": "2025-04-25",
    "fiscalDateEnding": "2023-09-30"
  },
  {
    "date": "2023-07-27",
    "symbol": "EIX",
    "eps": 1.01,
    "epsEstimated": 0.96,
    "time": "amc",
    "revenue": 3964000000,
    "revenueEstimated": 5763570000,
    "updatedFromDate": "2025-04-25",
    "fiscalDateEnding": "2023-06-30"
  },
  {
    "date": "2023-05-02",
    "symbol": "EIX",
    "eps": 1.09,
    "epsEstimated": 1.04,
    "time": "amc",
    "revenue": 3966000000,
    "revenueEstimated": 4250000000,
    "updatedFromDate": "2025-04-25",
    "fiscalDateEnding": "2023-03-31"
  },
  {
    "date": "2023-02-23",
    "symbol": "EIX",
    "eps": 1.15,
    "epsEstimated": 1.1,
    "time": "amc",
    "revenue": 4016000000,
    "revenueEstimated": 3159001619,
    "updatedFromDate": "2025-04-25",
    "fiscalDateEnding": "2022-12-31"
  },
  {
    "date": "2022-11-01",
    "symbol": "EIX",
    "eps": 1.48,
    "epsEstimated": 1.48,
    "time": "amc",
    "revenue": 5228000000,
    "revenueEstimated": 5072004222,
    "updatedFromDate": "2025-04-25",
    "fiscalDateEnding": "2022-09-30"
  },
  {
    "date": "2022-07-28",
    "symbol": "EIX",
    "eps": 0.94,
    "epsEstimated": 0.9,
    "time": "amc",
    "revenue": 4008000000,
    "revenueEstimated": 3550720337,
    "updatedFromDate": "2025-04-25",
    "fiscalDateEnding": "2022-06-30"
  },
  {
    "date": "2022-05-03",
    "symbol": "EIX",
    "eps": 1.07,
    "epsEstimated": 0.74,
    "time": "amc",
    "revenue": 3968000000,
    "revenueEstimated": 3286829636,
    "updatedFromDate": "2025-04-25",
    "fiscalDateEnding": "2022-03-31"
  },
  {
    "date": "2022-02-24",
    "symbol": "EIX",
    "eps": 1.16,
    "epsEstimated": 1.04,
    "time": "amc",
    "revenue": 3331000000,
    "revenueEstimated": 3331881808,
    "updatedFromDate": "2025-04-25",
    "fiscalDateEnding": "2021-12-31"
  },
  {
    "date": "2021-11-02",
    "symbol": "EIX",
    "eps": 1.69,
    "epsEstimated": 1.76,
    "time": "amc",
    "revenue": 5299000000,
    "revenueEstimated": 4796600000,
    "updatedFromDate": "2025-04-25",
    "fiscalDateEnding": "2021-09-30"
  },
  {
    "date": "2021-07-29",
    "symbol": "EIX",
    "eps": 0.94,
    "epsEstimated": 1.02,
    "time": "amc",
    "revenue": 3315000000,
    "revenueEstimated": 3292620000,
    "updatedFromDate": "2025-04-25",
    "fiscalDateEnding": "2021-06-30"
  },
  {
    "date": "2021-04-27",
    "symbol": "EIX",
    "eps": 0.79,
    "epsEstimated": 0.72,
    "time": "amc",
    "revenue": 2960000000,
    "revenueEstimated": 3246440000,
    "updatedFromDate": "2025-04-25",
    "fiscalDateEnding": "2021-03-31"
  },
  {
    "date": "2021-02-25",
    "symbol": "EIX",
    "eps": 1.19,
    "epsEstimated": 1.2,
    "time": "amc",
    "revenue": 3157000000,
    "revenueEstimated": 3183308333,
    "updatedFromDate": "2025-04-25",
    "fiscalDateEnding": "2020-12-31"
  },
  {
    "date": "2020-10-27",
    "symbol": "EIX",
    "eps": 1.67,
    "epsEstimated": 1.44,
    "time": "amc",
    "revenue": 4644000000,
    "revenueEstimated": 4087832335,
    "updatedFromDate": "2025-04-25",
    "fiscalDateEnding": "2020-09-30"
  },
  {
    "date": "2020-07-28",
    "symbol": "EIX",
    "eps": 1,
    "epsEstimated": 1.11,
    "time": "amc",
    "revenue": 2987000000,
    "revenueEstimated": 3315570000,
    "updatedFromDate": "2025-04-25",
    "fiscalDateEnding": "2020-06-30"
  },
  {
    "date": "2020-04-30",
    "symbol": "EIX",
    "eps": 0.63,
    "epsEstimated": 0.79,
    "time": "amc",
    "revenue": 2790000000,
    "revenueEstimated": 3498571428,
    "updatedFromDate": "2025-04-25",
    "fiscalDateEnding": "2020-03-31"
  },
  {
    "date": "2020-02-27",
    "symbol": "EIX",
    "eps": 0.99,
    "epsEstimated": 1.04,
    "time": "amc",
    "revenue": 2970000000,
    "revenueEstimated": 3000000000,
    "updatedFromDate": "2025-04-25",
    "fiscalDateEnding": "2019-12-31"
  },
  {
    "date": "2019-10-29",
    "symbol": "EIX",
    "eps": 1.5,
    "epsEstimated": 1.58,
    "time": "amc",
    "revenue": 3741000000,
    "revenueEstimated": 3940520000,
    "updatedFromDate": "2025-04-25",
    "fiscalDateEnding": "2019-09-30"
  },
  {
    "date": "2019-07-25",
    "symbol": "EIX",
    "eps": 1.58,
    "epsEstimated": 1.15,
    "time": "amc",
    "revenue": 2812000000,
    "revenueEstimated": 2011113924,
    "updatedFromDate": "2025-04-25",
    "fiscalDateEnding": "2019-06-30"
  },
  {
    "date": "2019-04-30",
    "symbol": "EIX",
    "eps": 0.63,
    "epsEstimated": 0.87,
    "time": "amc",
    "revenue": 2824000000,
    "revenueEstimated": 3899809523,
    "updatedFromDate": "2025-04-25",
    "fiscalDateEnding": "2019-03-31"
  },
  {
    "date": "2019-02-28",
    "symbol": "EIX",
    "eps": 0.94,
    "epsEstimated": 1,
    "time": "amc",
    "revenue": 3009000000,
    "revenueEstimated": 3073021276,
    "updatedFromDate": "2025-04-25",
    "fiscalDateEnding": "2018-12-31"
  },
  {
    "date": "2018-10-30",
    "symbol": "EIX",
    "eps": 1.56,
    "epsEstimated": 1.29,
    "time": "amc",
    "revenue": 4269000000,
    "revenueEstimated": 3530134615,
    "updatedFromDate": "2025-04-25",
    "fiscalDateEnding": "2018-09-30"
  },
  {
    "date": "2018-07-26",
    "symbol": "EIX",
    "eps": 0.84,
    "epsEstimated": 0.83,
    "time": "amc",
    "revenue": 2815000000,
    "revenueEstimated": 2781488095,
    "updatedFromDate": "2025-04-25",
    "fiscalDateEnding": "2018-06-30"
  },
  {
    "date": "2018-05-01",
    "symbol": "EIX",
    "eps": 0.8,
    "epsEstimated": 0.9,
    "time": "amc",
    "revenue": 2564000000,
    "revenueEstimated": 2916550000,
    "updatedFromDate": "2025-04-25",
    "fiscalDateEnding": "2018-03-31"
  },
  {
    "date": "2018-02-22",
    "symbol": "EIX",
    "eps": 1.1,
    "epsEstimated": 0.93,
    "time": "amc",
    "revenue": 3220000000,
    "revenueEstimated": 2693090909,
    "updatedFromDate": "2025-04-25",
    "fiscalDateEnding": "2017-12-31"
  },
  {
    "date": "2017-10-30",
    "symbol": "EIX",
    "eps": 1.43,
    "epsEstimated": 1.33,
    "time": "amc",
    "revenue": 3672000000,
    "revenueEstimated": 3415216783,
    "updatedFromDate": "2025-04-25",
    "fiscalDateEnding": "2017-09-30"
  },
  {
    "date": "2017-07-27",
    "symbol": "EIX",
    "eps": 0.85,
    "epsEstimated": 0.92,
    "time": "amc",
    "revenue": 2965000000,
    "revenueEstimated": 3209176470,
    "updatedFromDate": "2025-04-25",
    "fiscalDateEnding": "2017-06-30"
  },
  {
    "date": "2017-05-01",
    "symbol": "EIX",
    "eps": 1.1,
    "epsEstimated": 0.9,
    "time": "amc",
    "revenue": 2463000000,
    "revenueEstimated": 2015181818,
    "updatedFromDate": "2025-04-25",
    "fiscalDateEnding": "2017-03-31"
  },
  {
    "date": "2017-02-21",
    "symbol": "EIX",
    "eps": 1.02,
    "epsEstimated": 0.95,
    "time": "amc",
    "revenue": 2884000000,
    "revenueEstimated": 2686078431,
    "updatedFromDate": "2025-04-25",
    "fiscalDateEnding": "2016-12-31"
  },
  {
    "date": "2016-11-01",
    "symbol": "EIX",
    "eps": 1.34,
    "epsEstimated": 1.27,
    "time": "amc",
    "revenue": 3767000000,
    "revenueEstimated": 3570216417,
    "updatedFromDate": "2025-04-25",
    "fiscalDateEnding": "2016-09-30"
  },
  {
    "date": "2016-07-28",
    "symbol": "EIX",
    "eps": 0.85,
    "epsEstimated": 0.97,
    "time": "amc",
    "revenue": 2777000000,
    "revenueEstimated": 3169047058,
    "updatedFromDate": "2025-04-25",
    "fiscalDateEnding": "2016-06-30"
  }
]