[
  {
    "date": "2026-04-29",
    "symbol": "EL",
    "eps": null,
    "epsEstimated": null,
    "time": "bmo",
    "revenue": null,
    "revenueEstimated": null,
    "updatedFromDate": "2025-10-02",
    "fiscalDateEnding": "2026-03-30"
  },
  {
    "date": "2026-02-02",
    "symbol": "EL",
    "eps": null,
    "epsEstimated": null,
    "time": "bmo",
    "revenue": null,
    "revenueEstimated": null,
    "updatedFromDate": "2025-10-02",
    "fiscalDateEnding": "2025-12-30"
  },
  {
    "date": "2025-10-30",
    "symbol": "EL",
    "eps": null,
    "epsEstimated": 0.15,
    "time": "bmo",
    "revenue": null,
    "revenueEstimated": 3375677780,
    "updatedFromDate": "2025-10-02",
    "fiscalDateEnding": "2025-09-30"
  },
  {
    "date": "2025-08-20",
    "symbol": "EL",
    "eps": 0.09,
    "epsEstimated": 0.08633,
    "time": "bmo",
    "revenue": 3407000000,
    "revenueEstimated": 3394839121,
    "updatedFromDate": "2025-10-02",
    "fiscalDateEnding": "2025-06-30"
  },
  {
    "date": "2025-05-01",
    "symbol": "EL",
    "eps": 0.65,
    "epsEstimated": 0.3127,
    "time": "bmo",
    "revenue": 3550000000,
    "revenueEstimated": 3515675794,
    "updatedFromDate": "2025-08-01",
    "fiscalDateEnding": "2025-03-31"
  },
  {
    "date": "2025-02-04",
    "symbol": "EL",
    "eps": 0.62,
    "epsEstimated": 0.31,
    "time": "bmo",
    "revenue": 4004000000,
    "revenueEstimated": 3977468681,
    "updatedFromDate": "2025-05-04",
    "fiscalDateEnding": "2024-12-31"
  },
  {
    "date": "2024-10-31",
    "symbol": "EL",
    "eps": 0.14,
    "epsEstimated": 0.08869,
    "time": "bmo",
    "revenue": 3361000000,
    "revenueEstimated": 3370422368,
    "updatedFromDate": "2025-04-25",
    "fiscalDateEnding": "2024-09-30"
  },
  {
    "date": "2024-08-19",
    "symbol": "EL",
    "eps": 0.64,
    "epsEstimated": 0.2721,
    "time": "bmo",
    "revenue": 3871000000,
    "revenueEstimated": 3806595211,
    "updatedFromDate": "2025-04-25",
    "fiscalDateEnding": "2024-06-30"
  },
  {
    "date": "2024-05-01",
    "symbol": "EL",
    "eps": 0.97,
    "epsEstimated": 0.49,
    "time": "bmo",
    "revenue": 3940000000,
    "revenueEstimated": 3915649100,
    "updatedFromDate": "2025-04-25",
    "fiscalDateEnding": "2024-03-31"
  },
  {
    "date": "2024-02-05",
    "symbol": "EL",
    "eps": 0.88,
    "epsEstimated": 0.55,
    "time": "bmo",
    "revenue": 4279000000,
    "revenueEstimated": 4193990000,
    "updatedFromDate": "2025-04-25",
    "fiscalDateEnding": "2023-12-31"
  },
  {
    "date": "2023-11-01",
    "symbol": "EL",
    "eps": 0.11,
    "epsEstimated": -0.2,
    "time": "bmo",
    "revenue": 3518000000,
    "revenueEstimated": 3534160000,
    "updatedFromDate": "2025-04-25",
    "fiscalDateEnding": "2023-09-30"
  },
  {
    "date": "2023-08-18",
    "symbol": "EL",
    "eps": 0.07,
    "epsEstimated": 0.0175,
    "time": "bmo",
    "revenue": 3609000000,
    "revenueEstimated": 3472000000,
    "updatedFromDate": "2025-04-25",
    "fiscalDateEnding": "2023-06-30"
  },
  {
    "date": "2023-05-03",
    "symbol": "EL",
    "eps": 0.47,
    "epsEstimated": 0.51,
    "time": "bmo",
    "revenue": 3751000000,
    "revenueEstimated": 3533260000,
    "updatedFromDate": "2025-04-25",
    "fiscalDateEnding": "2023-03-31"
  },
  {
    "date": "2023-02-02",
    "symbol": "EL",
    "eps": 1.54,
    "epsEstimated": 1.29,
    "time": "bmo",
    "revenue": 4620000000,
    "revenueEstimated": 4579853738,
    "updatedFromDate": "2025-04-25",
    "fiscalDateEnding": "2022-12-31"
  },
  {
    "date": "2022-11-02",
    "symbol": "EL",
    "eps": 1.37,
    "epsEstimated": 1.31,
    "time": "bmo",
    "revenue": 3930000000,
    "revenueEstimated": 3934117145,
    "updatedFromDate": "2025-04-25",
    "fiscalDateEnding": "2022-09-30"
  },
  {
    "date": "2022-08-18",
    "symbol": "EL",
    "eps": 0.42,
    "epsEstimated": 0.32,
    "time": "bmo",
    "revenue": 3561000000,
    "revenueEstimated": 3422699318,
    "updatedFromDate": "2025-04-25",
    "fiscalDateEnding": "2022-06-30"
  },
  {
    "date": "2022-05-03",
    "symbol": "EL",
    "eps": 1.9,
    "epsEstimated": 1.67,
    "time": "bmo",
    "revenue": 4245000000,
    "revenueEstimated": 4312784987,
    "updatedFromDate": "2025-04-25",
    "fiscalDateEnding": "2022-03-31"
  },
  {
    "date": "2022-02-03",
    "symbol": "EL",
    "eps": 3.01,
    "epsEstimated": 2.64,
    "time": "bmo",
    "revenue": 5539000000,
    "revenueEstimated": 5490085855,
    "updatedFromDate": "2025-04-25",
    "fiscalDateEnding": "2021-12-31"
  },
  {
    "date": "2021-11-02",
    "symbol": "EL",
    "eps": 1.89,
    "epsEstimated": 1.7,
    "time": "bmo",
    "revenue": 4392000000,
    "revenueEstimated": 4254870000,
    "updatedFromDate": "2025-04-25",
    "fiscalDateEnding": "2021-09-30"
  },
  {
    "date": "2021-08-19",
    "symbol": "EL",
    "eps": 0.78,
    "epsEstimated": 0.51,
    "time": "bmo",
    "revenue": 3936000000,
    "revenueEstimated": 4254870000,
    "updatedFromDate": "2025-04-25",
    "fiscalDateEnding": "2021-06-30"
  },
  {
    "date": "2021-05-03",
    "symbol": "EL",
    "eps": 1.62,
    "epsEstimated": 1.32,
    "time": "bmo",
    "revenue": 3864000000,
    "revenueEstimated": 2985818181,
    "updatedFromDate": "2025-04-25",
    "fiscalDateEnding": "2021-03-31"
  },
  {
    "date": "2021-02-05",
    "symbol": "EL",
    "eps": 2.61,
    "epsEstimated": 1.69,
    "time": "bmo",
    "revenue": 4853000000,
    "revenueEstimated": 3648364792,
    "updatedFromDate": "2025-04-25",
    "fiscalDateEnding": "2020-12-31"
  },
  {
    "date": "2020-11-02",
    "symbol": "EL",
    "eps": 1.44,
    "epsEstimated": 0.9,
    "time": "bmo",
    "revenue": 3562000000,
    "revenueEstimated": 2226250000,
    "updatedFromDate": "2025-04-25",
    "fiscalDateEnding": "2020-09-30"
  },
  {
    "date": "2020-08-20",
    "symbol": "EL",
    "eps": -0.53,
    "epsEstimated": -0.19,
    "time": "bmo",
    "revenue": 2430000000,
    "revenueEstimated": 871132075,
    "updatedFromDate": "2025-04-25",
    "fiscalDateEnding": "2020-06-30"
  },
  {
    "date": "2020-05-01",
    "symbol": "EL",
    "eps": 0.85,
    "epsEstimated": 0.72,
    "time": "bmo",
    "revenue": 3345000000,
    "revenueEstimated": 2872764705,
    "updatedFromDate": "2025-04-25",
    "fiscalDateEnding": "2020-03-31"
  },
  {
    "date": "2020-02-06",
    "symbol": "EL",
    "eps": 2.11,
    "epsEstimated": 1.91,
    "time": "bmo",
    "revenue": 4624000000,
    "revenueEstimated": 4163791469,
    "updatedFromDate": "2025-04-25",
    "fiscalDateEnding": "2019-12-31"
  },
  {
    "date": "2019-10-31",
    "symbol": "EL",
    "eps": 1.67,
    "epsEstimated": 1.6,
    "time": "bmo",
    "revenue": 3895000000,
    "revenueEstimated": 3731736526,
    "updatedFromDate": "2025-04-25",
    "fiscalDateEnding": "2019-09-30"
  },
  {
    "date": "2019-08-19",
    "symbol": "EL",
    "eps": 0.64,
    "epsEstimated": 0.53,
    "time": "bmo",
    "revenue": 3590000000,
    "revenueEstimated": 2972968750,
    "updatedFromDate": "2025-04-25",
    "fiscalDateEnding": "2019-06-30"
  },
  {
    "date": "2019-05-01",
    "symbol": "EL",
    "eps": 1.55,
    "epsEstimated": 1.3,
    "time": "bmo",
    "revenue": 3744000000,
    "revenueEstimated": 3140129032,
    "updatedFromDate": "2025-04-25",
    "fiscalDateEnding": "2019-03-31"
  },
  {
    "date": "2019-02-05",
    "symbol": "EL",
    "eps": 1.74,
    "epsEstimated": 1.55,
    "time": "bmo",
    "revenue": 4005000000,
    "revenueEstimated": 3567672413,
    "updatedFromDate": "2025-04-25",
    "fiscalDateEnding": "2018-12-31"
  },
  {
    "date": "2018-10-31",
    "symbol": "EL",
    "eps": 1.41,
    "epsEstimated": 1.22,
    "time": "bmo",
    "revenue": 3524000000,
    "revenueEstimated": 3049134751,
    "updatedFromDate": "2025-04-25",
    "fiscalDateEnding": "2018-09-30"
  },
  {
    "date": "2018-08-20",
    "symbol": "EL",
    "eps": 0.61,
    "epsEstimated": 0.56,
    "time": "bmo",
    "revenue": 3295000000,
    "revenueEstimated": 3024918032,
    "updatedFromDate": "2025-04-25",
    "fiscalDateEnding": "2018-06-30"
  },
  {
    "date": "2018-05-02",
    "symbol": "EL",
    "eps": 1.17,
    "epsEstimated": 1.07,
    "time": "bmo",
    "revenue": 3370000000,
    "revenueEstimated": 3081965811,
    "updatedFromDate": "2025-04-25",
    "fiscalDateEnding": "2018-03-31"
  },
  {
    "date": "2018-02-02",
    "symbol": "EL",
    "eps": 1.52,
    "epsEstimated": 1.44,
    "time": "bmo",
    "revenue": 3744000000,
    "revenueEstimated": 3546947368,
    "updatedFromDate": "2025-04-25",
    "fiscalDateEnding": "2017-12-31"
  },
  {
    "date": "2017-11-01",
    "symbol": "EL",
    "eps": 1.21,
    "epsEstimated": 0.97,
    "time": "bmo",
    "revenue": 3274000000,
    "revenueEstimated": 2624611570,
    "updatedFromDate": "2025-04-25",
    "fiscalDateEnding": "2017-09-30"
  },
  {
    "date": "2017-08-18",
    "symbol": "EL",
    "eps": 0.51,
    "epsEstimated": 0.43,
    "time": "bmo",
    "revenue": 2894000000,
    "revenueEstimated": 2440039215,
    "updatedFromDate": "2025-04-25",
    "fiscalDateEnding": "2017-06-30"
  },
  {
    "date": "2017-05-03",
    "symbol": "EL",
    "eps": 0.91,
    "epsEstimated": 0.73,
    "time": "bmo",
    "revenue": 2857000000,
    "revenueEstimated": 2291879120,
    "updatedFromDate": "2025-04-25",
    "fiscalDateEnding": "2017-03-31"
  },
  {
    "date": "2017-02-02",
    "symbol": "EL",
    "eps": 1.22,
    "epsEstimated": 1.17,
    "time": "bmo",
    "revenue": 3208000000,
    "revenueEstimated": 3076524590,
    "updatedFromDate": "2025-04-25",
    "fiscalDateEnding": "2016-12-31"
  },
  {
    "date": "2016-11-02",
    "symbol": "EL",
    "eps": 0.84,
    "epsEstimated": 0.8,
    "time": "bmo",
    "revenue": 2865000000,
    "revenueEstimated": 2728571428,
    "updatedFromDate": "2025-04-25",
    "fiscalDateEnding": "2016-09-30"
  },
  {
    "date": "2016-08-19",
    "symbol": "EL",
    "eps": 0.43,
    "epsEstimated": 0.4,
    "time": "bmo",
    "revenue": 2646300000,
    "revenueEstimated": 2461674418,
    "updatedFromDate": "2025-04-25",
    "fiscalDateEnding": "2016-06-30"
  }
]