[
  {
    "date": "2026-04-20",
    "symbol": "ELV",
    "eps": null,
    "epsEstimated": null,
    "time": "bmo",
    "revenue": null,
    "revenueEstimated": null,
    "updatedFromDate": "2025-10-02",
    "fiscalDateEnding": "2026-03-30"
  },
  {
    "date": "2026-01-21",
    "symbol": "ELV",
    "eps": null,
    "epsEstimated": null,
    "time": "bmo",
    "revenue": null,
    "revenueEstimated": null,
    "updatedFromDate": "2025-10-02",
    "fiscalDateEnding": "2025-12-30"
  },
  {
    "date": "2025-10-21",
    "symbol": "ELV",
    "eps": null,
    "epsEstimated": 5,
    "time": "bmo",
    "revenue": null,
    "revenueEstimated": 49262601640,
    "updatedFromDate": "2025-10-02",
    "fiscalDateEnding": "2025-09-30"
  },
  {
    "date": "2025-07-17",
    "symbol": "ELV",
    "eps": 8.84,
    "epsEstimated": 8.91,
    "time": "bmo",
    "revenue": 49776000000,
    "revenueEstimated": 48190234236,
    "updatedFromDate": "2025-10-02",
    "fiscalDateEnding": "2025-06-30"
  },
  {
    "date": "2025-04-22",
    "symbol": "ELV",
    "eps": 11.97,
    "epsEstimated": 11.41,
    "time": "bmo",
    "revenue": 48891000000,
    "revenueEstimated": 46299785774,
    "updatedFromDate": "2025-07-22",
    "fiscalDateEnding": "2025-03-31"
  },
  {
    "date": "2025-01-23",
    "symbol": "ELV",
    "eps": 3.84,
    "epsEstimated": 3.8,
    "time": "bmo",
    "revenue": 45442000000,
    "revenueEstimated": 44952541755,
    "updatedFromDate": "2025-04-25",
    "fiscalDateEnding": "2024-12-31"
  },
  {
    "date": "2024-10-17",
    "symbol": "ELV",
    "eps": 8.37,
    "epsEstimated": 9.66,
    "time": "bmo",
    "revenue": 45145000000,
    "revenueEstimated": 43467178204,
    "updatedFromDate": "2025-04-25",
    "fiscalDateEnding": "2024-09-30"
  },
  {
    "date": "2024-07-17",
    "symbol": "ELV",
    "eps": 10.12,
    "epsEstimated": 10.01,
    "time": "bmo",
    "revenue": 43646000000,
    "revenueEstimated": 42987391923,
    "updatedFromDate": "2025-04-25",
    "fiscalDateEnding": "2024-06-30"
  },
  {
    "date": "2024-04-18",
    "symbol": "ELV",
    "eps": 10.64,
    "epsEstimated": 10.53,
    "time": "bmo",
    "revenue": 42577000000,
    "revenueEstimated": 42492975670,
    "updatedFromDate": "2025-04-25",
    "fiscalDateEnding": "2024-03-31"
  },
  {
    "date": "2024-01-24",
    "symbol": "ELV",
    "eps": 5.62,
    "epsEstimated": 5.55,
    "time": "bmo",
    "revenue": 42647000000,
    "revenueEstimated": 42094400000,
    "updatedFromDate": "2025-04-25",
    "fiscalDateEnding": "2023-12-31"
  },
  {
    "date": "2023-10-18",
    "symbol": "ELV",
    "eps": 8.99,
    "epsEstimated": 8.45,
    "time": "bmo",
    "revenue": 42849000000,
    "revenueEstimated": 41974400000,
    "updatedFromDate": "2025-04-25",
    "fiscalDateEnding": "2023-09-30"
  },
  {
    "date": "2023-07-19",
    "symbol": "ELV",
    "eps": 9.04,
    "epsEstimated": 8.8,
    "time": "bmo",
    "revenue": 43672000000,
    "revenueEstimated": 41502000000,
    "updatedFromDate": "2025-04-25",
    "fiscalDateEnding": "2023-06-30"
  },
  {
    "date": "2023-04-19",
    "symbol": "ELV",
    "eps": 9.46,
    "epsEstimated": 9.26,
    "time": "bmo",
    "revenue": 42172000000,
    "revenueEstimated": 40831500000,
    "updatedFromDate": "2025-04-25",
    "fiscalDateEnding": "2023-03-31"
  },
  {
    "date": "2023-01-25",
    "symbol": "ELV",
    "eps": 5.23,
    "epsEstimated": 5.2,
    "time": "bmo",
    "revenue": 39929000000,
    "revenueEstimated": 39772849914,
    "updatedFromDate": "2025-04-25",
    "fiscalDateEnding": "2022-12-31"
  },
  {
    "date": "2022-10-19",
    "symbol": "ELV",
    "eps": 7.53,
    "epsEstimated": 7.15,
    "time": "bmo",
    "revenue": 39939000000,
    "revenueEstimated": 39292230160,
    "updatedFromDate": "2025-04-25",
    "fiscalDateEnding": "2022-09-30"
  },
  {
    "date": "2022-07-20",
    "symbol": "ELV",
    "eps": 8.04,
    "epsEstimated": 7.74,
    "time": "bmo",
    "revenue": 38632000000,
    "revenueEstimated": 37913796940,
    "updatedFromDate": "2025-04-25",
    "fiscalDateEnding": "2022-06-30"
  },
  {
    "date": "2022-04-20",
    "symbol": "ELV",
    "eps": 8.25,
    "epsEstimated": 7.81,
    "time": "bmo",
    "revenue": 38095000000,
    "revenueEstimated": 37394873729,
    "updatedFromDate": "2025-04-25",
    "fiscalDateEnding": "2022-03-31"
  },
  {
    "date": "2022-01-26",
    "symbol": "ELV",
    "eps": 5.14,
    "epsEstimated": 5.11,
    "time": "bmo",
    "revenue": 36581000000,
    "revenueEstimated": 37328000000,
    "updatedFromDate": "2025-04-25",
    "fiscalDateEnding": "2021-12-31"
  },
  {
    "date": "2021-10-20",
    "symbol": "ELV",
    "eps": 6.79,
    "epsEstimated": 6.37,
    "time": "bmo",
    "revenue": 35822000000,
    "revenueEstimated": 35302100000,
    "updatedFromDate": "2025-04-25",
    "fiscalDateEnding": "2021-09-30"
  },
  {
    "date": "2021-07-21",
    "symbol": "ELV",
    "eps": 7.03,
    "epsEstimated": 6.33,
    "time": "bmo",
    "revenue": 33851000000,
    "revenueEstimated": 35318800000,
    "updatedFromDate": "2025-04-25",
    "fiscalDateEnding": "2021-06-30"
  },
  {
    "date": "2021-04-21",
    "symbol": "ELV",
    "eps": 7.01,
    "epsEstimated": 6.51,
    "time": "bmo",
    "revenue": 32385000000,
    "revenueEstimated": 29897672811,
    "updatedFromDate": "2025-04-25",
    "fiscalDateEnding": "2021-03-31"
  },
  {
    "date": "2021-01-27",
    "symbol": "ELV",
    "eps": 2.54,
    "epsEstimated": 2.52,
    "time": "bmo",
    "revenue": 31824000000,
    "revenueEstimated": 30874300000,
    "updatedFromDate": "2025-04-25",
    "fiscalDateEnding": "2020-12-31"
  },
  {
    "date": "2020-10-28",
    "symbol": "ELV",
    "eps": 4.2,
    "epsEstimated": 4.15,
    "time": "bmo",
    "revenue": 31158000000,
    "revenueEstimated": 30787071428,
    "updatedFromDate": "2025-04-25",
    "fiscalDateEnding": "2020-09-30"
  },
  {
    "date": "2020-07-29",
    "symbol": "ELV",
    "eps": 9.2,
    "epsEstimated": 8.87,
    "time": "bmo",
    "revenue": 29264000000,
    "revenueEstimated": 28246121739,
    "updatedFromDate": "2025-04-25",
    "fiscalDateEnding": "2020-06-30"
  },
  {
    "date": "2020-04-29",
    "symbol": "ELV",
    "eps": 6.48,
    "epsEstimated": 6.48,
    "time": "bmo",
    "revenue": 29621000000,
    "revenueEstimated": 29621000000,
    "updatedFromDate": "2025-04-25",
    "fiscalDateEnding": "2020-03-31"
  },
  {
    "date": "2020-01-29",
    "symbol": "ELV",
    "eps": 3.88,
    "epsEstimated": 3.88,
    "time": "bmo",
    "revenue": 27407000000,
    "revenueEstimated": 27407000000,
    "updatedFromDate": "2025-04-25",
    "fiscalDateEnding": "2019-12-31"
  },
  {
    "date": "2019-10-23",
    "symbol": "ELV",
    "eps": 4.87,
    "epsEstimated": 4.82,
    "time": "bmo",
    "revenue": 26674000000,
    "revenueEstimated": 26400139630,
    "updatedFromDate": "2025-04-25",
    "fiscalDateEnding": "2019-09-30"
  },
  {
    "date": "2019-07-24",
    "symbol": "ELV",
    "eps": 4.64,
    "epsEstimated": 4.61,
    "time": "bmo",
    "revenue": 25466000000,
    "revenueEstimated": 25301349137,
    "updatedFromDate": "2025-04-25",
    "fiscalDateEnding": "2019-06-30"
  },
  {
    "date": "2019-04-24",
    "symbol": "ELV",
    "eps": 6.03,
    "epsEstimated": 5.81,
    "time": "bmo",
    "revenue": 24666000000,
    "revenueEstimated": 23766079601,
    "updatedFromDate": "2025-04-25",
    "fiscalDateEnding": "2019-03-31"
  },
  {
    "date": "2019-01-30",
    "symbol": "ELV",
    "eps": 2.44,
    "epsEstimated": 2.2,
    "time": "bmo",
    "revenue": 23373000000,
    "revenueEstimated": 21074016393,
    "updatedFromDate": "2025-04-25",
    "fiscalDateEnding": "2018-12-31"
  },
  {
    "date": "2018-10-31",
    "symbol": "ELV",
    "eps": 3.81,
    "epsEstimated": 3.7,
    "time": "bmo",
    "revenue": 23251000000,
    "revenueEstimated": 22579711286,
    "updatedFromDate": "2025-04-25",
    "fiscalDateEnding": "2018-09-30"
  },
  {
    "date": "2018-07-25",
    "symbol": "ELV",
    "eps": 4.25,
    "epsEstimated": 4.16,
    "time": "bmo",
    "revenue": 22943700000,
    "revenueEstimated": 22457833411,
    "updatedFromDate": "2025-04-25",
    "fiscalDateEnding": "2018-06-30"
  },
  {
    "date": "2018-04-25",
    "symbol": "ELV",
    "eps": 5.41,
    "epsEstimated": 4.88,
    "time": "bmo",
    "revenue": 22537500000,
    "revenueEstimated": 20329574861,
    "updatedFromDate": "2025-04-25",
    "fiscalDateEnding": "2018-03-31"
  },
  {
    "date": "2018-01-31",
    "symbol": "ELV",
    "eps": 1.29,
    "epsEstimated": 1.27,
    "time": "bmo",
    "revenue": 22680300000,
    "revenueEstimated": 22328667441,
    "updatedFromDate": "2025-04-25",
    "fiscalDateEnding": "2017-12-31"
  },
  {
    "date": "2017-10-25",
    "symbol": "ELV",
    "eps": 2.65,
    "epsEstimated": 2.42,
    "time": "bmo",
    "revenue": 22426000000,
    "revenueEstimated": 20479592452,
    "updatedFromDate": "2025-04-25",
    "fiscalDateEnding": "2017-09-30"
  },
  {
    "date": "2017-07-26",
    "symbol": "ELV",
    "eps": 3.37,
    "epsEstimated": 3.23,
    "time": "bmo",
    "revenue": 22407200000,
    "revenueEstimated": 21476337091,
    "updatedFromDate": "2025-04-25",
    "fiscalDateEnding": "2017-06-30"
  },
  {
    "date": "2017-04-26",
    "symbol": "ELV",
    "eps": 4.68,
    "epsEstimated": 3.86,
    "time": "bmo",
    "revenue": 22525900000,
    "revenueEstimated": 18579054273,
    "updatedFromDate": "2025-04-25",
    "fiscalDateEnding": "2017-03-31"
  },
  {
    "date": "2017-02-01",
    "symbol": "ELV",
    "eps": 1.76,
    "epsEstimated": 1.61,
    "time": "bmo",
    "revenue": 21726200000,
    "revenueEstimated": 19863740909,
    "updatedFromDate": "2025-04-25",
    "fiscalDateEnding": "2016-12-31"
  },
  {
    "date": "2016-11-02",
    "symbol": "ELV",
    "eps": 2.45,
    "epsEstimated": 2.47,
    "time": "bmo",
    "revenue": 21414900000,
    "revenueEstimated": 21578625714,
    "updatedFromDate": "2025-04-25",
    "fiscalDateEnding": "2016-09-30"
  },
  {
    "date": "2016-07-27",
    "symbol": "ELV",
    "eps": 3.33,
    "epsEstimated": 3.23,
    "time": "bmo",
    "revenue": 21456200000,
    "revenueEstimated": 20811869669,
    "updatedFromDate": "2025-04-25",
    "fiscalDateEnding": "2016-06-30"
  }
]