[
  {
    "date": "2026-04-28",
    "symbol": "EME",
    "eps": null,
    "epsEstimated": null,
    "time": "bmo",
    "revenue": null,
    "revenueEstimated": null,
    "updatedFromDate": "2025-10-02",
    "fiscalDateEnding": "2026-03-30"
  },
  {
    "date": "2026-02-24",
    "symbol": "EME",
    "eps": null,
    "epsEstimated": null,
    "time": "bmo",
    "revenue": null,
    "revenueEstimated": null,
    "updatedFromDate": "2025-10-02",
    "fiscalDateEnding": "2025-12-30"
  },
  {
    "date": "2025-10-30",
    "symbol": "EME",
    "eps": null,
    "epsEstimated": 6.57,
    "time": "bmo",
    "revenue": null,
    "revenueEstimated": 4266281370,
    "updatedFromDate": "2025-10-02",
    "fiscalDateEnding": "2025-09-30"
  },
  {
    "date": "2025-07-31",
    "symbol": "EME",
    "eps": 6.72,
    "epsEstimated": 5.74,
    "time": "bmo",
    "revenue": 4304400000,
    "revenueEstimated": 4109080277,
    "updatedFromDate": "2025-10-02",
    "fiscalDateEnding": "2025-06-30"
  },
  {
    "date": "2025-04-30",
    "symbol": "EME",
    "eps": 5.41,
    "epsEstimated": 4.63,
    "time": "bmo",
    "revenue": 3867372000,
    "revenueEstimated": 3784298667,
    "updatedFromDate": "2025-07-30",
    "fiscalDateEnding": "2025-03-31"
  },
  {
    "date": "2025-02-26",
    "symbol": "EME",
    "eps": 6.32,
    "epsEstimated": 5.53,
    "time": "bmo",
    "revenue": 3770019000,
    "revenueEstimated": 3804303217,
    "updatedFromDate": "2025-05-24",
    "fiscalDateEnding": "2024-12-31"
  },
  {
    "date": "2024-10-31",
    "symbol": "EME",
    "eps": 5.8,
    "epsEstimated": 4.98,
    "time": "bmo",
    "revenue": 3696924000,
    "revenueEstimated": 3770500000,
    "updatedFromDate": "2025-04-25",
    "fiscalDateEnding": "2024-09-30"
  },
  {
    "date": "2024-07-25",
    "symbol": "EME",
    "eps": 5.25,
    "epsEstimated": 3.76,
    "time": "bmo",
    "revenue": 3666897000,
    "revenueEstimated": 3521566667,
    "updatedFromDate": "2025-04-25",
    "fiscalDateEnding": "2024-06-30"
  },
  {
    "date": "2024-04-25",
    "symbol": "EME",
    "eps": 4.17,
    "epsEstimated": 2.84,
    "time": "bmo",
    "revenue": 3432276000,
    "revenueEstimated": 3223566667,
    "updatedFromDate": "2025-04-25",
    "fiscalDateEnding": "2024-03-31"
  },
  {
    "date": "2024-02-28",
    "symbol": "EME",
    "eps": 4.47,
    "epsEstimated": 3.55,
    "time": "bmo",
    "revenue": 3439221000,
    "revenueEstimated": 3360450000,
    "updatedFromDate": "2025-04-25",
    "fiscalDateEnding": "2023-12-31"
  },
  {
    "date": "2023-10-26",
    "symbol": "EME",
    "eps": 3.57,
    "epsEstimated": 2.72,
    "time": "bmo",
    "revenue": 3207598000,
    "revenueEstimated": 3150000000,
    "updatedFromDate": "2025-04-25",
    "fiscalDateEnding": "2023-09-30"
  },
  {
    "date": "2023-07-27",
    "symbol": "EME",
    "eps": 2.95,
    "epsEstimated": 2.36,
    "time": "bmo",
    "revenue": 3045622000,
    "revenueEstimated": 3014330000,
    "updatedFromDate": "2025-04-25",
    "fiscalDateEnding": "2023-06-30"
  },
  {
    "date": "2023-04-27",
    "symbol": "EME",
    "eps": 2.32,
    "epsEstimated": 1.8,
    "time": "bmo",
    "revenue": 2890432000,
    "revenueEstimated": 2872830000,
    "updatedFromDate": "2025-04-25",
    "fiscalDateEnding": "2023-03-31"
  },
  {
    "date": "2023-02-23",
    "symbol": "EME",
    "eps": 2.63,
    "epsEstimated": 2.27,
    "time": "bmo",
    "revenue": 2949822000,
    "revenueEstimated": 2885500000,
    "updatedFromDate": "2025-04-25",
    "fiscalDateEnding": "2022-12-31"
  },
  {
    "date": "2022-10-27",
    "symbol": "EME",
    "eps": 2.16,
    "epsEstimated": 2.08,
    "time": "bmo",
    "revenue": 2826361000,
    "revenueEstimated": 2710202000,
    "updatedFromDate": "2025-04-25",
    "fiscalDateEnding": "2022-09-30"
  },
  {
    "date": "2022-07-28",
    "symbol": "EME",
    "eps": 1.99,
    "epsEstimated": 1.68,
    "time": "bmo",
    "revenue": 2707388000,
    "revenueEstimated": 2609677200,
    "updatedFromDate": "2025-04-25",
    "fiscalDateEnding": "2022-06-30"
  },
  {
    "date": "2022-04-28",
    "symbol": "EME",
    "eps": 1.39,
    "epsEstimated": 1.61,
    "time": "bmo",
    "revenue": 2592549000,
    "revenueEstimated": 2467120200,
    "updatedFromDate": "2025-04-25",
    "fiscalDateEnding": "2022-03-31"
  },
  {
    "date": "2022-02-24",
    "symbol": "EME",
    "eps": 1.89,
    "epsEstimated": 1.89,
    "time": "bmo",
    "revenue": 2640193000,
    "revenueEstimated": 2566630143,
    "updatedFromDate": "2025-04-25",
    "fiscalDateEnding": "2021-12-31"
  },
  {
    "date": "2021-10-28",
    "symbol": "EME",
    "eps": 1.85,
    "epsEstimated": 1.79,
    "time": "bmo",
    "revenue": 2521672000,
    "revenueEstimated": 2389120000,
    "updatedFromDate": "2025-04-25",
    "fiscalDateEnding": "2021-09-30"
  },
  {
    "date": "2021-07-29",
    "symbol": "EME",
    "eps": 1.78,
    "epsEstimated": 1.58,
    "time": "bmo",
    "revenue": 2437666000,
    "revenueEstimated": 2253480000,
    "updatedFromDate": "2025-04-25",
    "fiscalDateEnding": "2021-06-30"
  },
  {
    "date": "2021-04-29",
    "symbol": "EME",
    "eps": 1.54,
    "epsEstimated": 1.22,
    "time": "bmo",
    "revenue": 2304049000,
    "revenueEstimated": 2209030000,
    "updatedFromDate": "2025-04-25",
    "fiscalDateEnding": "2021-03-31"
  },
  {
    "date": "2021-02-25",
    "symbol": "EME",
    "eps": 1.86,
    "epsEstimated": 1.44,
    "time": "bmo",
    "revenue": 2281494000,
    "revenueEstimated": 2197590000,
    "updatedFromDate": "2025-04-25",
    "fiscalDateEnding": "2020-12-31"
  },
  {
    "date": "2020-10-29",
    "symbol": "EME",
    "eps": 1.76,
    "epsEstimated": 1.28,
    "time": "bmo",
    "revenue": 2201714000,
    "revenueEstimated": 1563717329,
    "updatedFromDate": "2025-04-25",
    "fiscalDateEnding": "2020-09-30"
  },
  {
    "date": "2020-08-03",
    "symbol": "EME",
    "eps": 1.44,
    "epsEstimated": 0.92,
    "time": "bmo",
    "revenue": 2014021000,
    "revenueEstimated": 1244776868,
    "updatedFromDate": "2025-04-25",
    "fiscalDateEnding": "2020-06-30"
  },
  {
    "date": "2020-04-30",
    "symbol": "EME",
    "eps": 1.35,
    "epsEstimated": 1.34,
    "time": "bmo",
    "revenue": 2299832000,
    "revenueEstimated": 2282796207,
    "updatedFromDate": "2025-04-25",
    "fiscalDateEnding": "2020-03-31"
  },
  {
    "date": "2020-02-27",
    "symbol": "EME",
    "eps": 1.53,
    "epsEstimated": 1.5,
    "time": "bmo",
    "revenue": 2403940000,
    "revenueEstimated": 2356803921,
    "updatedFromDate": "2025-04-25",
    "fiscalDateEnding": "2019-12-31"
  },
  {
    "date": "2019-10-29",
    "symbol": "EME",
    "eps": 1.45,
    "epsEstimated": 1.43,
    "time": "bmo",
    "revenue": 2287741000,
    "revenueEstimated": 2256185951,
    "updatedFromDate": "2025-04-25",
    "fiscalDateEnding": "2019-09-30"
  },
  {
    "date": "2019-07-30",
    "symbol": "EME",
    "eps": 1.49,
    "epsEstimated": 1.33,
    "time": "bmo",
    "revenue": 2324202000,
    "revenueEstimated": 2074623261,
    "updatedFromDate": "2025-04-25",
    "fiscalDateEnding": "2019-06-30"
  },
  {
    "date": "2019-04-30",
    "symbol": "EME",
    "eps": 1.28,
    "epsEstimated": 1.09,
    "time": "bmo",
    "revenue": 2158728000,
    "revenueEstimated": 1838291812,
    "updatedFromDate": "2025-04-25",
    "fiscalDateEnding": "2019-03-31"
  },
  {
    "date": "2019-02-21",
    "symbol": "EME",
    "eps": 1.38,
    "epsEstimated": 1.35,
    "time": "bmo",
    "revenue": 2229308000,
    "revenueEstimated": 2180844782,
    "updatedFromDate": "2025-04-25",
    "fiscalDateEnding": "2018-12-31"
  },
  {
    "date": "2018-10-25",
    "symbol": "EME",
    "eps": 1.35,
    "epsEstimated": 1.23,
    "time": "bmo",
    "revenue": 2047049000,
    "revenueEstimated": 1865089088,
    "updatedFromDate": "2025-04-25",
    "fiscalDateEnding": "2018-09-30"
  },
  {
    "date": "2018-07-26",
    "symbol": "EME",
    "eps": 1.23,
    "epsEstimated": 1,
    "time": "bmo",
    "revenue": 1953886000,
    "revenueEstimated": 1588536585,
    "updatedFromDate": "2025-04-25",
    "fiscalDateEnding": "2018-06-30"
  },
  {
    "date": "2018-04-26",
    "symbol": "EME",
    "eps": 0.94,
    "epsEstimated": 0.85,
    "time": "bmo",
    "revenue": 1900388000,
    "revenueEstimated": 1718446808,
    "updatedFromDate": "2025-04-25",
    "fiscalDateEnding": "2018-03-31"
  },
  {
    "date": "2018-02-22",
    "symbol": "EME",
    "eps": 1.13,
    "epsEstimated": 0.86,
    "time": "bmo",
    "revenue": 2012639000,
    "revenueEstimated": 1531713274,
    "updatedFromDate": "2025-04-25",
    "fiscalDateEnding": "2017-12-31"
  },
  {
    "date": "2017-10-26",
    "symbol": "EME",
    "eps": 1.09,
    "epsEstimated": 0.81,
    "time": "bmo",
    "revenue": 1886691000,
    "revenueEstimated": 1402043119,
    "updatedFromDate": "2025-04-25",
    "fiscalDateEnding": "2017-09-30"
  },
  {
    "date": "2017-07-27",
    "symbol": "EME",
    "eps": 0.95,
    "epsEstimated": 0.84,
    "time": "bmo",
    "revenue": 1895937000,
    "revenueEstimated": 1676374736,
    "updatedFromDate": "2025-04-25",
    "fiscalDateEnding": "2017-06-30"
  },
  {
    "date": "2017-04-27",
    "symbol": "EME",
    "eps": 0.88,
    "epsEstimated": 0.65,
    "time": "bmo",
    "revenue": 1891732000,
    "revenueEstimated": 1397278409,
    "updatedFromDate": "2025-04-25",
    "fiscalDateEnding": "2017-03-31"
  },
  {
    "date": "2017-02-23",
    "symbol": "EME",
    "eps": 0.72,
    "epsEstimated": 0.83,
    "time": "bmo",
    "revenue": 1949964000,
    "revenueEstimated": 2247916666,
    "updatedFromDate": "2025-04-25",
    "fiscalDateEnding": "2016-12-31"
  },
  {
    "date": "2016-10-27",
    "symbol": "EME",
    "eps": 0.85,
    "epsEstimated": 0.77,
    "time": "bmo",
    "revenue": 1923174000,
    "revenueEstimated": 1742192941,
    "updatedFromDate": "2025-04-25",
    "fiscalDateEnding": "2016-09-30"
  },
  {
    "date": "2016-07-28",
    "symbol": "EME",
    "eps": 0.95,
    "epsEstimated": 0.71,
    "time": "bmo",
    "revenue": 1933416000,
    "revenueEstimated": 1444962105,
    "updatedFromDate": "2025-04-25",
    "fiscalDateEnding": "2016-06-30"
  }
]