[
  {
    "date": "2026-04-22",
    "symbol": "EMN",
    "eps": null,
    "epsEstimated": null,
    "time": "amc",
    "revenue": null,
    "revenueEstimated": null,
    "updatedFromDate": "2025-10-01",
    "fiscalDateEnding": "2026-03-30"
  },
  {
    "date": "2026-01-28",
    "symbol": "EMN",
    "eps": null,
    "epsEstimated": null,
    "time": "amc",
    "revenue": null,
    "revenueEstimated": null,
    "updatedFromDate": "2025-10-01",
    "fiscalDateEnding": "2025-12-30"
  },
  {
    "date": "2025-10-30",
    "symbol": "EMN",
    "eps": null,
    "epsEstimated": 1.29,
    "time": "bmo",
    "revenue": null,
    "revenueEstimated": 2280475470,
    "updatedFromDate": "2025-10-01",
    "fiscalDateEnding": "2025-09-30"
  },
  {
    "date": "2025-07-31",
    "symbol": "EMN",
    "eps": 1.6,
    "epsEstimated": 1.72,
    "time": "amc",
    "revenue": 2291000000,
    "revenueEstimated": 2357400000,
    "updatedFromDate": "2025-10-01",
    "fiscalDateEnding": "2025-06-30"
  },
  {
    "date": "2025-04-24",
    "symbol": "EMN",
    "eps": 1.91,
    "epsEstimated": 1.89,
    "time": "amc",
    "revenue": 2290000000,
    "revenueEstimated": 2326819418,
    "updatedFromDate": "2025-07-24",
    "fiscalDateEnding": "2025-03-31"
  },
  {
    "date": "2025-01-30",
    "symbol": "EMN",
    "eps": 1.87,
    "epsEstimated": 1.6,
    "time": "amc",
    "revenue": 2245000000,
    "revenueEstimated": 2286860000,
    "updatedFromDate": "2025-04-30",
    "fiscalDateEnding": "2024-12-31"
  },
  {
    "date": "2024-10-31",
    "symbol": "EMN",
    "eps": 2.26,
    "epsEstimated": 2.14,
    "time": "amc",
    "revenue": 2464000000,
    "revenueEstimated": 2377650000,
    "updatedFromDate": "2024-11-01",
    "fiscalDateEnding": "2024-09-30"
  },
  {
    "date": "2024-07-25",
    "symbol": "EMN",
    "eps": 2.15,
    "epsEstimated": 2.01,
    "time": "amc",
    "revenue": 2360000000,
    "revenueEstimated": 2357777568,
    "updatedFromDate": "2025-04-25",
    "fiscalDateEnding": "2024-06-30"
  },
  {
    "date": "2024-04-25",
    "symbol": "EMN",
    "eps": 1.61,
    "epsEstimated": 1.43,
    "time": "amc",
    "revenue": 2308000000,
    "revenueEstimated": 2290366603,
    "updatedFromDate": "2025-04-25",
    "fiscalDateEnding": "2024-03-31"
  },
  {
    "date": "2024-02-01",
    "symbol": "EMN",
    "eps": 1.31,
    "epsEstimated": 1.28,
    "time": "amc",
    "revenue": 2205000000,
    "revenueEstimated": 2209160000,
    "updatedFromDate": "2025-04-25",
    "fiscalDateEnding": "2023-12-31"
  },
  {
    "date": "2023-10-26",
    "symbol": "EMN",
    "eps": 1.47,
    "epsEstimated": 1.44,
    "time": "amc",
    "revenue": 4050000000,
    "revenueEstimated": 2301700000,
    "updatedFromDate": "2025-04-25",
    "fiscalDateEnding": "2023-09-30"
  },
  {
    "date": "2023-07-27",
    "symbol": "EMN",
    "eps": 1.99,
    "epsEstimated": 1.93,
    "time": "amc",
    "revenue": 2324000000,
    "revenueEstimated": 2693020000,
    "updatedFromDate": "2025-04-25",
    "fiscalDateEnding": "2023-06-30"
  },
  {
    "date": "2023-04-27",
    "symbol": "EMN",
    "eps": 1.63,
    "epsEstimated": 1.22,
    "time": "amc",
    "revenue": 2412000000,
    "revenueEstimated": 2432730000,
    "updatedFromDate": "2025-04-25",
    "fiscalDateEnding": "2023-03-31"
  },
  {
    "date": "2023-01-26",
    "symbol": "EMN",
    "eps": 0.89,
    "epsEstimated": 1.26,
    "time": "amc",
    "revenue": 2373000000,
    "revenueEstimated": 2433881030,
    "updatedFromDate": "2025-04-25",
    "fiscalDateEnding": "2022-12-31"
  },
  {
    "date": "2022-10-27",
    "symbol": "EMN",
    "eps": 2.05,
    "epsEstimated": 2,
    "time": "amc",
    "revenue": 2709000000,
    "revenueEstimated": 2577820031,
    "updatedFromDate": "2025-04-25",
    "fiscalDateEnding": "2022-09-30"
  },
  {
    "date": "2022-07-28",
    "symbol": "EMN",
    "eps": 2.83,
    "epsEstimated": 2.69,
    "time": "amc",
    "revenue": 2784000000,
    "revenueEstimated": 2768301374,
    "updatedFromDate": "2025-04-25",
    "fiscalDateEnding": "2022-06-30"
  },
  {
    "date": "2022-04-28",
    "symbol": "EMN",
    "eps": 2.06,
    "epsEstimated": 2.11,
    "time": "amc",
    "revenue": 2714000000,
    "revenueEstimated": 2499603728,
    "updatedFromDate": "2025-04-25",
    "fiscalDateEnding": "2022-03-31"
  },
  {
    "date": "2022-01-27",
    "symbol": "EMN",
    "eps": 1.81,
    "epsEstimated": 1.89,
    "time": "amc",
    "revenue": 2694000000,
    "revenueEstimated": 2377358955,
    "updatedFromDate": "2025-04-25",
    "fiscalDateEnding": "2021-12-31"
  },
  {
    "date": "2021-10-28",
    "symbol": "EMN",
    "eps": 2.46,
    "epsEstimated": 2.46,
    "time": "amc",
    "revenue": 2720000000,
    "revenueEstimated": 2611000000,
    "updatedFromDate": "2025-04-25",
    "fiscalDateEnding": "2021-09-30"
  },
  {
    "date": "2021-08-02",
    "symbol": "EMN",
    "eps": 2.46,
    "epsEstimated": 2.32,
    "time": "amc",
    "revenue": 2653000000,
    "revenueEstimated": 2492905172,
    "updatedFromDate": "2025-04-25",
    "fiscalDateEnding": "2021-06-30"
  },
  {
    "date": "2021-04-29",
    "symbol": "EMN",
    "eps": 2.13,
    "epsEstimated": 2.04,
    "time": "amc",
    "revenue": 2409000000,
    "revenueEstimated": 2316240000,
    "updatedFromDate": "2025-04-25",
    "fiscalDateEnding": "2021-03-31"
  },
  {
    "date": "2021-01-28",
    "symbol": "EMN",
    "eps": 1.69,
    "epsEstimated": 1.53,
    "time": "amc",
    "revenue": 2186000000,
    "revenueEstimated": 1909106666,
    "updatedFromDate": "2025-04-25",
    "fiscalDateEnding": "2020-12-31"
  },
  {
    "date": "2020-10-29",
    "symbol": "EMN",
    "eps": 1.57,
    "epsEstimated": 1.4,
    "time": "amc",
    "revenue": 2122000000,
    "revenueEstimated": 1851681528,
    "updatedFromDate": "2025-04-25",
    "fiscalDateEnding": "2020-09-30"
  },
  {
    "date": "2020-08-03",
    "symbol": "EMN",
    "eps": 0.85,
    "epsEstimated": 1.03,
    "time": "amc",
    "revenue": 1924000000,
    "revenueEstimated": 2376705882,
    "updatedFromDate": "2025-04-25",
    "fiscalDateEnding": "2020-06-30"
  },
  {
    "date": "2020-04-30",
    "symbol": "EMN",
    "eps": 2.03,
    "epsEstimated": 1.71,
    "time": "amc",
    "revenue": 2241000000,
    "revenueEstimated": 1887738916,
    "updatedFromDate": "2025-04-25",
    "fiscalDateEnding": "2020-03-31"
  },
  {
    "date": "2020-01-30",
    "symbol": "EMN",
    "eps": 1.42,
    "epsEstimated": 1.33,
    "time": "amc",
    "revenue": 2205000000,
    "revenueEstimated": 2065246478,
    "updatedFromDate": "2025-04-25",
    "fiscalDateEnding": "2019-12-31"
  },
  {
    "date": "2019-10-24",
    "symbol": "EMN",
    "eps": 1.94,
    "epsEstimated": 1.98,
    "time": "amc",
    "revenue": 2325000000,
    "revenueEstimated": 2372938144,
    "updatedFromDate": "2025-04-25",
    "fiscalDateEnding": "2019-09-30"
  },
  {
    "date": "2019-07-25",
    "symbol": "EMN",
    "eps": 1.99,
    "epsEstimated": 2.09,
    "time": "amc",
    "revenue": 2363000000,
    "revenueEstimated": 2481743718,
    "updatedFromDate": "2025-04-25",
    "fiscalDateEnding": "2019-06-30"
  },
  {
    "date": "2019-04-25",
    "symbol": "EMN",
    "eps": 1.77,
    "epsEstimated": 1.87,
    "time": "amc",
    "revenue": 2380000000,
    "revenueEstimated": 2514463276,
    "updatedFromDate": "2025-04-25",
    "fiscalDateEnding": "2019-03-31"
  },
  {
    "date": "2019-01-31",
    "symbol": "EMN",
    "eps": 1.39,
    "epsEstimated": 1.6,
    "time": "amc",
    "revenue": 2376000000,
    "revenueEstimated": 2752057553,
    "updatedFromDate": "2025-04-25",
    "fiscalDateEnding": "2018-12-31"
  },
  {
    "date": "2018-10-25",
    "symbol": "EMN",
    "eps": 2.34,
    "epsEstimated": 2.29,
    "time": "amc",
    "revenue": 2547000000,
    "revenueEstimated": 2492576923,
    "updatedFromDate": "2025-04-25",
    "fiscalDateEnding": "2018-09-30"
  },
  {
    "date": "2018-07-26",
    "symbol": "EMN",
    "eps": 2.22,
    "epsEstimated": 2.21,
    "time": "amc",
    "revenue": 2621000000,
    "revenueEstimated": 2609193693,
    "updatedFromDate": "2025-04-25",
    "fiscalDateEnding": "2018-06-30"
  },
  {
    "date": "2018-04-26",
    "symbol": "EMN",
    "eps": 2.23,
    "epsEstimated": 2.09,
    "time": "amc",
    "revenue": 2607000000,
    "revenueEstimated": 2443331838,
    "updatedFromDate": "2025-04-25",
    "fiscalDateEnding": "2018-03-31"
  },
  {
    "date": "2018-02-01",
    "symbol": "EMN",
    "eps": 1.62,
    "epsEstimated": 1.06,
    "time": "amc",
    "revenue": 2362000000,
    "revenueEstimated": 1545506172,
    "updatedFromDate": "2025-04-25",
    "fiscalDateEnding": "2017-12-31"
  },
  {
    "date": "2017-10-26",
    "symbol": "EMN",
    "eps": 2.19,
    "epsEstimated": 2.03,
    "time": "amc",
    "revenue": 2465000000,
    "revenueEstimated": 2284908675,
    "updatedFromDate": "2025-04-25",
    "fiscalDateEnding": "2017-09-30"
  },
  {
    "date": "2017-07-27",
    "symbol": "EMN",
    "eps": 1.98,
    "epsEstimated": 1.91,
    "time": "amc",
    "revenue": 2419000000,
    "revenueEstimated": 2333479797,
    "updatedFromDate": "2025-04-25",
    "fiscalDateEnding": "2017-06-30"
  },
  {
    "date": "2017-04-27",
    "symbol": "EMN",
    "eps": 1.83,
    "epsEstimated": 1.75,
    "time": "amc",
    "revenue": 2303000000,
    "revenueEstimated": 2202322404,
    "updatedFromDate": "2025-04-25",
    "fiscalDateEnding": "2017-03-31"
  },
  {
    "date": "2017-01-26",
    "symbol": "EMN",
    "eps": 1.51,
    "epsEstimated": 1.48,
    "time": "amc",
    "revenue": 2188000000,
    "revenueEstimated": 2159019867,
    "updatedFromDate": "2025-04-25",
    "fiscalDateEnding": "2016-12-31"
  },
  {
    "date": "2016-10-27",
    "symbol": "EMN",
    "eps": 1.86,
    "epsEstimated": 1.67,
    "time": "amc",
    "revenue": 2287000000,
    "revenueEstimated": 2053381720,
    "updatedFromDate": "2025-04-25",
    "fiscalDateEnding": "2016-09-30"
  },
  {
    "date": "2016-07-28",
    "symbol": "EMN",
    "eps": 1.68,
    "epsEstimated": 1.73,
    "time": "amc",
    "revenue": 2297000000,
    "revenueEstimated": 2365363095,
    "updatedFromDate": "2025-04-25",
    "fiscalDateEnding": "2016-06-30"
  }
]