[
  {
    "date": "2026-05-05",
    "symbol": "EMR",
    "eps": null,
    "epsEstimated": null,
    "time": "bmo",
    "revenue": null,
    "revenueEstimated": null,
    "updatedFromDate": "2025-10-02",
    "fiscalDateEnding": "2026-03-30"
  },
  {
    "date": "2026-02-03",
    "symbol": "EMR",
    "eps": null,
    "epsEstimated": null,
    "time": "bmo",
    "revenue": null,
    "revenueEstimated": null,
    "updatedFromDate": "2025-10-02",
    "fiscalDateEnding": "2025-12-30"
  },
  {
    "date": "2025-11-04",
    "symbol": "EMR",
    "eps": null,
    "epsEstimated": 1.62,
    "time": "bmo",
    "revenue": null,
    "revenueEstimated": 4919250240,
    "updatedFromDate": "2025-10-02",
    "fiscalDateEnding": "2025-09-30"
  },
  {
    "date": "2025-08-06",
    "symbol": "EMR",
    "eps": 1.52,
    "epsEstimated": 1.51,
    "time": "bmo",
    "revenue": 4552000000,
    "revenueEstimated": 4597850549,
    "updatedFromDate": "2025-10-02",
    "fiscalDateEnding": "2025-06-30"
  },
  {
    "date": "2025-05-07",
    "symbol": "EMR",
    "eps": 1.48,
    "epsEstimated": 1.41,
    "time": "bmo",
    "revenue": 4430000000,
    "revenueEstimated": 4387356027,
    "updatedFromDate": "2025-08-07",
    "fiscalDateEnding": "2025-03-31"
  },
  {
    "date": "2025-02-05",
    "symbol": "EMR",
    "eps": 1.38,
    "epsEstimated": 1.28,
    "time": "bmo",
    "revenue": 4175000000,
    "revenueEstimated": 4217684661,
    "updatedFromDate": "2025-05-05",
    "fiscalDateEnding": "2024-12-31"
  },
  {
    "date": "2024-11-05",
    "symbol": "EMR",
    "eps": 1.48,
    "epsEstimated": 1.47,
    "time": "bmo",
    "revenue": 4619000000,
    "revenueEstimated": 4568132462,
    "updatedFromDate": "2025-04-25",
    "fiscalDateEnding": "2024-09-30"
  },
  {
    "date": "2024-08-07",
    "symbol": "EMR",
    "eps": 1.43,
    "epsEstimated": 1.41,
    "time": "bmo",
    "revenue": 4380000000,
    "revenueEstimated": 4439432732,
    "updatedFromDate": "2025-04-25",
    "fiscalDateEnding": "2024-06-30"
  },
  {
    "date": "2024-05-08",
    "symbol": "EMR",
    "eps": 1.36,
    "epsEstimated": 1.28,
    "time": "bmo",
    "revenue": 4376000000,
    "revenueEstimated": 4301671248,
    "updatedFromDate": "2025-04-25",
    "fiscalDateEnding": "2024-03-31"
  },
  {
    "date": "2024-02-07",
    "symbol": "EMR",
    "eps": 1.22,
    "epsEstimated": 1.04,
    "time": "bmo",
    "revenue": 4117000000,
    "revenueEstimated": 3906888727,
    "updatedFromDate": "2025-04-25",
    "fiscalDateEnding": "2023-12-31"
  },
  {
    "date": "2023-11-07",
    "symbol": "EMR",
    "eps": 1.29,
    "epsEstimated": 1.31,
    "time": "bmo",
    "revenue": 4090000000,
    "revenueEstimated": 4192700000,
    "updatedFromDate": "2025-04-25",
    "fiscalDateEnding": "2023-09-30"
  },
  {
    "date": "2023-08-02",
    "symbol": "EMR",
    "eps": 1.29,
    "epsEstimated": 1.09,
    "time": "bmo",
    "revenue": 3946000000,
    "revenueEstimated": 3875090000,
    "updatedFromDate": "2025-04-25",
    "fiscalDateEnding": "2023-06-30"
  },
  {
    "date": "2023-05-03",
    "symbol": "EMR",
    "eps": 1.05,
    "epsEstimated": 0.97,
    "time": "bmo",
    "revenue": 3756000000,
    "revenueEstimated": 3863760000,
    "updatedFromDate": "2025-04-25",
    "fiscalDateEnding": "2023-03-31"
  },
  {
    "date": "2023-02-08",
    "symbol": "EMR",
    "eps": 0.78,
    "epsEstimated": 0.88,
    "time": "bmo",
    "revenue": 3373000000,
    "revenueEstimated": 3426441214,
    "updatedFromDate": "2025-04-25",
    "fiscalDateEnding": "2022-12-31"
  },
  {
    "date": "2022-10-31",
    "symbol": "EMR",
    "eps": 1.53,
    "epsEstimated": 1.38,
    "time": "bmo",
    "revenue": 5360000000,
    "revenueEstimated": 5335551552,
    "updatedFromDate": "2025-04-25",
    "fiscalDateEnding": "2022-09-30"
  },
  {
    "date": "2022-08-09",
    "symbol": "EMR",
    "eps": 1.38,
    "epsEstimated": 1.3,
    "time": "bmo",
    "revenue": 5005000000,
    "revenueEstimated": 5103803558,
    "updatedFromDate": "2025-04-25",
    "fiscalDateEnding": "2022-06-30"
  },
  {
    "date": "2022-05-04",
    "symbol": "EMR",
    "eps": 1.29,
    "epsEstimated": 1.18,
    "time": "bmo",
    "revenue": 4791000000,
    "revenueEstimated": 4710387164,
    "updatedFromDate": "2025-04-25",
    "fiscalDateEnding": "2022-03-31"
  },
  {
    "date": "2022-02-02",
    "symbol": "EMR",
    "eps": 1.05,
    "epsEstimated": 0.99,
    "time": "bmo",
    "revenue": 4473000000,
    "revenueEstimated": 4470538508,
    "updatedFromDate": "2025-04-25",
    "fiscalDateEnding": "2021-12-31"
  },
  {
    "date": "2021-11-03",
    "symbol": "EMR",
    "eps": 1.21,
    "epsEstimated": 1.18,
    "time": "bmo",
    "revenue": 4947000000,
    "revenueEstimated": 5111550000,
    "updatedFromDate": "2025-04-25",
    "fiscalDateEnding": "2021-09-30"
  },
  {
    "date": "2021-08-04",
    "symbol": "EMR",
    "eps": 1.09,
    "epsEstimated": 0.98,
    "time": "bmo",
    "revenue": 4697000000,
    "revenueEstimated": 4595250000,
    "updatedFromDate": "2025-04-25",
    "fiscalDateEnding": "2021-06-30"
  },
  {
    "date": "2021-05-05",
    "symbol": "EMR",
    "eps": 0.97,
    "epsEstimated": 0.9,
    "time": "bmo",
    "revenue": 4431000000,
    "revenueEstimated": 4342220000,
    "updatedFromDate": "2025-04-25",
    "fiscalDateEnding": "2021-03-31"
  },
  {
    "date": "2021-02-02",
    "symbol": "EMR",
    "eps": 0.83,
    "epsEstimated": 0.68,
    "time": "bmo",
    "revenue": 4161000000,
    "revenueEstimated": 3243132352,
    "updatedFromDate": "2025-04-25",
    "fiscalDateEnding": "2020-12-31"
  },
  {
    "date": "2020-11-03",
    "symbol": "EMR",
    "eps": 1.1,
    "epsEstimated": 0.94,
    "time": "bmo",
    "revenue": 4558000000,
    "revenueEstimated": 11115863636,
    "updatedFromDate": "2025-04-25",
    "fiscalDateEnding": "2020-09-30"
  },
  {
    "date": "2020-08-04",
    "symbol": "EMR",
    "eps": 0.8,
    "epsEstimated": 0.6,
    "time": "bmo",
    "revenue": 3914000000,
    "revenueEstimated": 2935500000,
    "updatedFromDate": "2025-04-25",
    "fiscalDateEnding": "2020-06-30"
  },
  {
    "date": "2020-04-21",
    "symbol": "EMR",
    "eps": 0.89,
    "epsEstimated": 0.74,
    "time": "bmo",
    "revenue": 4162000000,
    "revenueEstimated": 3461370786,
    "updatedFromDate": "2025-04-25",
    "fiscalDateEnding": "2020-03-31"
  },
  {
    "date": "2020-02-04",
    "symbol": "EMR",
    "eps": 0.67,
    "epsEstimated": 0.67,
    "time": "bmo",
    "revenue": 4151000000,
    "revenueEstimated": 4153000000,
    "updatedFromDate": "2025-04-25",
    "fiscalDateEnding": "2019-12-31"
  },
  {
    "date": "2019-11-05",
    "symbol": "EMR",
    "eps": 1.16,
    "epsEstimated": 1.08,
    "time": "bmo",
    "revenue": 4971000000,
    "revenueEstimated": 4628172413,
    "updatedFromDate": "2025-04-25",
    "fiscalDateEnding": "2019-09-30"
  },
  {
    "date": "2019-08-06",
    "symbol": "EMR",
    "eps": 0.94,
    "epsEstimated": 0.94,
    "time": "bmo",
    "revenue": 4684000000,
    "revenueEstimated": 4539134020,
    "updatedFromDate": "2025-04-25",
    "fiscalDateEnding": "2019-06-30"
  },
  {
    "date": "2019-05-07",
    "symbol": "EMR",
    "eps": 0.84,
    "epsEstimated": 0.84,
    "time": "bmo",
    "revenue": 4570000000,
    "revenueEstimated": 4570000000,
    "updatedFromDate": "2025-04-25",
    "fiscalDateEnding": "2019-03-31"
  },
  {
    "date": "2019-02-05",
    "symbol": "EMR",
    "eps": 0.74,
    "epsEstimated": 0.66,
    "time": "bmo",
    "revenue": 4147000000,
    "revenueEstimated": 3698675675,
    "updatedFromDate": "2025-04-25",
    "fiscalDateEnding": "2018-12-31"
  },
  {
    "date": "2018-11-06",
    "symbol": "EMR",
    "eps": 0.89,
    "epsEstimated": 0.89,
    "time": "bmo",
    "revenue": 4888000000,
    "revenueEstimated": 4888000000,
    "updatedFromDate": "2025-04-25",
    "fiscalDateEnding": "2018-09-30"
  },
  {
    "date": "2018-08-07",
    "symbol": "EMR",
    "eps": 0.88,
    "epsEstimated": 0.86,
    "time": "bmo",
    "revenue": 4456000000,
    "revenueEstimated": 3421571428,
    "updatedFromDate": "2025-04-25",
    "fiscalDateEnding": "2018-06-30"
  },
  {
    "date": "2018-05-01",
    "symbol": "EMR",
    "eps": 0.76,
    "epsEstimated": 0.72,
    "time": "bmo",
    "revenue": 4248000000,
    "revenueEstimated": 4024421052,
    "updatedFromDate": "2025-04-25",
    "fiscalDateEnding": "2018-03-31"
  },
  {
    "date": "2018-02-06",
    "symbol": "EMR",
    "eps": 0.58,
    "epsEstimated": 0.55,
    "time": "bmo",
    "revenue": 3816000000,
    "revenueEstimated": 3440655737,
    "updatedFromDate": "2025-04-25",
    "fiscalDateEnding": "2017-12-31"
  },
  {
    "date": "2017-11-07",
    "symbol": "EMR",
    "eps": 0.83,
    "epsEstimated": 0.79,
    "time": "bmo",
    "revenue": 4435000000,
    "revenueEstimated": 4221265060,
    "updatedFromDate": "2025-04-25",
    "fiscalDateEnding": "2017-09-30"
  },
  {
    "date": "2017-08-01",
    "symbol": "EMR",
    "eps": 0.68,
    "epsEstimated": 0.69,
    "time": "bmo",
    "revenue": 4039000000,
    "revenueEstimated": 4098397058,
    "updatedFromDate": "2025-04-25",
    "fiscalDateEnding": "2017-06-30"
  },
  {
    "date": "2017-05-02",
    "symbol": "EMR",
    "eps": 0.58,
    "epsEstimated": 0.58,
    "time": "bmo",
    "revenue": 3574000000,
    "revenueEstimated": 3574000000,
    "updatedFromDate": "2025-04-25",
    "fiscalDateEnding": "2017-03-31"
  },
  {
    "date": "2017-02-07",
    "symbol": "EMR",
    "eps": 0.49,
    "epsEstimated": 0.42,
    "time": "bmo",
    "revenue": 3216000000,
    "revenueEstimated": 2411999999,
    "updatedFromDate": "2025-04-25",
    "fiscalDateEnding": "2016-12-31"
  },
  {
    "date": "2016-11-01",
    "symbol": "EMR",
    "eps": 0.96,
    "epsEstimated": 0.89,
    "time": "bmo",
    "revenue": 3932000000,
    "revenueEstimated": 3686250000,
    "updatedFromDate": "2025-04-25",
    "fiscalDateEnding": "2016-09-30"
  },
  {
    "date": "2016-08-02",
    "symbol": "EMR",
    "eps": 0.8,
    "epsEstimated": 0.84,
    "time": "bmo",
    "revenue": 5126000000,
    "revenueEstimated": 5370095238,
    "updatedFromDate": "2025-04-25",
    "fiscalDateEnding": "2016-06-30"
  }
]