[
  {
    "date": "2026-04-29",
    "symbol": "EOG",
    "eps": null,
    "epsEstimated": null,
    "time": "amc",
    "revenue": null,
    "revenueEstimated": null,
    "updatedFromDate": "2025-10-02",
    "fiscalDateEnding": "2026-03-30"
  },
  {
    "date": "2026-02-25",
    "symbol": "EOG",
    "eps": null,
    "epsEstimated": null,
    "time": "amc",
    "revenue": null,
    "revenueEstimated": null,
    "updatedFromDate": "2025-10-02",
    "fiscalDateEnding": "2025-12-30"
  },
  {
    "date": "2025-11-06",
    "symbol": "EOG",
    "eps": null,
    "epsEstimated": 2.46,
    "time": "amc",
    "revenue": null,
    "revenueEstimated": 5475366820,
    "updatedFromDate": "2025-10-02",
    "fiscalDateEnding": "2025-09-30"
  },
  {
    "date": "2025-08-07",
    "symbol": "EOG",
    "eps": 2.32,
    "epsEstimated": 2.23,
    "time": "amc",
    "revenue": 5371000000,
    "revenueEstimated": 5448611538,
    "updatedFromDate": "2025-10-02",
    "fiscalDateEnding": "2025-06-30"
  },
  {
    "date": "2025-05-01",
    "symbol": "EOG",
    "eps": 2.87,
    "epsEstimated": 2.8,
    "time": "amc",
    "revenue": 5842000000,
    "revenueEstimated": 5904675667,
    "updatedFromDate": "2025-08-01",
    "fiscalDateEnding": "2025-03-31"
  },
  {
    "date": "2025-02-28",
    "symbol": "EOG",
    "eps": 2.74,
    "epsEstimated": 2.55,
    "time": "amc",
    "revenue": 5650000000,
    "revenueEstimated": 5958000000,
    "updatedFromDate": "2025-05-31",
    "fiscalDateEnding": "2024-12-31"
  },
  {
    "date": "2024-11-08",
    "symbol": "EOG",
    "eps": 3.44,
    "epsEstimated": 3.01,
    "time": "amc",
    "revenue": 5865000000,
    "revenueEstimated": 5996887778,
    "updatedFromDate": "2025-04-25",
    "fiscalDateEnding": "2024-09-30"
  },
  {
    "date": "2024-08-01",
    "symbol": "EOG",
    "eps": 3.16,
    "epsEstimated": 2.96,
    "time": "amc",
    "revenue": 6052000000,
    "revenueEstimated": 6070989800,
    "updatedFromDate": "2025-04-25",
    "fiscalDateEnding": "2024-06-30"
  },
  {
    "date": "2024-05-02",
    "symbol": "EOG",
    "eps": 2.82,
    "epsEstimated": 2.71,
    "time": "amc",
    "revenue": 5860000000,
    "revenueEstimated": 5912570182,
    "updatedFromDate": "2025-04-25",
    "fiscalDateEnding": "2024-03-31"
  },
  {
    "date": "2024-02-22",
    "symbol": "EOG",
    "eps": 3.07,
    "epsEstimated": 3.07,
    "time": "amc",
    "revenue": 6030000000,
    "revenueEstimated": 6180468300,
    "updatedFromDate": "2025-04-25",
    "fiscalDateEnding": "2023-12-31"
  },
  {
    "date": "2023-11-02",
    "symbol": "EOG",
    "eps": 3.44,
    "epsEstimated": 3.02,
    "time": "amc",
    "revenue": 6113000000,
    "revenueEstimated": 5703240000,
    "updatedFromDate": "2025-04-25",
    "fiscalDateEnding": "2023-09-30"
  },
  {
    "date": "2023-08-03",
    "symbol": "EOG",
    "eps": 2.49,
    "epsEstimated": 2.32,
    "time": "amc",
    "revenue": 5460000000,
    "revenueEstimated": 5308970000,
    "updatedFromDate": "2025-04-25",
    "fiscalDateEnding": "2023-06-30"
  },
  {
    "date": "2023-05-04",
    "symbol": "EOG",
    "eps": 2.69,
    "epsEstimated": 2.48,
    "time": "amc",
    "revenue": 5579000000,
    "revenueEstimated": 5508570000,
    "updatedFromDate": "2025-04-25",
    "fiscalDateEnding": "2023-03-31"
  },
  {
    "date": "2023-02-23",
    "symbol": "EOG",
    "eps": 3.3,
    "epsEstimated": 3.37,
    "time": "amc",
    "revenue": 6494000000,
    "revenueEstimated": 5806296061,
    "updatedFromDate": "2025-04-25",
    "fiscalDateEnding": "2022-12-31"
  },
  {
    "date": "2022-11-03",
    "symbol": "EOG",
    "eps": 3.71,
    "epsEstimated": 3.73,
    "time": "amc",
    "revenue": 7598000000,
    "revenueEstimated": 6257432396,
    "updatedFromDate": "2025-04-25",
    "fiscalDateEnding": "2022-09-30"
  },
  {
    "date": "2022-08-04",
    "symbol": "EOG",
    "eps": 2.74,
    "epsEstimated": 2.63,
    "time": "amc",
    "revenue": 8645000000,
    "revenueEstimated": 5469845464,
    "updatedFromDate": "2025-04-25",
    "fiscalDateEnding": "2022-06-30"
  },
  {
    "date": "2022-05-05",
    "symbol": "EOG",
    "eps": 4,
    "epsEstimated": 3.69,
    "time": "amc",
    "revenue": 6755000000,
    "revenueEstimated": 5536791399,
    "updatedFromDate": "2025-04-25",
    "fiscalDateEnding": "2022-03-31"
  },
  {
    "date": "2022-02-24",
    "symbol": "EOG",
    "eps": 3.09,
    "epsEstimated": 3.19,
    "time": "amc",
    "revenue": 5908000000,
    "revenueEstimated": 5957089841,
    "updatedFromDate": "2025-04-25",
    "fiscalDateEnding": "2021-12-31"
  },
  {
    "date": "2021-11-04",
    "symbol": "EOG",
    "eps": 2.16,
    "epsEstimated": 2.04,
    "time": "amc",
    "revenue": 5231000000,
    "revenueEstimated": 4495430000,
    "updatedFromDate": "2025-04-25",
    "fiscalDateEnding": "2021-09-30"
  },
  {
    "date": "2021-08-04",
    "symbol": "EOG",
    "eps": 1.73,
    "epsEstimated": 1.56,
    "time": "amc",
    "revenue": 4492000000,
    "revenueEstimated": 4139000000,
    "updatedFromDate": "2025-04-25",
    "fiscalDateEnding": "2021-06-30"
  },
  {
    "date": "2021-05-06",
    "symbol": "EOG",
    "eps": 1.62,
    "epsEstimated": 1.44,
    "time": "amc",
    "revenue": 4038000000,
    "revenueEstimated": 3466990000,
    "updatedFromDate": "2025-04-25",
    "fiscalDateEnding": "2021-03-31"
  },
  {
    "date": "2021-02-25",
    "symbol": "EOG",
    "eps": 0.71,
    "epsEstimated": 0.35,
    "time": "amc",
    "revenue": 2883641000,
    "revenueEstimated": 2322714891,
    "updatedFromDate": "2025-04-25",
    "fiscalDateEnding": "2020-12-31"
  },
  {
    "date": "2020-11-05",
    "symbol": "EOG",
    "eps": 0.43,
    "epsEstimated": 0.16,
    "time": "amc",
    "revenue": 2302138000,
    "revenueEstimated": 2249128242,
    "updatedFromDate": "2025-04-25",
    "fiscalDateEnding": "2020-09-30"
  },
  {
    "date": "2020-08-06",
    "symbol": "EOG",
    "eps": -0.23,
    "epsEstimated": -0.14,
    "time": "amc",
    "revenue": 1213018000,
    "revenueEstimated": 236987173,
    "updatedFromDate": "2025-04-25",
    "fiscalDateEnding": "2020-06-30"
  },
  {
    "date": "2020-05-07",
    "symbol": "EOG",
    "eps": 0.55,
    "epsEstimated": 0.73,
    "time": "amc",
    "revenue": 3474443000,
    "revenueEstimated": 5641478400,
    "updatedFromDate": "2025-04-25",
    "fiscalDateEnding": "2020-03-31"
  },
  {
    "date": "2020-02-27",
    "symbol": "EOG",
    "eps": 1.35,
    "epsEstimated": 1.15,
    "time": "amc",
    "revenue": 4227742000,
    "revenueEstimated": 3578018851,
    "updatedFromDate": "2025-04-25",
    "fiscalDateEnding": "2019-12-31"
  },
  {
    "date": "2019-11-06",
    "symbol": "EOG",
    "eps": 1.13,
    "epsEstimated": 1.13,
    "time": "amc",
    "revenue": 4187800000,
    "revenueEstimated": 4303978000,
    "updatedFromDate": "2025-04-25",
    "fiscalDateEnding": "2019-09-30"
  },
  {
    "date": "2019-08-01",
    "symbol": "EOG",
    "eps": 1.31,
    "epsEstimated": 1.32,
    "time": "amc",
    "revenue": 4486518000,
    "revenueEstimated": 4725419633,
    "updatedFromDate": "2025-04-25",
    "fiscalDateEnding": "2019-06-30"
  },
  {
    "date": "2019-05-02",
    "symbol": "EOG",
    "eps": 1.19,
    "epsEstimated": 1.02,
    "time": "amc",
    "revenue": 4039667000,
    "revenueEstimated": 3482124000,
    "updatedFromDate": "2025-04-25",
    "fiscalDateEnding": "2019-03-31"
  },
  {
    "date": "2019-02-26",
    "symbol": "EOG",
    "eps": 1.24,
    "epsEstimated": 1.34,
    "time": "amc",
    "revenue": 4369681000,
    "revenueEstimated": 4857102322,
    "updatedFromDate": "2025-04-25",
    "fiscalDateEnding": "2018-12-31"
  },
  {
    "date": "2018-11-01",
    "symbol": "EOG",
    "eps": 1.75,
    "epsEstimated": 1.52,
    "time": "amc",
    "revenue": 4681687000,
    "revenueEstimated": 4052476342,
    "updatedFromDate": "2025-04-25",
    "fiscalDateEnding": "2018-09-30"
  },
  {
    "date": "2018-08-02",
    "symbol": "EOG",
    "eps": 1.37,
    "epsEstimated": 1.23,
    "time": "amc",
    "revenue": 4401163000,
    "revenueEstimated": 3810665693,
    "updatedFromDate": "2025-04-25",
    "fiscalDateEnding": "2018-06-30"
  },
  {
    "date": "2018-05-03",
    "symbol": "EOG",
    "eps": 1.19,
    "epsEstimated": 1.01,
    "time": "amc",
    "revenue": 3724311000,
    "revenueEstimated": 3105966386,
    "updatedFromDate": "2025-04-25",
    "fiscalDateEnding": "2018-03-31"
  },
  {
    "date": "2018-02-27",
    "symbol": "EOG",
    "eps": 0.69,
    "epsEstimated": 0.52,
    "time": "amc",
    "revenue": 3433950000,
    "revenueEstimated": 2615972463,
    "updatedFromDate": "2025-04-25",
    "fiscalDateEnding": "2017-12-31"
  },
  {
    "date": "2017-11-02",
    "symbol": "EOG",
    "eps": 0.19,
    "epsEstimated": 0.1,
    "time": "amc",
    "revenue": 2636218000,
    "revenueEstimated": 2202065848,
    "updatedFromDate": "2025-04-25",
    "fiscalDateEnding": "2017-09-30"
  },
  {
    "date": "2017-08-01",
    "symbol": "EOG",
    "eps": 0.08,
    "epsEstimated": 0.1,
    "time": "amc",
    "revenue": 2595166000,
    "revenueEstimated": 3604425000,
    "updatedFromDate": "2025-04-25",
    "fiscalDateEnding": "2017-06-30"
  },
  {
    "date": "2017-05-08",
    "symbol": "EOG",
    "eps": 0.15,
    "epsEstimated": 0.15,
    "time": "amc",
    "revenue": 2540644000,
    "revenueEstimated": 2627300000,
    "updatedFromDate": "2025-04-25",
    "fiscalDateEnding": "2017-03-30"
  },
  {
    "date": "2017-02-27",
    "symbol": "EOG",
    "eps": -0.01,
    "epsEstimated": -0.14,
    "time": "amc",
    "revenue": 2334039000,
    "revenueEstimated": 32172000000,
    "updatedFromDate": "2025-04-25",
    "fiscalDateEnding": "2016-12-31"
  },
  {
    "date": "2016-11-03",
    "symbol": "EOG",
    "eps": -0.4,
    "epsEstimated": -0.31,
    "time": "amc",
    "revenue": 1987905000,
    "revenueEstimated": 1557982499,
    "updatedFromDate": "2025-04-25",
    "fiscalDateEnding": "2016-09-30"
  },
  {
    "date": "2016-08-04",
    "symbol": "EOG",
    "eps": -0.38,
    "epsEstimated": -0.49,
    "time": "bmo",
    "revenue": 1812572000,
    "revenueEstimated": 2262694736,
    "updatedFromDate": "2025-04-25",
    "fiscalDateEnding": "2016-06-30"
  }
]