[
  {
    "date": "2026-05-06",
    "symbol": "EPAM",
    "eps": null,
    "epsEstimated": null,
    "time": "bmo",
    "revenue": null,
    "revenueEstimated": null,
    "updatedFromDate": "2025-10-02",
    "fiscalDateEnding": "2026-03-30"
  },
  {
    "date": "2026-02-18",
    "symbol": "EPAM",
    "eps": null,
    "epsEstimated": null,
    "time": "bmo",
    "revenue": null,
    "revenueEstimated": null,
    "updatedFromDate": "2025-10-02",
    "fiscalDateEnding": "2025-12-30"
  },
  {
    "date": "2025-11-06",
    "symbol": "EPAM",
    "eps": null,
    "epsEstimated": 3.01,
    "time": "bmo",
    "revenue": null,
    "revenueEstimated": 1375094330,
    "updatedFromDate": "2025-10-02",
    "fiscalDateEnding": "2025-09-30"
  },
  {
    "date": "2025-08-07",
    "symbol": "EPAM",
    "eps": 2.77,
    "epsEstimated": 2.61,
    "time": "bmo",
    "revenue": 1353443000,
    "revenueEstimated": 1375414160,
    "updatedFromDate": "2025-10-02",
    "fiscalDateEnding": "2025-06-30"
  },
  {
    "date": "2025-05-08",
    "symbol": "EPAM",
    "eps": 2.41,
    "epsEstimated": 2.27,
    "time": "bmo",
    "revenue": 1301692000,
    "revenueEstimated": 1282206233,
    "updatedFromDate": "2025-08-08",
    "fiscalDateEnding": "2025-03-31"
  },
  {
    "date": "2025-02-20",
    "symbol": "EPAM",
    "eps": 2.84,
    "epsEstimated": 2.75,
    "time": "bmo",
    "revenue": 1248351000,
    "revenueEstimated": 1273562570,
    "updatedFromDate": "2025-05-13",
    "fiscalDateEnding": "2024-12-31"
  },
  {
    "date": "2024-11-07",
    "symbol": "EPAM",
    "eps": 3.12,
    "epsEstimated": 2.7,
    "time": "bmo",
    "revenue": 1167527000,
    "revenueEstimated": 1151805633,
    "updatedFromDate": "2025-04-14",
    "fiscalDateEnding": "2024-09-30"
  },
  {
    "date": "2024-08-08",
    "symbol": "EPAM",
    "eps": 2.45,
    "epsEstimated": 2.26,
    "time": "bmo",
    "revenue": 1146597000,
    "revenueEstimated": 1140106177,
    "updatedFromDate": "2025-04-14",
    "fiscalDateEnding": "2024-06-30"
  },
  {
    "date": "2024-05-09",
    "symbol": "EPAM",
    "eps": 2.46,
    "epsEstimated": 2.32,
    "time": "bmo",
    "revenue": 1165465000,
    "revenueEstimated": 1161223432,
    "updatedFromDate": "2025-04-14",
    "fiscalDateEnding": "2024-03-31"
  },
  {
    "date": "2024-02-15",
    "symbol": "EPAM",
    "eps": 2.75,
    "epsEstimated": 2.51,
    "time": "bmo",
    "revenue": 1157257000,
    "revenueEstimated": 1137783972,
    "updatedFromDate": "2025-04-14",
    "fiscalDateEnding": "2023-12-31"
  },
  {
    "date": "2023-11-02",
    "symbol": "EPAM",
    "eps": 2.73,
    "epsEstimated": 2.56,
    "time": "bmo",
    "revenue": 1152136000,
    "revenueEstimated": 1145220000,
    "updatedFromDate": "2025-04-14",
    "fiscalDateEnding": "2023-09-30"
  },
  {
    "date": "2023-08-03",
    "symbol": "EPAM",
    "eps": 2.64,
    "epsEstimated": 2.34,
    "time": "bmo",
    "revenue": 1170206000,
    "revenueEstimated": 1160500000,
    "updatedFromDate": "2025-04-14",
    "fiscalDateEnding": "2023-06-30"
  },
  {
    "date": "2023-05-05",
    "symbol": "EPAM",
    "eps": 2.47,
    "epsEstimated": 2.34,
    "time": "bmo",
    "revenue": 1210941000,
    "revenueEstimated": 1160980000,
    "updatedFromDate": "2025-04-14",
    "fiscalDateEnding": "2023-03-31"
  },
  {
    "date": "2023-02-16",
    "symbol": "EPAM",
    "eps": 2.93,
    "epsEstimated": 2.68,
    "time": "bmo",
    "revenue": 1231303000,
    "revenueEstimated": 1229139587,
    "updatedFromDate": "2025-04-14",
    "fiscalDateEnding": "2022-12-31"
  },
  {
    "date": "2022-11-03",
    "symbol": "EPAM",
    "eps": 3.1,
    "epsEstimated": 2.53,
    "time": "bmo",
    "revenue": 1226920000,
    "revenueEstimated": 1196106329,
    "updatedFromDate": "2025-04-14",
    "fiscalDateEnding": "2022-09-30"
  },
  {
    "date": "2022-08-04",
    "symbol": "EPAM",
    "eps": 2.38,
    "epsEstimated": 1.71,
    "time": "bmo",
    "revenue": 1194861000,
    "revenueEstimated": 1142885497,
    "updatedFromDate": "2025-04-14",
    "fiscalDateEnding": "2022-06-30"
  },
  {
    "date": "2022-05-05",
    "symbol": "EPAM",
    "eps": 2.49,
    "epsEstimated": 1.86,
    "time": "bmo",
    "revenue": 1171614000,
    "revenueEstimated": 1171610000,
    "updatedFromDate": "2025-04-14",
    "fiscalDateEnding": "2022-03-31"
  },
  {
    "date": "2022-02-17",
    "symbol": "EPAM",
    "eps": 2.76,
    "epsEstimated": 2.51,
    "time": "bmo",
    "revenue": 1107464000,
    "revenueEstimated": 1084710000,
    "updatedFromDate": "2025-04-14",
    "fiscalDateEnding": "2021-12-31"
  },
  {
    "date": "2021-11-04",
    "symbol": "EPAM",
    "eps": 2.42,
    "epsEstimated": 2.22,
    "time": "bmo",
    "revenue": 988539000,
    "revenueEstimated": 964120000,
    "updatedFromDate": "2025-04-14",
    "fiscalDateEnding": "2021-09-30"
  },
  {
    "date": "2021-08-05",
    "symbol": "EPAM",
    "eps": 2.05,
    "epsEstimated": 1.94,
    "time": "bmo",
    "revenue": 881366000,
    "revenueEstimated": 881366000,
    "updatedFromDate": "2025-04-14",
    "fiscalDateEnding": "2021-06-30"
  },
  {
    "date": "2021-05-06",
    "symbol": "EPAM",
    "eps": 1.81,
    "epsEstimated": 1.68,
    "time": "bmo",
    "revenue": 780775000,
    "revenueEstimated": 763880000,
    "updatedFromDate": "2025-04-14",
    "fiscalDateEnding": "2021-03-31"
  },
  {
    "date": "2021-02-18",
    "symbol": "EPAM",
    "eps": 1.81,
    "epsEstimated": 1.71,
    "time": "bmo",
    "revenue": 723493000,
    "revenueEstimated": 685635808,
    "updatedFromDate": "2025-04-14",
    "fiscalDateEnding": "2020-12-31"
  },
  {
    "date": "2020-11-05",
    "symbol": "EPAM",
    "eps": 1.65,
    "epsEstimated": 1.47,
    "time": "bmo",
    "revenue": 652243000,
    "revenueEstimated": 581089218,
    "updatedFromDate": "2025-04-14",
    "fiscalDateEnding": "2020-09-30"
  },
  {
    "date": "2020-08-06",
    "symbol": "EPAM",
    "eps": 1.46,
    "epsEstimated": 1.21,
    "time": "bmo",
    "revenue": 632383000,
    "revenueEstimated": 524098239,
    "updatedFromDate": "2025-04-14",
    "fiscalDateEnding": "2020-06-30"
  },
  {
    "date": "2020-05-07",
    "symbol": "EPAM",
    "eps": 1.43,
    "epsEstimated": 1.4,
    "time": "bmo",
    "revenue": 651359000,
    "revenueEstimated": 637694125,
    "updatedFromDate": "2025-04-14",
    "fiscalDateEnding": "2020-03-31"
  },
  {
    "date": "2020-02-20",
    "symbol": "EPAM",
    "eps": 1.51,
    "epsEstimated": 1.45,
    "time": "bmo",
    "revenue": 632775000,
    "revenueEstimated": 607631622,
    "updatedFromDate": "2025-04-14",
    "fiscalDateEnding": "2019-12-31"
  },
  {
    "date": "2019-11-07",
    "symbol": "EPAM",
    "eps": 1.39,
    "epsEstimated": 1.33,
    "time": "bmo",
    "revenue": 588103000,
    "revenueEstimated": 562717258,
    "updatedFromDate": "2025-04-14",
    "fiscalDateEnding": "2019-09-30"
  },
  {
    "date": "2019-08-08",
    "symbol": "EPAM",
    "eps": 1.28,
    "epsEstimated": 1.23,
    "time": "bmo",
    "revenue": 551587000,
    "revenueEstimated": 530040632,
    "updatedFromDate": "2025-04-14",
    "fiscalDateEnding": "2019-06-30"
  },
  {
    "date": "2019-05-09",
    "symbol": "EPAM",
    "eps": 1.25,
    "epsEstimated": 1.17,
    "time": "bmo",
    "revenue": 521333000,
    "revenueEstimated": 487967688,
    "updatedFromDate": "2025-04-14",
    "fiscalDateEnding": "2019-03-31"
  },
  {
    "date": "2019-02-14",
    "symbol": "EPAM",
    "eps": 1.27,
    "epsEstimated": 1.23,
    "time": "bmo",
    "revenue": 504931000,
    "revenueEstimated": 489027661,
    "updatedFromDate": "2025-04-14",
    "fiscalDateEnding": "2018-12-31"
  },
  {
    "date": "2018-11-01",
    "symbol": "EPAM",
    "eps": 1.17,
    "epsEstimated": 1.05,
    "time": "bmo",
    "revenue": 468186000,
    "revenueEstimated": 420166923,
    "updatedFromDate": "2025-04-14",
    "fiscalDateEnding": "2018-09-30"
  },
  {
    "date": "2018-08-02",
    "symbol": "EPAM",
    "eps": 1.01,
    "epsEstimated": 0.99,
    "time": "bmo",
    "revenue": 445647000,
    "revenueEstimated": 436822306,
    "updatedFromDate": "2025-04-14",
    "fiscalDateEnding": "2018-06-30"
  },
  {
    "date": "2018-05-09",
    "symbol": "EPAM",
    "eps": 0.93,
    "epsEstimated": 0.91,
    "time": "bmo",
    "revenue": 424148000,
    "revenueEstimated": 415026537,
    "updatedFromDate": "2025-04-14",
    "fiscalDateEnding": "2018-03-31"
  },
  {
    "date": "2018-02-16",
    "symbol": "EPAM",
    "eps": 1.01,
    "epsEstimated": 0.97,
    "time": "bmo",
    "revenue": 399297000,
    "revenueEstimated": 383483257,
    "updatedFromDate": "2025-04-14",
    "fiscalDateEnding": "2017-12-31"
  },
  {
    "date": "2017-11-02",
    "symbol": "EPAM",
    "eps": 0.92,
    "epsEstimated": 0.85,
    "time": "bmo",
    "revenue": 377523000,
    "revenueEstimated": 348798423,
    "updatedFromDate": "2025-04-14",
    "fiscalDateEnding": "2017-09-30"
  },
  {
    "date": "2017-08-03",
    "symbol": "EPAM",
    "eps": 0.8,
    "epsEstimated": 0.81,
    "time": "bmo",
    "revenue": 348977000,
    "revenueEstimated": 353339212,
    "updatedFromDate": "2025-04-14",
    "fiscalDateEnding": "2017-06-30"
  },
  {
    "date": "2017-05-04",
    "symbol": "EPAM",
    "eps": 0.72,
    "epsEstimated": 0.74,
    "time": "bmo",
    "revenue": 324651000,
    "revenueEstimated": 333669083,
    "updatedFromDate": "2025-04-14",
    "fiscalDateEnding": "2017-03-31"
  },
  {
    "date": "2017-02-16",
    "symbol": "EPAM",
    "eps": 0.77,
    "epsEstimated": 0.79,
    "time": "bmo",
    "revenue": 313525000,
    "revenueEstimated": 321668506,
    "updatedFromDate": "2025-04-14",
    "fiscalDateEnding": "2016-12-31"
  },
  {
    "date": "2016-11-07",
    "symbol": "EPAM",
    "eps": 0.76,
    "epsEstimated": 0.75,
    "time": "bmo",
    "revenue": 298293000,
    "revenueEstimated": 294368092,
    "updatedFromDate": "2025-04-14",
    "fiscalDateEnding": "2016-09-30"
  },
  {
    "date": "2016-08-04",
    "symbol": "EPAM",
    "eps": 0.71,
    "epsEstimated": 0.72,
    "time": "amc",
    "revenue": 283832000,
    "revenueEstimated": 287829633,
    "updatedFromDate": "2025-04-14",
    "fiscalDateEnding": "2016-06-30"
  }
]