[
  {
    "date": "2026-04-28",
    "symbol": "EQIX",
    "eps": null,
    "epsEstimated": null,
    "time": "amc",
    "revenue": null,
    "revenueEstimated": null,
    "updatedFromDate": "2025-10-02",
    "fiscalDateEnding": "2026-03-30"
  },
  {
    "date": "2026-02-10",
    "symbol": "EQIX",
    "eps": null,
    "epsEstimated": null,
    "time": "amc",
    "revenue": null,
    "revenueEstimated": null,
    "updatedFromDate": "2025-10-02",
    "fiscalDateEnding": "2025-12-30"
  },
  {
    "date": "2025-10-29",
    "symbol": "EQIX",
    "eps": null,
    "epsEstimated": 9.27,
    "time": "amc",
    "revenue": null,
    "revenueEstimated": 2326719830,
    "updatedFromDate": "2025-10-02",
    "fiscalDateEnding": "2025-09-30"
  },
  {
    "date": "2025-07-30",
    "symbol": "EQIX",
    "eps": 9.91,
    "epsEstimated": 9.19,
    "time": "amc",
    "revenue": 2256000000,
    "revenueEstimated": 2257425800,
    "updatedFromDate": "2025-10-02",
    "fiscalDateEnding": "2025-06-30"
  },
  {
    "date": "2025-04-30",
    "symbol": "EQIX",
    "eps": 9.67,
    "epsEstimated": 8.96,
    "time": "amc",
    "revenue": 2225000000,
    "revenueEstimated": 2258518340,
    "updatedFromDate": "2025-07-30",
    "fiscalDateEnding": "2025-03-31"
  },
  {
    "date": "2025-02-12",
    "symbol": "EQIX",
    "eps": 7.92,
    "epsEstimated": 2.75,
    "time": "amc",
    "revenue": 2261000000,
    "revenueEstimated": 2273633890,
    "updatedFromDate": "2025-05-12",
    "fiscalDateEnding": "2024-12-31"
  },
  {
    "date": "2024-10-30",
    "symbol": "EQIX",
    "eps": 9.05,
    "epsEstimated": 8.7,
    "time": "amc",
    "revenue": 2201000000,
    "revenueEstimated": 2285760000,
    "updatedFromDate": "2025-04-25",
    "fiscalDateEnding": "2024-09-30"
  },
  {
    "date": "2024-08-07",
    "symbol": "EQIX",
    "eps": 9.22,
    "epsEstimated": 8.82,
    "time": "amc",
    "revenue": 2159000000,
    "revenueEstimated": 2159010000,
    "updatedFromDate": "2025-04-25",
    "fiscalDateEnding": "2024-06-30"
  },
  {
    "date": "2024-05-08",
    "symbol": "EQIX",
    "eps": 8.86,
    "epsEstimated": 8.58,
    "time": "bmo",
    "revenue": 2127000000,
    "revenueEstimated": 2139090000,
    "updatedFromDate": "2025-04-25",
    "fiscalDateEnding": "2024-03-31"
  },
  {
    "date": "2024-02-14",
    "symbol": "EQIX",
    "eps": 7.3,
    "epsEstimated": 7.25,
    "time": "amc",
    "revenue": 2110489000,
    "revenueEstimated": 2113680000,
    "updatedFromDate": "2025-04-25",
    "fiscalDateEnding": "2023-12-31"
  },
  {
    "date": "2023-10-25",
    "symbol": "EQIX",
    "eps": 8.19,
    "epsEstimated": 7.79,
    "time": "amc",
    "revenue": 2061030000,
    "revenueEstimated": 2056964329,
    "updatedFromDate": "2025-04-25",
    "fiscalDateEnding": "2023-09-30"
  },
  {
    "date": "2023-08-02",
    "symbol": "EQIX",
    "eps": 8.04,
    "epsEstimated": 7.51,
    "time": "amc",
    "revenue": 2018408000,
    "revenueEstimated": 2018510000,
    "updatedFromDate": "2025-04-25",
    "fiscalDateEnding": "2023-06-30"
  },
  {
    "date": "2023-05-03",
    "symbol": "EQIX",
    "eps": 8.59,
    "epsEstimated": 7.92,
    "time": "amc",
    "revenue": 1998209000,
    "revenueEstimated": 1980400000,
    "updatedFromDate": "2025-04-25",
    "fiscalDateEnding": "2023-03-31"
  },
  {
    "date": "2023-02-15",
    "symbol": "EQIX",
    "eps": 7.09,
    "epsEstimated": 6.82,
    "time": "amc",
    "revenue": 1870845000,
    "revenueEstimated": 1865052874,
    "updatedFromDate": "2025-04-25",
    "fiscalDateEnding": "2022-12-31"
  },
  {
    "date": "2022-11-02",
    "symbol": "EQIX",
    "eps": 7.73,
    "epsEstimated": 7.19,
    "time": "amc",
    "revenue": 1840659000,
    "revenueEstimated": 1837247566,
    "updatedFromDate": "2025-04-25",
    "fiscalDateEnding": "2022-09-30"
  },
  {
    "date": "2022-07-27",
    "symbol": "EQIX",
    "eps": 7.58,
    "epsEstimated": 7.3,
    "time": "amc",
    "revenue": 1817154000,
    "revenueEstimated": 1817451405,
    "updatedFromDate": "2025-04-25",
    "fiscalDateEnding": "2022-06-30"
  },
  {
    "date": "2022-04-27",
    "symbol": "EQIX",
    "eps": 7.16,
    "epsEstimated": 7.19,
    "time": "amc",
    "revenue": 1734447000,
    "revenueEstimated": 1746427082,
    "updatedFromDate": "2025-04-25",
    "fiscalDateEnding": "2022-03-31"
  },
  {
    "date": "2022-02-16",
    "symbol": "EQIX",
    "eps": 6.22,
    "epsEstimated": 6.27,
    "time": "amc",
    "revenue": 1706378000,
    "revenueEstimated": 1697036620,
    "updatedFromDate": "2025-04-25",
    "fiscalDateEnding": "2021-12-31"
  },
  {
    "date": "2021-11-03",
    "symbol": "EQIX",
    "eps": 6.94,
    "epsEstimated": 6.69,
    "time": "amc",
    "revenue": 1675176000,
    "revenueEstimated": 1680580000,
    "updatedFromDate": "2025-04-25",
    "fiscalDateEnding": "2021-09-30"
  },
  {
    "date": "2021-07-28",
    "symbol": "EQIX",
    "eps": 7.01,
    "epsEstimated": 6.72,
    "time": "amc",
    "revenue": 1657919000,
    "revenueEstimated": 1680580000,
    "updatedFromDate": "2025-04-25",
    "fiscalDateEnding": "2021-06-30"
  },
  {
    "date": "2021-04-28",
    "symbol": "EQIX",
    "eps": 6.98,
    "epsEstimated": 6.63,
    "time": "amc",
    "revenue": 1596064000,
    "revenueEstimated": 1596130000,
    "updatedFromDate": "2025-04-25",
    "fiscalDateEnding": "2021-03-31"
  },
  {
    "date": "2021-02-10",
    "symbol": "EQIX",
    "eps": 5.76,
    "epsEstimated": 5.65,
    "time": "amc",
    "revenue": 1564115000,
    "revenueEstimated": 2290968441,
    "updatedFromDate": "2025-04-25",
    "fiscalDateEnding": "2020-12-31"
  },
  {
    "date": "2020-10-28",
    "symbol": "EQIX",
    "eps": 6.48,
    "epsEstimated": 6.03,
    "time": "amc",
    "revenue": 1519767000,
    "revenueEstimated": 3450281837,
    "updatedFromDate": "2025-04-25",
    "fiscalDateEnding": "2020-09-30"
  },
  {
    "date": "2020-07-29",
    "symbol": "EQIX",
    "eps": 6.35,
    "epsEstimated": 5.98,
    "time": "amc",
    "revenue": 1470121000,
    "revenueEstimated": 1586183184,
    "updatedFromDate": "2025-04-25",
    "fiscalDateEnding": "2020-06-30"
  },
  {
    "date": "2020-05-06",
    "symbol": "EQIX",
    "eps": 6.21,
    "epsEstimated": 5.98,
    "time": "amc",
    "revenue": 1444542000,
    "revenueEstimated": 1894652913,
    "updatedFromDate": "2025-04-25",
    "fiscalDateEnding": "2020-03-31"
  },
  {
    "date": "2020-02-12",
    "symbol": "EQIX",
    "eps": 5.51,
    "epsEstimated": 5.36,
    "time": "amc",
    "revenue": 1417135000,
    "revenueEstimated": 1514199041,
    "updatedFromDate": "2025-04-25",
    "fiscalDateEnding": "2019-12-31"
  },
  {
    "date": "2019-10-30",
    "symbol": "EQIX",
    "eps": 5.52,
    "epsEstimated": 5.45,
    "time": "amc",
    "revenue": 1396810000,
    "revenueEstimated": 1654377801,
    "updatedFromDate": "2025-04-25",
    "fiscalDateEnding": "2019-09-30"
  },
  {
    "date": "2019-07-31",
    "symbol": "EQIX",
    "eps": 5.87,
    "epsEstimated": 5.57,
    "time": "amc",
    "revenue": 1384977000,
    "revenueEstimated": 1286635437,
    "updatedFromDate": "2025-04-25",
    "fiscalDateEnding": "2019-06-30"
  },
  {
    "date": "2019-05-01",
    "symbol": "EQIX",
    "eps": 5.95,
    "epsEstimated": 5.6,
    "time": "amc",
    "revenue": 1363218000,
    "revenueEstimated": 1363218000,
    "updatedFromDate": "2025-04-25",
    "fiscalDateEnding": "2019-03-31"
  },
  {
    "date": "2019-02-13",
    "symbol": "EQIX",
    "eps": 5.13,
    "epsEstimated": 4.92,
    "time": "amc",
    "revenue": 1310083000,
    "revenueEstimated": 1184854477,
    "updatedFromDate": "2025-04-25",
    "fiscalDateEnding": "2018-12-31"
  },
  {
    "date": "2018-11-01",
    "symbol": "EQIX",
    "eps": 5.01,
    "epsEstimated": 4.95,
    "time": "amc",
    "revenue": 1283751000,
    "revenueEstimated": 811692903,
    "updatedFromDate": "2025-04-25",
    "fiscalDateEnding": "2018-09-30"
  },
  {
    "date": "2018-08-08",
    "symbol": "EQIX",
    "eps": 5.37,
    "epsEstimated": 5.06,
    "time": "amc",
    "revenue": 1261943000,
    "revenueEstimated": 1380667058,
    "updatedFromDate": "2025-04-25",
    "fiscalDateEnding": "2018-06-30"
  },
  {
    "date": "2018-05-02",
    "symbol": "EQIX",
    "eps": 5.21,
    "epsEstimated": 4.94,
    "time": "amc",
    "revenue": 1215877000,
    "revenueEstimated": 1585287341,
    "updatedFromDate": "2025-04-25",
    "fiscalDateEnding": "2018-03-31"
  },
  {
    "date": "2018-02-14",
    "symbol": "EQIX",
    "eps": 4.82,
    "epsEstimated": 4.8,
    "time": "amc",
    "revenue": 1200221000,
    "revenueEstimated": 1727117073,
    "updatedFromDate": "2025-04-25",
    "fiscalDateEnding": "2017-12-31"
  },
  {
    "date": "2017-11-01",
    "symbol": "EQIX",
    "eps": 4.97,
    "epsEstimated": 4.69,
    "time": "amc",
    "revenue": 1152261000,
    "revenueEstimated": 1321755882,
    "updatedFromDate": "2025-04-25",
    "fiscalDateEnding": "2017-09-30"
  },
  {
    "date": "2017-08-02",
    "symbol": "EQIX",
    "eps": 4.59,
    "epsEstimated": 3.91,
    "time": "amc",
    "revenue": 1066421000,
    "revenueEstimated": 1967324137,
    "updatedFromDate": "2025-04-25",
    "fiscalDateEnding": "2017-06-30"
  },
  {
    "date": "2017-04-26",
    "symbol": "EQIX",
    "eps": 4.14,
    "epsEstimated": 4.07,
    "time": "amc",
    "revenue": 949525000,
    "revenueEstimated": 1399263157,
    "updatedFromDate": "2025-04-25",
    "fiscalDateEnding": "2017-03-31"
  },
  {
    "date": "2017-02-15",
    "symbol": "EQIX",
    "eps": 4.08,
    "epsEstimated": 4,
    "time": "amc",
    "revenue": 942647000,
    "revenueEstimated": 811074418,
    "updatedFromDate": "2025-04-25",
    "fiscalDateEnding": "2016-12-31"
  },
  {
    "date": "2016-11-02",
    "symbol": "EQIX",
    "eps": 3.95,
    "epsEstimated": 3.91,
    "time": "amc",
    "revenue": 924676000,
    "revenueEstimated": 886170833,
    "updatedFromDate": "2025-04-25",
    "fiscalDateEnding": "2016-09-30"
  },
  {
    "date": "2016-08-03",
    "symbol": "EQIX",
    "eps": 4.13,
    "epsEstimated": 3.71,
    "time": "amc",
    "revenue": 900510000,
    "revenueEstimated": 886429687,
    "updatedFromDate": "2025-04-25",
    "fiscalDateEnding": "2016-06-30"
  }
]