[
  {
    "date": "2026-04-27",
    "symbol": "EQR",
    "eps": null,
    "epsEstimated": null,
    "time": "amc",
    "revenue": null,
    "revenueEstimated": null,
    "updatedFromDate": "2025-10-02",
    "fiscalDateEnding": "2026-03-30"
  },
  {
    "date": "2026-02-02",
    "symbol": "EQR",
    "eps": null,
    "epsEstimated": null,
    "time": "amc",
    "revenue": null,
    "revenueEstimated": null,
    "updatedFromDate": "2025-10-02",
    "fiscalDateEnding": "2025-12-30"
  },
  {
    "date": "2025-10-29",
    "symbol": "EQR",
    "eps": null,
    "epsEstimated": 1.02,
    "time": "bmo",
    "revenue": null,
    "revenueEstimated": null,
    "updatedFromDate": "2025-10-02",
    "fiscalDateEnding": "2025-09-30"
  },
  {
    "date": "2025-08-04",
    "symbol": "EQR",
    "eps": 0.99,
    "epsEstimated": 0.99,
    "time": "amc",
    "revenue": 768827000,
    "revenueEstimated": 780748280,
    "updatedFromDate": "2025-10-02",
    "fiscalDateEnding": "2025-06-30"
  },
  {
    "date": "2025-04-29",
    "symbol": "EQR",
    "eps": 0.95,
    "epsEstimated": 0.93,
    "time": "amc",
    "revenue": 760810000,
    "revenueEstimated": 769444610,
    "updatedFromDate": "2025-07-29",
    "fiscalDateEnding": "2025-03-31"
  },
  {
    "date": "2025-02-03",
    "symbol": "EQR",
    "eps": 1,
    "epsEstimated": 1,
    "time": "amc",
    "revenue": 766779000,
    "revenueEstimated": 754927110,
    "updatedFromDate": "2025-05-03",
    "fiscalDateEnding": "2024-12-31"
  },
  {
    "date": "2024-10-30",
    "symbol": "EQR",
    "eps": 0.98,
    "epsEstimated": 0.98,
    "time": "amc",
    "revenue": 748348000,
    "revenueEstimated": 744780000,
    "updatedFromDate": "2025-04-25",
    "fiscalDateEnding": "2024-09-30"
  },
  {
    "date": "2024-07-29",
    "symbol": "EQR",
    "eps": 0.97,
    "epsEstimated": 0.96,
    "time": "amc",
    "revenue": 726239000,
    "revenueEstimated": 734370000,
    "updatedFromDate": "2025-04-25",
    "fiscalDateEnding": "2024-06-30"
  },
  {
    "date": "2024-04-23",
    "symbol": "EQR",
    "eps": 0.77,
    "epsEstimated": 0.33,
    "time": "amc",
    "revenue": 721603000,
    "revenueEstimated": 726230000,
    "updatedFromDate": "2025-04-25",
    "fiscalDateEnding": "2024-03-31"
  },
  {
    "date": "2024-01-30",
    "symbol": "EQR",
    "eps": 0.82,
    "epsEstimated": 0.43,
    "time": "amc",
    "revenue": 736473000,
    "revenueEstimated": 727050000,
    "updatedFromDate": "2025-04-25",
    "fiscalDateEnding": "2023-12-31"
  },
  {
    "date": "2023-10-31",
    "symbol": "EQR",
    "eps": 0.96,
    "epsEstimated": 0.97,
    "time": "amc",
    "revenue": 724067000,
    "revenueEstimated": 727520000,
    "updatedFromDate": "2025-04-25",
    "fiscalDateEnding": "2023-09-30"
  },
  {
    "date": "2023-07-27",
    "symbol": "EQR",
    "eps": 0.94,
    "epsEstimated": 0.94,
    "time": "amc",
    "revenue": 717309000,
    "revenueEstimated": 725680000,
    "updatedFromDate": "2025-04-25",
    "fiscalDateEnding": "2023-06-30"
  },
  {
    "date": "2023-04-25",
    "symbol": "EQR",
    "eps": 0.87,
    "epsEstimated": 0.88,
    "time": "amc",
    "revenue": 705088000,
    "revenueEstimated": 713250000,
    "updatedFromDate": "2025-04-25",
    "fiscalDateEnding": "2023-03-31"
  },
  {
    "date": "2023-02-09",
    "symbol": "EQR",
    "eps": 0.94,
    "epsEstimated": 0.94,
    "time": "amc",
    "revenue": 699703000,
    "revenueEstimated": 703555851,
    "updatedFromDate": "2025-04-25",
    "fiscalDateEnding": "2022-12-31"
  },
  {
    "date": "2022-10-25",
    "symbol": "EQR",
    "eps": 0.86,
    "epsEstimated": 0.35,
    "time": "amc",
    "revenue": 695099000,
    "revenueEstimated": 696683215,
    "updatedFromDate": "2025-04-25",
    "fiscalDateEnding": "2022-09-30"
  },
  {
    "date": "2022-07-26",
    "symbol": "EQR",
    "eps": 0.89,
    "epsEstimated": 0.85,
    "time": "amc",
    "revenue": 687030000,
    "revenueEstimated": 673584142,
    "updatedFromDate": "2025-04-25",
    "fiscalDateEnding": "2022-06-30"
  },
  {
    "date": "2022-04-26",
    "symbol": "EQR",
    "eps": 0.77,
    "epsEstimated": 0.8,
    "time": "amc",
    "revenue": 653348000,
    "revenueEstimated": 657216504,
    "updatedFromDate": "2025-04-25",
    "fiscalDateEnding": "2022-03-31"
  },
  {
    "date": "2022-02-01",
    "symbol": "EQR",
    "eps": 0.82,
    "epsEstimated": 0.8,
    "time": "amc",
    "revenue": 645130000,
    "revenueEstimated": 633482441,
    "updatedFromDate": "2025-04-25",
    "fiscalDateEnding": "2021-12-31"
  },
  {
    "date": "2021-10-26",
    "symbol": "EQR",
    "eps": 0.77,
    "epsEstimated": 0.75,
    "time": "amc",
    "revenue": 623206000,
    "revenueEstimated": 609360000,
    "updatedFromDate": "2025-04-25",
    "fiscalDateEnding": "2021-09-30"
  },
  {
    "date": "2021-07-27",
    "symbol": "EQR",
    "eps": 0.84,
    "epsEstimated": 0.24,
    "time": "amc",
    "revenue": 598059000,
    "revenueEstimated": 607420000,
    "updatedFromDate": "2025-04-25",
    "fiscalDateEnding": "2021-06-30"
  },
  {
    "date": "2021-04-27",
    "symbol": "EQR",
    "eps": 0.68,
    "epsEstimated": 0.68,
    "time": "amc",
    "revenue": 597602000,
    "revenueEstimated": 595800000,
    "updatedFromDate": "2025-04-25",
    "fiscalDateEnding": "2021-03-31"
  },
  {
    "date": "2021-02-10",
    "symbol": "EQR",
    "eps": 0.68,
    "epsEstimated": 0.24,
    "time": "amc",
    "revenue": 613435000,
    "revenueEstimated": 511195833,
    "updatedFromDate": "2025-04-25",
    "fiscalDateEnding": "2020-12-31"
  },
  {
    "date": "2020-10-27",
    "symbol": "EQR",
    "eps": 0.77,
    "epsEstimated": 0.82,
    "time": "amc",
    "revenue": 622433000,
    "revenueEstimated": 2774215833,
    "updatedFromDate": "2025-04-25",
    "fiscalDateEnding": "2020-09-30"
  },
  {
    "date": "2020-07-28",
    "symbol": "EQR",
    "eps": 0.7,
    "epsEstimated": 0.36,
    "time": "amc",
    "revenue": 653532000,
    "revenueEstimated": 454919533,
    "updatedFromDate": "2025-04-25",
    "fiscalDateEnding": "2020-06-30"
  },
  {
    "date": "2020-05-05",
    "symbol": "EQR",
    "eps": 0.83,
    "epsEstimated": 0.33,
    "time": "amc",
    "revenue": 682329000,
    "revenueEstimated": 271287433,
    "updatedFromDate": "2025-04-25",
    "fiscalDateEnding": "2020-03-31"
  },
  {
    "date": "2020-01-28",
    "symbol": "EQR",
    "eps": 0.77,
    "epsEstimated": 0.35,
    "time": "amc",
    "revenue": 683919000,
    "revenueEstimated": 507809857,
    "updatedFromDate": "2025-04-25",
    "fiscalDateEnding": "2019-12-31"
  },
  {
    "date": "2019-10-22",
    "symbol": "EQR",
    "eps": 0.71,
    "epsEstimated": 0.37,
    "time": "amc",
    "revenue": 685145000,
    "revenueEstimated": 464035283,
    "updatedFromDate": "2025-04-25",
    "fiscalDateEnding": "2019-09-30"
  },
  {
    "date": "2019-07-30",
    "symbol": "EQR",
    "eps": 0.83,
    "epsEstimated": 0.35,
    "time": "amc",
    "revenue": 669517000,
    "revenueEstimated": 282326445,
    "updatedFromDate": "2025-04-25",
    "fiscalDateEnding": "2019-06-30"
  },
  {
    "date": "2019-04-30",
    "symbol": "EQR",
    "eps": 0.82,
    "epsEstimated": 0.81,
    "time": "amc",
    "revenue": 662494000,
    "revenueEstimated": 733475499,
    "updatedFromDate": "2025-04-25",
    "fiscalDateEnding": "2019-03-31"
  },
  {
    "date": "2019-01-29",
    "symbol": "EQR",
    "eps": 0.84,
    "epsEstimated": 0.85,
    "time": "amc",
    "revenue": 652743000,
    "revenueEstimated": 758024129,
    "updatedFromDate": "2025-04-25",
    "fiscalDateEnding": "2018-12-31"
  },
  {
    "date": "2018-10-23",
    "symbol": "EQR",
    "eps": 0.6,
    "epsEstimated": 0.35,
    "time": "amc",
    "revenue": 652867000,
    "revenueEstimated": 554004281,
    "updatedFromDate": "2025-04-25",
    "fiscalDateEnding": "2018-09-30"
  },
  {
    "date": "2018-07-24",
    "symbol": "EQR",
    "eps": 0.81,
    "epsEstimated": 0.8,
    "time": "amc",
    "revenue": 639808000,
    "revenueEstimated": 639800000,
    "updatedFromDate": "2025-04-25",
    "fiscalDateEnding": "2018-06-30"
  },
  {
    "date": "2018-04-24",
    "symbol": "EQR",
    "eps": 0.57,
    "epsEstimated": 0.28,
    "time": "amc",
    "revenue": 633016000,
    "revenueEstimated": 424901380,
    "updatedFromDate": "2025-04-25",
    "fiscalDateEnding": "2018-03-31"
  },
  {
    "date": "2018-01-30",
    "symbol": "EQR",
    "eps": 0.83,
    "epsEstimated": 0.81,
    "time": "amc",
    "revenue": 630704000,
    "revenueEstimated": 667799999,
    "updatedFromDate": "2025-04-25",
    "fiscalDateEnding": "2017-12-31"
  },
  {
    "date": "2017-10-24",
    "symbol": "EQR",
    "eps": 0.8,
    "epsEstimated": 0.79,
    "time": "amc",
    "revenue": 624122000,
    "revenueEstimated": 573497297,
    "updatedFromDate": "2025-04-25",
    "fiscalDateEnding": "2017-09-30"
  },
  {
    "date": "2017-07-25",
    "symbol": "EQR",
    "eps": 0.77,
    "epsEstimated": 0.77,
    "time": "amc",
    "revenue": 612480000,
    "revenueEstimated": 381367924,
    "updatedFromDate": "2025-04-25",
    "fiscalDateEnding": "2017-06-30"
  },
  {
    "date": "2017-04-25",
    "symbol": "EQR",
    "eps": 0.74,
    "epsEstimated": 0.74,
    "time": "amc",
    "revenue": 604100000,
    "revenueEstimated": 449202564,
    "updatedFromDate": "2025-04-25",
    "fiscalDateEnding": "2017-03-31"
  },
  {
    "date": "2017-01-31",
    "symbol": "EQR",
    "eps": 0.75,
    "epsEstimated": 0.4,
    "time": "amc",
    "revenue": 605489000,
    "revenueEstimated": 421477106,
    "updatedFromDate": "2025-04-25",
    "fiscalDateEnding": "2016-12-31"
  },
  {
    "date": "2016-10-25",
    "symbol": "EQR",
    "eps": 0.56,
    "epsEstimated": 0.4,
    "time": "amc",
    "revenue": 606074000,
    "revenueEstimated": 432928571,
    "updatedFromDate": "2025-04-25",
    "fiscalDateEnding": "2016-09-30"
  },
  {
    "date": "2016-07-26",
    "symbol": "EQR",
    "eps": 0.59,
    "epsEstimated": 0.42,
    "time": "amc",
    "revenue": 595154000,
    "revenueEstimated": 423701694,
    "updatedFromDate": "2025-04-25",
    "fiscalDateEnding": "2016-06-30"
  }
]