[
  {
    "date": "2026-04-20",
    "symbol": "EQT",
    "eps": null,
    "epsEstimated": null,
    "time": "amc",
    "revenue": null,
    "revenueEstimated": null,
    "updatedFromDate": "2025-10-02",
    "fiscalDateEnding": "2026-03-30"
  },
  {
    "date": "2026-02-16",
    "symbol": "EQT",
    "eps": null,
    "epsEstimated": null,
    "time": "amc",
    "revenue": null,
    "revenueEstimated": null,
    "updatedFromDate": "2025-10-02",
    "fiscalDateEnding": "2025-12-30"
  },
  {
    "date": "2025-11-04",
    "symbol": "EQT",
    "eps": null,
    "epsEstimated": 0.5,
    "time": "bmo",
    "revenue": null,
    "revenueEstimated": 1815338800,
    "updatedFromDate": "2025-10-02",
    "fiscalDateEnding": "2025-09-30"
  },
  {
    "date": "2025-07-22",
    "symbol": "EQT",
    "eps": 0.45,
    "epsEstimated": 0.4192,
    "time": "amc",
    "revenue": 2557719000,
    "revenueEstimated": 1761833250,
    "updatedFromDate": "2025-10-02",
    "fiscalDateEnding": "2025-06-30"
  },
  {
    "date": "2025-04-22",
    "symbol": "EQT",
    "eps": 1.18,
    "epsEstimated": 1.03,
    "time": "amc",
    "revenue": 2418769000,
    "revenueEstimated": 2162284484,
    "updatedFromDate": "2025-07-22",
    "fiscalDateEnding": "2025-03-31"
  },
  {
    "date": "2025-02-18",
    "symbol": "EQT",
    "eps": 0.69,
    "epsEstimated": 0.532,
    "time": "amc",
    "revenue": 1808270000,
    "revenueEstimated": 1774940397,
    "updatedFromDate": "2025-05-18",
    "fiscalDateEnding": "2024-12-31"
  },
  {
    "date": "2024-10-29",
    "symbol": "EQT",
    "eps": 0.12,
    "epsEstimated": 0.07577,
    "time": "amc",
    "revenue": 1216986000,
    "revenueEstimated": 1354921492,
    "updatedFromDate": "2025-04-22",
    "fiscalDateEnding": "2024-09-30"
  },
  {
    "date": "2024-07-23",
    "symbol": "EQT",
    "eps": -0.08,
    "epsEstimated": -0.19436,
    "time": "amc",
    "revenue": 891179000,
    "revenueEstimated": 1061629134,
    "updatedFromDate": "2025-04-22",
    "fiscalDateEnding": "2024-06-30"
  },
  {
    "date": "2024-04-23",
    "symbol": "EQT",
    "eps": 0.82,
    "epsEstimated": 0.646,
    "time": "amc",
    "revenue": 1305757000,
    "revenueEstimated": 1578886440,
    "updatedFromDate": "2025-04-22",
    "fiscalDateEnding": "2024-03-31"
  },
  {
    "date": "2024-02-13",
    "symbol": "EQT",
    "eps": 0.48,
    "epsEstimated": 0.48,
    "time": "amc",
    "revenue": 1371202000,
    "revenueEstimated": 1571190000,
    "updatedFromDate": "2025-04-22",
    "fiscalDateEnding": "2023-12-31"
  },
  {
    "date": "2023-10-25",
    "symbol": "EQT",
    "eps": 0.3,
    "epsEstimated": -0.12,
    "time": "amc",
    "revenue": 1008196000,
    "revenueEstimated": 1131470000,
    "updatedFromDate": "2025-04-22",
    "fiscalDateEnding": "2023-09-30"
  },
  {
    "date": "2023-07-25",
    "symbol": "EQT",
    "eps": -0.17,
    "epsEstimated": -0.27,
    "time": "amc",
    "revenue": 854365000,
    "revenueEstimated": 1029090000,
    "updatedFromDate": "2025-04-22",
    "fiscalDateEnding": "2023-06-30"
  },
  {
    "date": "2023-04-26",
    "symbol": "EQT",
    "eps": 1.7,
    "epsEstimated": 1.32,
    "time": "amc",
    "revenue": 1836219000,
    "revenueEstimated": 1174550000,
    "updatedFromDate": "2025-04-22",
    "fiscalDateEnding": "2023-03-31"
  },
  {
    "date": "2023-02-15",
    "symbol": "EQT",
    "eps": 0.42,
    "epsEstimated": 0.43,
    "time": "amc",
    "revenue": 2572732000,
    "revenueEstimated": 1440428382,
    "updatedFromDate": "2025-04-22",
    "fiscalDateEnding": "2022-12-31"
  },
  {
    "date": "2022-10-26",
    "symbol": "EQT",
    "eps": 1.04,
    "epsEstimated": 0.99,
    "time": "amc",
    "revenue": 3696759000,
    "revenueEstimated": 1753879424,
    "updatedFromDate": "2025-04-22",
    "fiscalDateEnding": "2022-09-30"
  },
  {
    "date": "2022-07-27",
    "symbol": "EQT",
    "eps": 0.83,
    "epsEstimated": 0.81,
    "time": "amc",
    "revenue": 3372603000,
    "revenueEstimated": 1610802195,
    "updatedFromDate": "2025-04-22",
    "fiscalDateEnding": "2022-06-30"
  },
  {
    "date": "2022-04-27",
    "symbol": "EQT",
    "eps": 0.81,
    "epsEstimated": 1.04,
    "time": "amc",
    "revenue": 2498527000,
    "revenueEstimated": 1624422978,
    "updatedFromDate": "2025-04-22",
    "fiscalDateEnding": "2022-03-31"
  },
  {
    "date": "2022-02-09",
    "symbol": "EQT",
    "eps": 0.41,
    "epsEstimated": 0.51,
    "time": "amc",
    "revenue": 2823154000,
    "revenueEstimated": 1467360463,
    "updatedFromDate": "2025-04-22",
    "fiscalDateEnding": "2021-12-31"
  },
  {
    "date": "2021-10-27",
    "symbol": "EQT",
    "eps": 0.12,
    "epsEstimated": -0.05,
    "time": "amc",
    "revenue": 1792399000,
    "revenueEstimated": 1092390000,
    "updatedFromDate": "2025-04-22",
    "fiscalDateEnding": "2021-09-30"
  },
  {
    "date": "2021-07-28",
    "symbol": "EQT",
    "eps": 0.07,
    "epsEstimated": 0.05707,
    "time": "amc",
    "revenue": 1085416000,
    "revenueEstimated": 1007401721,
    "updatedFromDate": "2025-04-22",
    "fiscalDateEnding": "2021-06-30"
  },
  {
    "date": "2021-05-05",
    "symbol": "EQT",
    "eps": 0.3,
    "epsEstimated": 0.27,
    "time": "amc",
    "revenue": 1138736000,
    "revenueEstimated": 1099640000,
    "updatedFromDate": "2025-04-22",
    "fiscalDateEnding": "2021-03-31"
  },
  {
    "date": "2021-02-17",
    "symbol": "EQT",
    "eps": -0.02,
    "epsEstimated": -0.24,
    "time": "bmo",
    "revenue": 841051000,
    "revenueEstimated": 1453336128,
    "updatedFromDate": "2025-04-22",
    "fiscalDateEnding": "2020-12-31"
  },
  {
    "date": "2020-10-22",
    "symbol": "EQT",
    "eps": -0.15,
    "epsEstimated": -0.22,
    "time": "bmo",
    "revenue": 599309000,
    "revenueEstimated": 298353466,
    "updatedFromDate": "2025-04-22",
    "fiscalDateEnding": "2020-09-30"
  },
  {
    "date": "2020-07-27",
    "symbol": "EQT",
    "eps": -0.18,
    "epsEstimated": -0.15,
    "time": "bmo",
    "revenue": 500648000,
    "revenueEstimated": 380664555,
    "updatedFromDate": "2025-04-22",
    "fiscalDateEnding": "2020-06-30"
  },
  {
    "date": "2020-05-07",
    "symbol": "EQT",
    "eps": 0.14,
    "epsEstimated": null,
    "time": "bmo",
    "revenue": 717621000,
    "revenueEstimated": null,
    "updatedFromDate": "2025-04-22",
    "fiscalDateEnding": "2020-03-31"
  },
  {
    "date": "2020-02-27",
    "symbol": "EQT",
    "eps": -0.03,
    "epsEstimated": 0.09,
    "time": "bmo",
    "revenue": 850801000,
    "revenueEstimated": 7080381000,
    "updatedFromDate": "2025-04-22",
    "fiscalDateEnding": "2019-12-31"
  },
  {
    "date": "2019-10-31",
    "symbol": "EQT",
    "eps": -0.06,
    "epsEstimated": -0.17,
    "time": "bmo",
    "revenue": 771263000,
    "revenueEstimated": 3013324000,
    "updatedFromDate": "2025-04-22",
    "fiscalDateEnding": "2019-09-30"
  },
  {
    "date": "2019-07-25",
    "symbol": "EQT",
    "eps": 0.09,
    "epsEstimated": 0.03,
    "time": "bmo",
    "revenue": 902617000,
    "revenueEstimated": 291167111,
    "updatedFromDate": "2025-04-22",
    "fiscalDateEnding": "2019-06-30"
  },
  {
    "date": "2019-04-25",
    "symbol": "EQT",
    "eps": 0.83,
    "epsEstimated": 0.79,
    "time": "bmo",
    "revenue": 1275169000,
    "revenueEstimated": 1088080325,
    "updatedFromDate": "2025-04-22",
    "fiscalDateEnding": "2019-03-31"
  },
  {
    "date": "2019-02-14",
    "symbol": "EQT",
    "eps": 0.79,
    "epsEstimated": 0.79,
    "time": "bmo",
    "revenue": 1429349000,
    "revenueEstimated": 899215594,
    "updatedFromDate": "2025-04-22",
    "fiscalDateEnding": "2018-12-31"
  },
  {
    "date": "2018-10-25",
    "symbol": "EQT",
    "eps": 0.35,
    "epsEstimated": 0.33,
    "time": "bmo",
    "revenue": 1161945000,
    "revenueEstimated": 1260055200,
    "updatedFromDate": "2025-04-22",
    "fiscalDateEnding": "2018-09-30"
  },
  {
    "date": "2018-07-26",
    "symbol": "EQT",
    "eps": 0.44,
    "epsEstimated": 0.37,
    "time": "bmo",
    "revenue": 1108568000,
    "revenueEstimated": 1015413636,
    "updatedFromDate": "2025-04-22",
    "fiscalDateEnding": "2018-06-30"
  },
  {
    "date": "2018-04-26",
    "symbol": "EQT",
    "eps": 1.01,
    "epsEstimated": 1.01,
    "time": "bmo",
    "revenue": 1370991000,
    "revenueEstimated": 1286019801,
    "updatedFromDate": "2025-04-22",
    "fiscalDateEnding": "2018-03-31"
  },
  {
    "date": "2018-02-15",
    "symbol": "EQT",
    "eps": 0.76,
    "epsEstimated": 0.22,
    "time": "bmo",
    "revenue": 961958000,
    "revenueEstimated": 268010526,
    "updatedFromDate": "2025-04-22",
    "fiscalDateEnding": "2017-12-31"
  },
  {
    "date": "2017-10-26",
    "symbol": "EQT",
    "eps": 0.12,
    "epsEstimated": 0.02259,
    "time": "bmo",
    "revenue": 624688000,
    "revenueEstimated": 219800000,
    "updatedFromDate": "2025-04-22",
    "fiscalDateEnding": "2017-09-30"
  },
  {
    "date": "2017-07-27",
    "symbol": "EQT",
    "eps": 0.06,
    "epsEstimated": 0.05,
    "time": "bmo",
    "revenue": 644567000,
    "revenueEstimated": 918266666,
    "updatedFromDate": "2025-04-22",
    "fiscalDateEnding": "2017-06-30"
  },
  {
    "date": "2017-04-27",
    "symbol": "EQT",
    "eps": 0.44,
    "epsEstimated": 0.45,
    "time": "bmo",
    "revenue": 756781000,
    "revenueEstimated": 1001860465,
    "updatedFromDate": "2025-04-22",
    "fiscalDateEnding": "2017-03-31"
  },
  {
    "date": "2017-02-02",
    "symbol": "EQT",
    "eps": 0.25,
    "epsEstimated": -0.1,
    "time": "bmo",
    "revenue": 595671000,
    "revenueEstimated": 50496000,
    "updatedFromDate": "2025-04-22",
    "fiscalDateEnding": "2016-12-31"
  },
  {
    "date": "2016-10-27",
    "symbol": "EQT",
    "eps": -0.26,
    "epsEstimated": -0.44,
    "time": "bmo",
    "revenue": 463370000,
    "revenueEstimated": 878030769,
    "updatedFromDate": "2025-04-22",
    "fiscalDateEnding": "2016-09-30"
  },
  {
    "date": "2016-07-28",
    "symbol": "EQT",
    "eps": -0.35,
    "epsEstimated": -0.46,
    "time": "bmo",
    "revenue": 362224000,
    "revenueEstimated": 142071428,
    "updatedFromDate": "2025-04-22",
    "fiscalDateEnding": "2016-06-30"
  }
]