[
  {
    "date": "2026-04-22",
    "symbol": "ERIE",
    "eps": null,
    "epsEstimated": null,
    "time": "amc",
    "revenue": null,
    "revenueEstimated": null,
    "updatedFromDate": "2025-10-02",
    "fiscalDateEnding": "2026-03-30"
  },
  {
    "date": "2026-02-25",
    "symbol": "ERIE",
    "eps": null,
    "epsEstimated": null,
    "time": "amc",
    "revenue": null,
    "revenueEstimated": null,
    "updatedFromDate": "2025-10-02",
    "fiscalDateEnding": "2025-12-30"
  },
  {
    "date": "2025-10-30",
    "symbol": "ERIE",
    "eps": null,
    "epsEstimated": 3.37,
    "time": "bmo",
    "revenue": null,
    "revenueEstimated": 1084561000,
    "updatedFromDate": "2025-10-02",
    "fiscalDateEnding": "2025-09-30"
  },
  {
    "date": "2025-08-07",
    "symbol": "ERIE",
    "eps": 3.34,
    "epsEstimated": 3.48,
    "time": "amc",
    "revenue": 1292446000,
    "revenueEstimated": 1087843000,
    "updatedFromDate": "2025-10-02",
    "fiscalDateEnding": "2025-06-30"
  },
  {
    "date": "2025-04-24",
    "symbol": "ERIE",
    "eps": 2.65,
    "epsEstimated": 3.1,
    "time": "amc",
    "revenue": 989399000,
    "revenueEstimated": 986484500,
    "updatedFromDate": "2025-07-24",
    "fiscalDateEnding": "2025-03-31"
  },
  {
    "date": "2025-02-27",
    "symbol": "ERIE",
    "eps": 2.91,
    "epsEstimated": 2.76,
    "time": "amc",
    "revenue": 338709000,
    "revenueEstimated": 925117000,
    "updatedFromDate": "2025-05-27",
    "fiscalDateEnding": "2024-12-31"
  },
  {
    "date": "2024-10-31",
    "symbol": "ERIE",
    "eps": 3.06,
    "epsEstimated": 3.02,
    "time": "amc",
    "revenue": 999886000,
    "revenueEstimated": 985103000,
    "updatedFromDate": "2025-04-25",
    "fiscalDateEnding": "2024-09-30"
  },
  {
    "date": "2024-07-25",
    "symbol": "ERIE",
    "eps": 3.13,
    "epsEstimated": 2.58,
    "time": "amc",
    "revenue": 988179000,
    "revenueEstimated": 933959000,
    "updatedFromDate": "2025-04-25",
    "fiscalDateEnding": "2024-06-30"
  },
  {
    "date": "2024-04-25",
    "symbol": "ERIE",
    "eps": 2.38,
    "epsEstimated": 2.29,
    "time": "amc",
    "revenue": 880506000,
    "revenueEstimated": 835614000,
    "updatedFromDate": "2025-04-25",
    "fiscalDateEnding": "2024-03-31"
  },
  {
    "date": "2024-02-26",
    "symbol": "ERIE",
    "eps": 2.12,
    "epsEstimated": 2.03,
    "time": "amc",
    "revenue": 817667000,
    "revenueEstimated": 772570000,
    "updatedFromDate": "2025-04-25",
    "fiscalDateEnding": "2023-12-31"
  },
  {
    "date": "2023-10-26",
    "symbol": "ERIE",
    "eps": 2.51,
    "epsEstimated": 2.06,
    "time": "amc",
    "revenue": 858938000,
    "revenueEstimated": 772570000,
    "updatedFromDate": "2025-04-25",
    "fiscalDateEnding": "2023-09-30"
  },
  {
    "date": "2023-07-27",
    "symbol": "ERIE",
    "eps": 2.25,
    "epsEstimated": 1.91,
    "time": "amc",
    "revenue": 851497000,
    "revenueEstimated": 839870000,
    "updatedFromDate": "2025-04-25",
    "fiscalDateEnding": "2023-06-30"
  },
  {
    "date": "2023-04-27",
    "symbol": "ERIE",
    "eps": 1.65,
    "epsEstimated": 1.48,
    "time": "amc",
    "revenue": 747733000,
    "revenueEstimated": 705000000,
    "updatedFromDate": "2025-04-25",
    "fiscalDateEnding": "2023-03-31"
  },
  {
    "date": "2023-03-01",
    "symbol": "ERIE",
    "eps": 1.25,
    "epsEstimated": 1.31,
    "time": "amc",
    "revenue": 700923000,
    "revenueEstimated": 675644800,
    "updatedFromDate": "2025-04-25",
    "fiscalDateEnding": "2022-12-31"
  },
  {
    "date": "2022-10-27",
    "symbol": "ERIE",
    "eps": 1.61,
    "epsEstimated": 1.71,
    "time": "amc",
    "revenue": 740665000,
    "revenueEstimated": 718962000,
    "updatedFromDate": "2025-04-25",
    "fiscalDateEnding": "2022-09-30"
  },
  {
    "date": "2022-07-28",
    "symbol": "ERIE",
    "eps": 1.53,
    "epsEstimated": 1.56,
    "time": "amc",
    "revenue": 724049000,
    "revenueEstimated": 707475000,
    "updatedFromDate": "2025-04-25",
    "fiscalDateEnding": "2022-06-30"
  },
  {
    "date": "2022-04-28",
    "symbol": "ERIE",
    "eps": 1.31,
    "epsEstimated": 1.43,
    "time": "amc",
    "revenue": 675119000,
    "revenueEstimated": 650626000,
    "updatedFromDate": "2025-04-25",
    "fiscalDateEnding": "2022-03-31"
  },
  {
    "date": "2022-02-24",
    "symbol": "ERIE",
    "eps": 1.05,
    "epsEstimated": 1.19,
    "time": "amc",
    "revenue": 648259000,
    "revenueEstimated": 631875000,
    "updatedFromDate": "2025-04-25",
    "fiscalDateEnding": "2021-12-31"
  },
  {
    "date": "2021-10-28",
    "symbol": "ERIE",
    "eps": 1.72,
    "epsEstimated": 1.62,
    "time": "amc",
    "revenue": 708437000,
    "revenueEstimated": 683970000,
    "updatedFromDate": "2025-04-25",
    "fiscalDateEnding": "2021-09-30"
  },
  {
    "date": "2021-07-29",
    "symbol": "ERIE",
    "eps": 1.51,
    "epsEstimated": 1.48,
    "time": "amc",
    "revenue": 696448000,
    "revenueEstimated": 667240000,
    "updatedFromDate": "2025-04-25",
    "fiscalDateEnding": "2021-06-30"
  },
  {
    "date": "2021-04-29",
    "symbol": "ERIE",
    "eps": 1.41,
    "epsEstimated": 1.46,
    "time": "amc",
    "revenue": 648165000,
    "revenueEstimated": 627290000,
    "updatedFromDate": "2025-04-25",
    "fiscalDateEnding": "2021-03-31"
  },
  {
    "date": "2021-02-25",
    "symbol": "ERIE",
    "eps": 1.2,
    "epsEstimated": 1.21,
    "time": "amc",
    "revenue": 620904000,
    "revenueEstimated": 626035438,
    "updatedFromDate": "2025-04-25",
    "fiscalDateEnding": "2020-12-31"
  },
  {
    "date": "2020-10-29",
    "symbol": "ERIE",
    "eps": 1.71,
    "epsEstimated": 1.5,
    "time": "amc",
    "revenue": 666304000,
    "revenueEstimated": 573228947,
    "updatedFromDate": "2025-04-25",
    "fiscalDateEnding": "2020-09-30"
  },
  {
    "date": "2020-07-30",
    "symbol": "ERIE",
    "eps": 1.57,
    "epsEstimated": 1.41,
    "time": "amc",
    "revenue": 670901000,
    "revenueEstimated": 590061649,
    "updatedFromDate": "2025-04-25",
    "fiscalDateEnding": "2020-06-30"
  },
  {
    "date": "2020-05-07",
    "symbol": "ERIE",
    "eps": 1.13,
    "epsEstimated": 1.52,
    "time": "amc",
    "revenue": 611247000,
    "revenueEstimated": 829593132,
    "updatedFromDate": "2025-04-25",
    "fiscalDateEnding": "2020-03-31"
  },
  {
    "date": "2020-02-27",
    "symbol": "ERIE",
    "eps": 1.14,
    "epsEstimated": 1.29,
    "time": "amc",
    "revenue": 605540000,
    "revenueEstimated": 675258421,
    "updatedFromDate": "2025-04-25",
    "fiscalDateEnding": "2019-12-31"
  },
  {
    "date": "2019-10-24",
    "symbol": "ERIE",
    "eps": 1.8,
    "epsEstimated": 1.66,
    "time": "amc",
    "revenue": 649059000,
    "revenueEstimated": 589062066,
    "updatedFromDate": "2025-04-25",
    "fiscalDateEnding": "2019-09-30"
  },
  {
    "date": "2019-07-25",
    "symbol": "ERIE",
    "eps": 1.68,
    "epsEstimated": 1.67,
    "time": "amc",
    "revenue": 656958000,
    "revenueEstimated": 643854583,
    "updatedFromDate": "2025-04-25",
    "fiscalDateEnding": "2019-06-30"
  },
  {
    "date": "2019-05-02",
    "symbol": "ERIE",
    "eps": 1.44,
    "epsEstimated": 1.38,
    "time": "amc",
    "revenue": 605048000,
    "revenueEstimated": 569351583,
    "updatedFromDate": "2025-04-25",
    "fiscalDateEnding": "2019-03-31"
  },
  {
    "date": "2019-02-21",
    "symbol": "ERIE",
    "eps": 1.19,
    "epsEstimated": 1.02,
    "time": "amc",
    "revenue": 582646000,
    "revenueEstimated": 494115428,
    "updatedFromDate": "2025-04-25",
    "fiscalDateEnding": "2018-12-31"
  },
  {
    "date": "2018-10-25",
    "symbol": "ERIE",
    "eps": 1.54,
    "epsEstimated": 1.31,
    "time": "amc",
    "revenue": 619785000,
    "revenueEstimated": 520704584,
    "updatedFromDate": "2025-04-25",
    "fiscalDateEnding": "2018-09-30"
  },
  {
    "date": "2018-07-26",
    "symbol": "ERIE",
    "eps": 1.52,
    "epsEstimated": 1.43,
    "time": "amc",
    "revenue": 627884000,
    "revenueEstimated": 584700657,
    "updatedFromDate": "2025-04-25",
    "fiscalDateEnding": "2018-06-30"
  },
  {
    "date": "2018-04-26",
    "symbol": "ERIE",
    "eps": 1.26,
    "epsEstimated": 1.12,
    "time": "amc",
    "revenue": 578515000,
    "revenueEstimated": 508622222,
    "updatedFromDate": "2025-04-25",
    "fiscalDateEnding": "2018-03-31"
  },
  {
    "date": "2018-02-22",
    "symbol": "ERIE",
    "eps": 0.8,
    "epsEstimated": 0.76,
    "time": "amc",
    "revenue": 407621000,
    "revenueEstimated": 381330000,
    "updatedFromDate": "2025-04-25",
    "fiscalDateEnding": "2017-12-31"
  },
  {
    "date": "2017-10-26",
    "symbol": "ERIE",
    "eps": 1.12,
    "epsEstimated": 1.1,
    "time": "amc",
    "revenue": 449373000,
    "revenueEstimated": 434598214,
    "updatedFromDate": "2025-04-25",
    "fiscalDateEnding": "2017-09-30"
  },
  {
    "date": "2017-07-27",
    "symbol": "ERIE",
    "eps": 1.12,
    "epsEstimated": 1.21,
    "time": "amc",
    "revenue": 454866000,
    "revenueEstimated": 484648214,
    "updatedFromDate": "2025-04-25",
    "fiscalDateEnding": "2017-06-30"
  },
  {
    "date": "2017-05-01",
    "symbol": "ERIE",
    "eps": 0.91,
    "epsEstimated": 0.95,
    "time": "amc",
    "revenue": 405689000,
    "revenueEstimated": 416851648,
    "updatedFromDate": "2025-04-25",
    "fiscalDateEnding": "2017-03-31"
  },
  {
    "date": "2017-02-23",
    "symbol": "ERIE",
    "eps": 0.87,
    "epsEstimated": 0.81,
    "time": "amc",
    "revenue": 385848000,
    "revenueEstimated": 353420689,
    "updatedFromDate": "2025-04-25",
    "fiscalDateEnding": "2016-12-31"
  },
  {
    "date": "2016-10-27",
    "symbol": "ERIE",
    "eps": 1.09,
    "epsEstimated": 1.01,
    "time": "amc",
    "revenue": 424455000,
    "revenueEstimated": 387691743,
    "updatedFromDate": "2025-04-25",
    "fiscalDateEnding": "2016-09-30"
  },
  {
    "date": "2016-07-28",
    "symbol": "ERIE",
    "eps": 1.17,
    "epsEstimated": 1.05,
    "time": "amc",
    "revenue": 429174000,
    "revenueEstimated": 380423076,
    "updatedFromDate": "2025-04-25",
    "fiscalDateEnding": "2016-06-30"
  }
]