[
  {
    "date": "2026-04-29",
    "symbol": "ES",
    "eps": null,
    "epsEstimated": null,
    "time": "amc",
    "revenue": null,
    "revenueEstimated": null,
    "updatedFromDate": "2025-10-02",
    "fiscalDateEnding": "2026-03-30"
  },
  {
    "date": "2026-02-09",
    "symbol": "ES",
    "eps": null,
    "epsEstimated": null,
    "time": "amc",
    "revenue": null,
    "revenueEstimated": null,
    "updatedFromDate": "2025-10-02",
    "fiscalDateEnding": "2025-12-30"
  },
  {
    "date": "2025-11-03",
    "symbol": "ES",
    "eps": null,
    "epsEstimated": 1.06,
    "time": "bmo",
    "revenue": null,
    "revenueEstimated": 3278415970,
    "updatedFromDate": "2025-10-02",
    "fiscalDateEnding": "2025-09-30"
  },
  {
    "date": "2025-07-31",
    "symbol": "ES",
    "eps": 0.96,
    "epsEstimated": 0.955,
    "time": "amc",
    "revenue": 2838068000,
    "revenueEstimated": 2931434935,
    "updatedFromDate": "2025-10-02",
    "fiscalDateEnding": "2025-06-30"
  },
  {
    "date": "2025-05-01",
    "symbol": "ES",
    "eps": 1.5,
    "epsEstimated": 1.51,
    "time": "amc",
    "revenue": 4118355000,
    "revenueEstimated": 3680143914,
    "updatedFromDate": "2025-08-01",
    "fiscalDateEnding": "2025-03-31"
  },
  {
    "date": "2025-02-11",
    "symbol": "ES",
    "eps": 1.01,
    "epsEstimated": 1,
    "time": "amc",
    "revenue": 2971488000,
    "revenueEstimated": 3136288843,
    "updatedFromDate": "2025-05-11",
    "fiscalDateEnding": "2024-12-31"
  },
  {
    "date": "2024-11-04",
    "symbol": "ES",
    "eps": -0.33,
    "epsEstimated": 1.08,
    "time": "amc",
    "revenue": 3063224000,
    "revenueEstimated": 3064950000,
    "updatedFromDate": "2024-11-05",
    "fiscalDateEnding": "2024-09-30"
  },
  {
    "date": "2024-07-31",
    "symbol": "ES",
    "eps": 0.95,
    "epsEstimated": 0.96,
    "time": "amc",
    "revenue": 2533522000,
    "revenueEstimated": 2903142637,
    "updatedFromDate": "2025-04-25",
    "fiscalDateEnding": "2024-06-30"
  },
  {
    "date": "2024-05-01",
    "symbol": "ES",
    "eps": 1.49,
    "epsEstimated": 1.46,
    "time": "bmo",
    "revenue": 3332575000,
    "revenueEstimated": 3692226653,
    "updatedFromDate": "2025-04-25",
    "fiscalDateEnding": "2024-03-31"
  },
  {
    "date": "2024-02-13",
    "symbol": "ES",
    "eps": 0.95,
    "epsEstimated": 0.97,
    "time": "amc",
    "revenue": 2694205000,
    "revenueEstimated": 3237280000,
    "updatedFromDate": "2025-04-25",
    "fiscalDateEnding": "2023-12-31"
  },
  {
    "date": "2023-11-06",
    "symbol": "ES",
    "eps": 0.97,
    "epsEstimated": 0.98,
    "time": "bmo",
    "revenue": 2791482000,
    "revenueEstimated": 3320760000,
    "updatedFromDate": "2025-04-25",
    "fiscalDateEnding": "2023-09-30"
  },
  {
    "date": "2023-07-31",
    "symbol": "ES",
    "eps": 1,
    "epsEstimated": 0.92,
    "time": "amc",
    "revenue": 2629342000,
    "revenueEstimated": 3312070000,
    "updatedFromDate": "2025-04-25",
    "fiscalDateEnding": "2023-06-30"
  },
  {
    "date": "2023-05-03",
    "symbol": "ES",
    "eps": 1.41,
    "epsEstimated": 1.34,
    "time": "amc",
    "revenue": 3795643000,
    "revenueEstimated": 3224760000,
    "updatedFromDate": "2025-04-25",
    "fiscalDateEnding": "2023-03-31"
  },
  {
    "date": "2023-02-13",
    "symbol": "ES",
    "eps": 0.92,
    "epsEstimated": 0.94,
    "time": "amc",
    "revenue": 3029740000,
    "revenueEstimated": 1982066085,
    "updatedFromDate": "2025-04-25",
    "fiscalDateEnding": "2022-12-31"
  },
  {
    "date": "2022-11-02",
    "symbol": "ES",
    "eps": 1.01,
    "epsEstimated": 1.03,
    "time": "amc",
    "revenue": 3215645000,
    "revenueEstimated": 2646761784,
    "updatedFromDate": "2025-04-25",
    "fiscalDateEnding": "2022-09-30"
  },
  {
    "date": "2022-07-28",
    "symbol": "ES",
    "eps": 0.86,
    "epsEstimated": 0.84,
    "time": "bmo",
    "revenue": 2572641000,
    "revenueEstimated": 2311766463,
    "updatedFromDate": "2025-04-25",
    "fiscalDateEnding": "2022-06-30"
  },
  {
    "date": "2022-05-04",
    "symbol": "ES",
    "eps": 1.3,
    "epsEstimated": 1.2,
    "time": "amc",
    "revenue": 3471310000,
    "revenueEstimated": 2859495719,
    "updatedFromDate": "2025-04-25",
    "fiscalDateEnding": "2022-03-31"
  },
  {
    "date": "2022-02-16",
    "symbol": "ES",
    "eps": 0.91,
    "epsEstimated": 0.93,
    "time": "amc",
    "revenue": 2481912000,
    "revenueEstimated": 2116466569,
    "updatedFromDate": "2025-04-25",
    "fiscalDateEnding": "2021-12-31"
  },
  {
    "date": "2021-11-02",
    "symbol": "ES",
    "eps": 1.02,
    "epsEstimated": 1.05,
    "time": "amc",
    "revenue": 2461199000,
    "revenueEstimated": 2452590000,
    "updatedFromDate": "2025-04-25",
    "fiscalDateEnding": "2021-09-30"
  },
  {
    "date": "2021-07-29",
    "symbol": "ES",
    "eps": 0.79,
    "epsEstimated": 0.8,
    "time": "amc",
    "revenue": 2122538000,
    "revenueEstimated": 2122540000,
    "updatedFromDate": "2025-04-25",
    "fiscalDateEnding": "2021-06-30"
  },
  {
    "date": "2021-05-10",
    "symbol": "ES",
    "eps": 1.08,
    "epsEstimated": 1.09,
    "time": "bmo",
    "revenue": 2825840000,
    "revenueEstimated": 2559090000,
    "updatedFromDate": "2025-04-25",
    "fiscalDateEnding": "2021-03-31"
  },
  {
    "date": "2021-02-16",
    "symbol": "ES",
    "eps": 0.85,
    "epsEstimated": 0.85,
    "time": "bmo",
    "revenue": 2233933000,
    "revenueEstimated": 2109920000,
    "updatedFromDate": "2025-04-25",
    "fiscalDateEnding": "2020-12-31"
  },
  {
    "date": "2020-11-03",
    "symbol": "ES",
    "eps": 1.02,
    "epsEstimated": 1.02,
    "time": "amc",
    "revenue": 2343642000,
    "revenueEstimated": 2343642000,
    "updatedFromDate": "2025-04-25",
    "fiscalDateEnding": "2020-09-30"
  },
  {
    "date": "2020-07-30",
    "symbol": "ES",
    "eps": 0.76,
    "epsEstimated": 0.76,
    "time": "bmo",
    "revenue": 1953128000,
    "revenueEstimated": 1951228000,
    "updatedFromDate": "2025-04-25",
    "fiscalDateEnding": "2020-06-30"
  },
  {
    "date": "2020-05-06",
    "symbol": "ES",
    "eps": 1.02,
    "epsEstimated": 1.01,
    "time": "amc",
    "revenue": 2373726000,
    "revenueEstimated": 2348473784,
    "updatedFromDate": "2025-04-25",
    "fiscalDateEnding": "2020-03-31"
  },
  {
    "date": "2020-02-19",
    "symbol": "ES",
    "eps": 0.76,
    "epsEstimated": 0.77,
    "time": "bmo",
    "revenue": 2050386000,
    "revenueEstimated": 2073717394,
    "updatedFromDate": "2025-04-25",
    "fiscalDateEnding": "2019-12-31"
  },
  {
    "date": "2019-11-05",
    "symbol": "ES",
    "eps": 0.98,
    "epsEstimated": 0.96,
    "time": "amc",
    "revenue": 2175797000,
    "revenueEstimated": 2126299102,
    "updatedFromDate": "2025-04-25",
    "fiscalDateEnding": "2019-09-30"
  },
  {
    "date": "2019-07-31",
    "symbol": "ES",
    "eps": 0.74,
    "epsEstimated": 0.73,
    "time": "amc",
    "revenue": 1884495000,
    "revenueEstimated": 1937686756,
    "updatedFromDate": "2025-04-25",
    "fiscalDateEnding": "2019-06-30"
  },
  {
    "date": "2019-05-01",
    "symbol": "ES",
    "eps": 0.97,
    "epsEstimated": 0.91,
    "time": "amc",
    "revenue": 2415792000,
    "revenueEstimated": 2268519298,
    "updatedFromDate": "2025-04-25",
    "fiscalDateEnding": "2019-03-31"
  },
  {
    "date": "2019-02-20",
    "symbol": "ES",
    "eps": 0.73,
    "epsEstimated": 0.76,
    "time": "amc",
    "revenue": 2034958000,
    "revenueEstimated": 2106405589,
    "updatedFromDate": "2025-04-25",
    "fiscalDateEnding": "2018-12-31"
  },
  {
    "date": "2018-11-01",
    "symbol": "ES",
    "eps": 0.93,
    "epsEstimated": 0.9,
    "time": "amc",
    "revenue": 2271425000,
    "revenueEstimated": 2246068681,
    "updatedFromDate": "2025-04-25",
    "fiscalDateEnding": "2018-09-30"
  },
  {
    "date": "2018-07-31",
    "symbol": "ES",
    "eps": 0.76,
    "epsEstimated": 0.75,
    "time": "amc",
    "revenue": 1853856000,
    "revenueEstimated": 1840657894,
    "updatedFromDate": "2025-04-25",
    "fiscalDateEnding": "2018-06-30"
  },
  {
    "date": "2018-05-02",
    "symbol": "ES",
    "eps": 0.85,
    "epsEstimated": 0.85,
    "time": "amc",
    "revenue": 2287962000,
    "revenueEstimated": 2314000000,
    "updatedFromDate": "2025-04-25",
    "fiscalDateEnding": "2018-03-31"
  },
  {
    "date": "2018-02-22",
    "symbol": "ES",
    "eps": 0.75,
    "epsEstimated": 0.75,
    "time": "amc",
    "revenue": 1895494000,
    "revenueEstimated": 1895500000,
    "updatedFromDate": "2025-04-25",
    "fiscalDateEnding": "2017-12-31"
  },
  {
    "date": "2017-11-01",
    "symbol": "ES",
    "eps": 0.82,
    "epsEstimated": 0.83,
    "time": "amc",
    "revenue": 1988512000,
    "revenueEstimated": 2012750000,
    "updatedFromDate": "2025-04-25",
    "fiscalDateEnding": "2017-09-30"
  },
  {
    "date": "2017-07-27",
    "symbol": "ES",
    "eps": 0.72,
    "epsEstimated": 0.67,
    "time": "amc",
    "revenue": 1762811000,
    "revenueEstimated": 1640383333,
    "updatedFromDate": "2025-04-25",
    "fiscalDateEnding": "2017-06-30"
  },
  {
    "date": "2017-05-03",
    "symbol": "ES",
    "eps": 0.82,
    "epsEstimated": 0.82,
    "time": "amc",
    "revenue": 2105135000,
    "revenueEstimated": 2105100000,
    "updatedFromDate": "2025-04-25",
    "fiscalDateEnding": "2017-03-31"
  },
  {
    "date": "2017-02-21",
    "symbol": "ES",
    "eps": 0.72,
    "epsEstimated": 0.74,
    "time": "amc",
    "revenue": 1776604000,
    "revenueEstimated": 1825950000,
    "updatedFromDate": "2025-04-25",
    "fiscalDateEnding": "2016-12-31"
  },
  {
    "date": "2016-11-01",
    "symbol": "ES",
    "eps": 0.83,
    "epsEstimated": 0.8,
    "time": "amc",
    "revenue": 2039706000,
    "revenueEstimated": 1965975903,
    "updatedFromDate": "2025-04-25",
    "fiscalDateEnding": "2016-09-30"
  },
  {
    "date": "2016-07-28",
    "symbol": "ES",
    "eps": 0.64,
    "epsEstimated": 0.65,
    "time": "bmo",
    "revenue": 1767184000,
    "revenueEstimated": 1794812500,
    "updatedFromDate": "2025-04-25",
    "fiscalDateEnding": "2016-06-30"
  }
]