[
  {
    "date": "2026-04-27",
    "symbol": "ESS",
    "eps": null,
    "epsEstimated": null,
    "time": "amc",
    "revenue": null,
    "revenueEstimated": null,
    "updatedFromDate": "2025-10-02",
    "fiscalDateEnding": "2026-03-30"
  },
  {
    "date": "2026-02-02",
    "symbol": "ESS",
    "eps": null,
    "epsEstimated": null,
    "time": "amc",
    "revenue": null,
    "revenueEstimated": null,
    "updatedFromDate": "2025-10-02",
    "fiscalDateEnding": "2025-12-30"
  },
  {
    "date": "2025-11-04",
    "symbol": "ESS",
    "eps": null,
    "epsEstimated": 3.97,
    "time": "bmo",
    "revenue": null,
    "revenueEstimated": null,
    "updatedFromDate": "2025-10-02",
    "fiscalDateEnding": "2025-09-30"
  },
  {
    "date": "2025-07-29",
    "symbol": "ESS",
    "eps": 4.03,
    "epsEstimated": 3.99,
    "time": "amc",
    "revenue": 469833000,
    "revenueEstimated": 472683670,
    "updatedFromDate": "2025-10-02",
    "fiscalDateEnding": "2025-06-30"
  },
  {
    "date": "2025-04-29",
    "symbol": "ESS",
    "eps": 3.97,
    "epsEstimated": 3.92,
    "time": "amc",
    "revenue": 464583000,
    "revenueEstimated": 466061540,
    "updatedFromDate": "2025-09-19",
    "fiscalDateEnding": "2025-03-31"
  },
  {
    "date": "2025-02-04",
    "symbol": "ESS",
    "eps": 3.92,
    "epsEstimated": 1.4,
    "time": "amc",
    "revenue": 454469000,
    "revenueEstimated": 449859880,
    "updatedFromDate": "2025-09-19",
    "fiscalDateEnding": "2024-12-31"
  },
  {
    "date": "2024-10-29",
    "symbol": "ESS",
    "eps": 3.91,
    "epsEstimated": 3.88,
    "time": "amc",
    "revenue": 450698000,
    "revenueEstimated": 447750000,
    "updatedFromDate": "2025-09-19",
    "fiscalDateEnding": "2024-09-30"
  },
  {
    "date": "2024-07-30",
    "symbol": "ESS",
    "eps": 3.94,
    "epsEstimated": 3.84,
    "time": "amc",
    "revenue": 442355000,
    "revenueEstimated": 431820000,
    "updatedFromDate": "2025-09-19",
    "fiscalDateEnding": "2024-06-30"
  },
  {
    "date": "2024-04-30",
    "symbol": "ESS",
    "eps": 4.25,
    "epsEstimated": 1.29,
    "time": "amc",
    "revenue": 426928000,
    "revenueEstimated": 426928000,
    "updatedFromDate": "2025-09-19",
    "fiscalDateEnding": "2024-03-31"
  },
  {
    "date": "2024-02-06",
    "symbol": "ESS",
    "eps": 3.83,
    "epsEstimated": 3.81,
    "time": "amc",
    "revenue": 421748000,
    "revenueEstimated": 419740000,
    "updatedFromDate": "2025-09-19",
    "fiscalDateEnding": "2023-12-31"
  },
  {
    "date": "2023-10-26",
    "symbol": "ESS",
    "eps": 3.78,
    "epsEstimated": 3.77,
    "time": "amc",
    "revenue": 419183000,
    "revenueEstimated": 419540000,
    "updatedFromDate": "2025-09-19",
    "fiscalDateEnding": "2023-09-30"
  },
  {
    "date": "2023-07-27",
    "symbol": "ESS",
    "eps": 3.77,
    "epsEstimated": 3.73,
    "time": "amc",
    "revenue": 416043000,
    "revenueEstimated": 413660000,
    "updatedFromDate": "2025-09-19",
    "fiscalDateEnding": "2023-06-30"
  },
  {
    "date": "2023-04-27",
    "symbol": "ESS",
    "eps": 3.65,
    "epsEstimated": 3.62,
    "time": "amc",
    "revenue": 412421000,
    "revenueEstimated": 411290000,
    "updatedFromDate": "2025-09-19",
    "fiscalDateEnding": "2023-03-31"
  },
  {
    "date": "2023-02-07",
    "symbol": "ESS",
    "eps": 2.86,
    "epsEstimated": 1.45,
    "time": "amc",
    "revenue": 415183000,
    "revenueEstimated": 412328979,
    "updatedFromDate": "2025-09-19",
    "fiscalDateEnding": "2022-12-31"
  },
  {
    "date": "2022-10-26",
    "symbol": "ESS",
    "eps": 3.69,
    "epsEstimated": 3.68,
    "time": "amc",
    "revenue": 409748000,
    "revenueEstimated": 405487116,
    "updatedFromDate": "2025-09-19",
    "fiscalDateEnding": "2022-09-30"
  },
  {
    "date": "2022-07-26",
    "symbol": "ESS",
    "eps": 3.68,
    "epsEstimated": 3.55,
    "time": "amc",
    "revenue": 399978000,
    "revenueEstimated": 390867129,
    "updatedFromDate": "2025-09-19",
    "fiscalDateEnding": "2022-06-30"
  },
  {
    "date": "2022-04-26",
    "symbol": "ESS",
    "eps": 3.37,
    "epsEstimated": 3.34,
    "time": "amc",
    "revenue": 381905000,
    "revenueEstimated": 374798165,
    "updatedFromDate": "2025-09-19",
    "fiscalDateEnding": "2022-03-31"
  },
  {
    "date": "2022-02-02",
    "symbol": "ESS",
    "eps": 3.25,
    "epsEstimated": 3.23,
    "time": "amc",
    "revenue": 371596000,
    "revenueEstimated": 368155629,
    "updatedFromDate": "2025-09-19",
    "fiscalDateEnding": "2021-12-31"
  },
  {
    "date": "2021-10-26",
    "symbol": "ESS",
    "eps": 3.12,
    "epsEstimated": 3.1,
    "time": "amc",
    "revenue": 362857000,
    "revenueEstimated": 354260000,
    "updatedFromDate": "2025-09-19",
    "fiscalDateEnding": "2021-09-30"
  },
  {
    "date": "2021-07-29",
    "symbol": "ESS",
    "eps": 3.04,
    "epsEstimated": 2.99,
    "time": "amc",
    "revenue": 350978000,
    "revenueEstimated": 348757000,
    "updatedFromDate": "2025-09-19",
    "fiscalDateEnding": "2021-06-30"
  },
  {
    "date": "2021-04-27",
    "symbol": "ESS",
    "eps": 2.59,
    "epsEstimated": 0.96,
    "time": "amc",
    "revenue": 355125000,
    "revenueEstimated": 355360000,
    "updatedFromDate": "2025-09-19",
    "fiscalDateEnding": "2021-03-31"
  },
  {
    "date": "2021-02-04",
    "symbol": "ESS",
    "eps": 3.02,
    "epsEstimated": 3.12,
    "time": "amc",
    "revenue": 362073000,
    "revenueEstimated": 365910000,
    "updatedFromDate": "2025-09-19",
    "fiscalDateEnding": "2020-12-31"
  },
  {
    "date": "2020-10-28",
    "symbol": "ESS",
    "eps": 3.15,
    "epsEstimated": 3.16,
    "time": "amc",
    "revenue": 370811000,
    "revenueEstimated": 1053414823,
    "updatedFromDate": "2025-09-19",
    "fiscalDateEnding": "2020-09-30"
  },
  {
    "date": "2020-08-03",
    "symbol": "ESS",
    "eps": 3.16,
    "epsEstimated": 3.3,
    "time": "amc",
    "revenue": 370497000,
    "revenueEstimated": 310183534,
    "updatedFromDate": "2025-09-19",
    "fiscalDateEnding": "2020-06-30"
  },
  {
    "date": "2020-05-06",
    "symbol": "ESS",
    "eps": 3.48,
    "epsEstimated": 3.4,
    "time": "amc",
    "revenue": 392367000,
    "revenueEstimated": 124469363,
    "updatedFromDate": "2025-09-19",
    "fiscalDateEnding": "2020-03-31"
  },
  {
    "date": "2020-01-29",
    "symbol": "ESS",
    "eps": 3.45,
    "epsEstimated": 3.42,
    "time": "amc",
    "revenue": 375365000,
    "revenueEstimated": 267567871,
    "updatedFromDate": "2025-09-19",
    "fiscalDateEnding": "2019-12-31"
  },
  {
    "date": "2019-10-23",
    "symbol": "ESS",
    "eps": 3.35,
    "epsEstimated": 3.36,
    "time": "amc",
    "revenue": 366932000,
    "revenueEstimated": 325621774,
    "updatedFromDate": "2025-09-19",
    "fiscalDateEnding": "2019-09-30"
  },
  {
    "date": "2019-07-24",
    "symbol": "ESS",
    "eps": 3.33,
    "epsEstimated": 3.26,
    "time": "amc",
    "revenue": 361635000,
    "revenueEstimated": 317722178,
    "updatedFromDate": "2025-09-19",
    "fiscalDateEnding": "2019-06-30"
  },
  {
    "date": "2019-04-24",
    "symbol": "ESS",
    "eps": 3.23,
    "epsEstimated": 3.19,
    "time": "amc",
    "revenue": 356223000,
    "revenueEstimated": 230265696,
    "updatedFromDate": "2025-09-19",
    "fiscalDateEnding": "2019-03-31"
  },
  {
    "date": "2019-01-30",
    "symbol": "ESS",
    "eps": 3.19,
    "epsEstimated": 3.19,
    "time": "amc",
    "revenue": 353158000,
    "revenueEstimated": 224195808,
    "updatedFromDate": "2025-09-19",
    "fiscalDateEnding": "2018-12-31"
  },
  {
    "date": "2018-10-29",
    "symbol": "ESS",
    "eps": 3.15,
    "epsEstimated": 3.14,
    "time": "bmo",
    "revenue": 350917000,
    "revenueEstimated": 319261475,
    "updatedFromDate": "2025-09-19",
    "fiscalDateEnding": "2018-09-30"
  },
  {
    "date": "2018-08-01",
    "symbol": "ESS",
    "eps": 3.14,
    "epsEstimated": 3.1,
    "time": "amc",
    "revenue": 348723000,
    "revenueEstimated": 263819078,
    "updatedFromDate": "2025-09-19",
    "fiscalDateEnding": "2018-06-30"
  },
  {
    "date": "2018-05-02",
    "symbol": "ESS",
    "eps": 3.09,
    "epsEstimated": 3.05,
    "time": "amc",
    "revenue": 347255000,
    "revenueEstimated": 276833333,
    "updatedFromDate": "2025-09-19",
    "fiscalDateEnding": "2018-03-31"
  },
  {
    "date": "2018-02-07",
    "symbol": "ESS",
    "eps": 3.01,
    "epsEstimated": 3.01,
    "time": "amc",
    "revenue": 345064000,
    "revenueEstimated": 237393630,
    "updatedFromDate": "2025-09-19",
    "fiscalDateEnding": "2017-12-31"
  },
  {
    "date": "2017-11-01",
    "symbol": "ESS",
    "eps": 2.98,
    "epsEstimated": 2.96,
    "time": "amc",
    "revenue": 344369000,
    "revenueEstimated": 287474380,
    "updatedFromDate": "2025-09-19",
    "fiscalDateEnding": "2017-09-30"
  },
  {
    "date": "2017-07-27",
    "symbol": "ESS",
    "eps": 2.97,
    "epsEstimated": 2.92,
    "time": "amc",
    "revenue": 339062000,
    "revenueEstimated": 320261111,
    "updatedFromDate": "2025-09-19",
    "fiscalDateEnding": "2017-06-30"
  },
  {
    "date": "2017-04-27",
    "symbol": "ESS",
    "eps": 2.72,
    "epsEstimated": 0.98,
    "time": "amc",
    "revenue": 335404000,
    "revenueEstimated": 120842647,
    "updatedFromDate": "2025-09-19",
    "fiscalDateEnding": "2017-03-31"
  },
  {
    "date": "2017-02-02",
    "symbol": "ESS",
    "eps": 2.98,
    "epsEstimated": 1,
    "time": "amc",
    "revenue": 329038000,
    "revenueEstimated": 110402684,
    "updatedFromDate": "2025-09-19",
    "fiscalDateEnding": "2016-12-31"
  },
  {
    "date": "2016-10-27",
    "symbol": "ESS",
    "eps": 2.81,
    "epsEstimated": 2.76,
    "time": "amc",
    "revenue": 329171000,
    "revenueEstimated": 309448000,
    "updatedFromDate": "2025-09-19",
    "fiscalDateEnding": "2016-09-30"
  },
  {
    "date": "2016-07-28",
    "symbol": "ESS",
    "eps": 2.74,
    "epsEstimated": 2.7,
    "time": "amc",
    "revenue": 321590000,
    "revenueEstimated": 242661818,
    "updatedFromDate": "2025-09-19",
    "fiscalDateEnding": "2016-06-30"
  }
]