[
  {
    "date": "2026-04-30",
    "symbol": "ETN",
    "eps": null,
    "epsEstimated": null,
    "time": "bmo",
    "revenue": null,
    "revenueEstimated": null,
    "updatedFromDate": "2025-10-02",
    "fiscalDateEnding": "2026-03-30"
  },
  {
    "date": "2026-01-29",
    "symbol": "ETN",
    "eps": null,
    "epsEstimated": null,
    "time": "bmo",
    "revenue": null,
    "revenueEstimated": null,
    "updatedFromDate": "2025-10-02",
    "fiscalDateEnding": "2025-12-30"
  },
  {
    "date": "2025-10-30",
    "symbol": "ETN",
    "eps": null,
    "epsEstimated": 3.06,
    "time": "bmo",
    "revenue": null,
    "revenueEstimated": 7087966490,
    "updatedFromDate": "2025-10-02",
    "fiscalDateEnding": "2025-09-30"
  },
  {
    "date": "2025-08-05",
    "symbol": "ETN",
    "eps": 2.95,
    "epsEstimated": 2.93,
    "time": "bmo",
    "revenue": 7028000000,
    "revenueEstimated": 6910167487,
    "updatedFromDate": "2025-10-02",
    "fiscalDateEnding": "2025-06-30"
  },
  {
    "date": "2025-05-02",
    "symbol": "ETN",
    "eps": 2.72,
    "epsEstimated": 2.71,
    "time": "bmo",
    "revenue": 6377000000,
    "revenueEstimated": 6250985820,
    "updatedFromDate": "2025-08-02",
    "fiscalDateEnding": "2025-03-31"
  },
  {
    "date": "2025-01-31",
    "symbol": "ETN",
    "eps": 2.83,
    "epsEstimated": 2.82,
    "time": "bmo",
    "revenue": 6240000000,
    "revenueEstimated": 6324821276,
    "updatedFromDate": "2025-05-01",
    "fiscalDateEnding": "2024-12-31"
  },
  {
    "date": "2024-10-31",
    "symbol": "ETN",
    "eps": 2.84,
    "epsEstimated": 2.8,
    "time": "bmo",
    "revenue": 6345000000,
    "revenueEstimated": 6372538420,
    "updatedFromDate": "2025-04-25",
    "fiscalDateEnding": "2024-09-30"
  },
  {
    "date": "2024-08-01",
    "symbol": "ETN",
    "eps": 2.73,
    "epsEstimated": 2.61,
    "time": "bmo",
    "revenue": 6350000000,
    "revenueEstimated": 6346844515,
    "updatedFromDate": "2025-04-25",
    "fiscalDateEnding": "2024-06-30"
  },
  {
    "date": "2024-04-30",
    "symbol": "ETN",
    "eps": 2.4,
    "epsEstimated": 2.29,
    "time": "bmo",
    "revenue": 5943000000,
    "revenueEstimated": 5906046627,
    "updatedFromDate": "2025-04-25",
    "fiscalDateEnding": "2024-03-31"
  },
  {
    "date": "2024-02-01",
    "symbol": "ETN",
    "eps": 2.55,
    "epsEstimated": 2.47,
    "time": "bmo",
    "revenue": 5967000000,
    "revenueEstimated": 5911050000,
    "updatedFromDate": "2025-04-25",
    "fiscalDateEnding": "2023-12-31"
  },
  {
    "date": "2023-10-31",
    "symbol": "ETN",
    "eps": 2.47,
    "epsEstimated": 2.34,
    "time": "bmo",
    "revenue": 5880000000,
    "revenueEstimated": 5907180000,
    "updatedFromDate": "2025-04-25",
    "fiscalDateEnding": "2023-09-30"
  },
  {
    "date": "2023-08-01",
    "symbol": "ETN",
    "eps": 2.21,
    "epsEstimated": 2.11,
    "time": "bmo",
    "revenue": 5866000000,
    "revenueEstimated": 5762160000,
    "updatedFromDate": "2025-04-25",
    "fiscalDateEnding": "2023-06-30"
  },
  {
    "date": "2023-05-02",
    "symbol": "ETN",
    "eps": 1.88,
    "epsEstimated": 1.78,
    "time": "bmo",
    "revenue": 5483000000,
    "revenueEstimated": 5746080000,
    "updatedFromDate": "2025-04-25",
    "fiscalDateEnding": "2023-03-31"
  },
  {
    "date": "2023-02-08",
    "symbol": "ETN",
    "eps": 2.06,
    "epsEstimated": 2.05,
    "time": "bmo",
    "revenue": 5384000000,
    "revenueEstimated": 5230270000,
    "updatedFromDate": "2025-04-25",
    "fiscalDateEnding": "2022-12-31"
  },
  {
    "date": "2022-11-01",
    "symbol": "ETN",
    "eps": 2.02,
    "epsEstimated": 2.01,
    "time": "bmo",
    "revenue": 5313000000,
    "revenueEstimated": 5311236322,
    "updatedFromDate": "2025-04-25",
    "fiscalDateEnding": "2022-09-30"
  },
  {
    "date": "2022-08-02",
    "symbol": "ETN",
    "eps": 1.87,
    "epsEstimated": 1.82,
    "time": "bmo",
    "revenue": 5212000000,
    "revenueEstimated": 5203555731,
    "updatedFromDate": "2025-04-25",
    "fiscalDateEnding": "2022-06-30"
  },
  {
    "date": "2022-05-03",
    "symbol": "ETN",
    "eps": 1.62,
    "epsEstimated": 1.6,
    "time": "bmo",
    "revenue": 4843000000,
    "revenueEstimated": 4781227766,
    "updatedFromDate": "2025-04-25",
    "fiscalDateEnding": "2022-03-31"
  },
  {
    "date": "2022-02-04",
    "symbol": "ETN",
    "eps": 1.72,
    "epsEstimated": 1.71,
    "time": "bmo",
    "revenue": 4798000000,
    "revenueEstimated": 4901356260,
    "updatedFromDate": "2025-04-25",
    "fiscalDateEnding": "2021-12-31"
  },
  {
    "date": "2021-11-02",
    "symbol": "ETN",
    "eps": 1.75,
    "epsEstimated": 1.73,
    "time": "bmo",
    "revenue": 4923000000,
    "revenueEstimated": 5158910000,
    "updatedFromDate": "2025-04-25",
    "fiscalDateEnding": "2021-09-30"
  },
  {
    "date": "2021-08-03",
    "symbol": "ETN",
    "eps": 1.72,
    "epsEstimated": 1.55,
    "time": "bmo",
    "revenue": 5215000000,
    "revenueEstimated": 4984410000,
    "updatedFromDate": "2025-04-25",
    "fiscalDateEnding": "2021-06-30"
  },
  {
    "date": "2021-05-04",
    "symbol": "ETN",
    "eps": 1.44,
    "epsEstimated": 1.23,
    "time": "bmo",
    "revenue": 4692000000,
    "revenueEstimated": 4528780000,
    "updatedFromDate": "2025-04-25",
    "fiscalDateEnding": "2021-03-31"
  },
  {
    "date": "2021-02-02",
    "symbol": "ETN",
    "eps": 1.28,
    "epsEstimated": 1.2,
    "time": "bmo",
    "revenue": 4687000000,
    "revenueEstimated": 4594240000,
    "updatedFromDate": "2025-04-25",
    "fiscalDateEnding": "2020-12-31"
  },
  {
    "date": "2020-11-03",
    "symbol": "ETN",
    "eps": 1.18,
    "epsEstimated": 1.04,
    "time": "bmo",
    "revenue": 4526000000,
    "revenueEstimated": 4027372881,
    "updatedFromDate": "2025-04-25",
    "fiscalDateEnding": "2020-09-30"
  },
  {
    "date": "2020-07-29",
    "symbol": "ETN",
    "eps": 0.7,
    "epsEstimated": 0.52,
    "time": "bmo",
    "revenue": 3856000000,
    "revenueEstimated": 2919542857,
    "updatedFromDate": "2025-04-25",
    "fiscalDateEnding": "2020-06-30"
  },
  {
    "date": "2020-04-30",
    "symbol": "ETN",
    "eps": 1.09,
    "epsEstimated": 1.07,
    "time": "bmo",
    "revenue": 4789000000,
    "revenueEstimated": 4701128440,
    "updatedFromDate": "2025-04-25",
    "fiscalDateEnding": "2020-03-31"
  },
  {
    "date": "2020-02-04",
    "symbol": "ETN",
    "eps": 1.37,
    "epsEstimated": 1.41,
    "time": "bmo",
    "revenue": 5238000000,
    "revenueEstimated": 5390934306,
    "updatedFromDate": "2025-04-25",
    "fiscalDateEnding": "2019-12-31"
  },
  {
    "date": "2019-10-29",
    "symbol": "ETN",
    "eps": 1.52,
    "epsEstimated": 1.51,
    "time": "bmo",
    "revenue": 5314000000,
    "revenueEstimated": 5279039473,
    "updatedFromDate": "2025-04-25",
    "fiscalDateEnding": "2019-09-30"
  },
  {
    "date": "2019-07-30",
    "symbol": "ETN",
    "eps": 1.53,
    "epsEstimated": 1.51,
    "time": "bmo",
    "revenue": 5533000000,
    "revenueEstimated": 5460673202,
    "updatedFromDate": "2025-04-25",
    "fiscalDateEnding": "2019-06-30"
  },
  {
    "date": "2019-04-30",
    "symbol": "ETN",
    "eps": 1.26,
    "epsEstimated": 1.24,
    "time": "bmo",
    "revenue": 5305000000,
    "revenueEstimated": 5220793650,
    "updatedFromDate": "2025-04-25",
    "fiscalDateEnding": "2019-03-31"
  },
  {
    "date": "2019-01-31",
    "symbol": "ETN",
    "eps": 1.46,
    "epsEstimated": 1.43,
    "time": "bmo",
    "revenue": 5459000000,
    "revenueEstimated": 5346828767,
    "updatedFromDate": "2025-04-25",
    "fiscalDateEnding": "2018-12-31"
  },
  {
    "date": "2018-10-30",
    "symbol": "ETN",
    "eps": 1.43,
    "epsEstimated": 1.44,
    "time": "bmo",
    "revenue": 5412000000,
    "revenueEstimated": 5412000000,
    "updatedFromDate": "2025-04-25",
    "fiscalDateEnding": "2018-09-30"
  },
  {
    "date": "2018-07-31",
    "symbol": "ETN",
    "eps": 1.39,
    "epsEstimated": 1.33,
    "time": "bmo",
    "revenue": 5487000000,
    "revenueEstimated": 5250151079,
    "updatedFromDate": "2025-04-25",
    "fiscalDateEnding": "2018-06-30"
  },
  {
    "date": "2018-05-01",
    "symbol": "ETN",
    "eps": 1.1,
    "epsEstimated": 1.07,
    "time": "bmo",
    "revenue": 5251000000,
    "revenueEstimated": 5107790909,
    "updatedFromDate": "2025-04-25",
    "fiscalDateEnding": "2018-03-31"
  },
  {
    "date": "2018-02-01",
    "symbol": "ETN",
    "eps": 1.29,
    "epsEstimated": 1.21,
    "time": "bmo",
    "revenue": 5213000000,
    "revenueEstimated": 4889713178,
    "updatedFromDate": "2025-04-25",
    "fiscalDateEnding": "2017-12-31"
  },
  {
    "date": "2017-10-31",
    "symbol": "ETN",
    "eps": 1.25,
    "epsEstimated": 1.26,
    "time": "bmo",
    "revenue": 5211000000,
    "revenueEstimated": 5211000000,
    "updatedFromDate": "2025-04-25",
    "fiscalDateEnding": "2017-09-30"
  },
  {
    "date": "2017-08-01",
    "symbol": "ETN",
    "eps": 1.15,
    "epsEstimated": 1.16,
    "time": "bmo",
    "revenue": 5132000000,
    "revenueEstimated": 5176626086,
    "updatedFromDate": "2025-04-25",
    "fiscalDateEnding": "2017-06-30"
  },
  {
    "date": "2017-05-02",
    "symbol": "ETN",
    "eps": 0.96,
    "epsEstimated": 0.88,
    "time": "bmo",
    "revenue": 4848000000,
    "revenueEstimated": 4444000000,
    "updatedFromDate": "2025-04-25",
    "fiscalDateEnding": "2017-03-31"
  },
  {
    "date": "2017-02-02",
    "symbol": "ETN",
    "eps": 1.12,
    "epsEstimated": 1.1,
    "time": "bmo",
    "revenue": 4867000000,
    "revenueEstimated": 4780089285,
    "updatedFromDate": "2025-04-25",
    "fiscalDateEnding": "2016-12-31"
  },
  {
    "date": "2016-11-01",
    "symbol": "ETN",
    "eps": 1.15,
    "epsEstimated": 1.15,
    "time": "bmo",
    "revenue": 4987000000,
    "revenueEstimated": 4987000000,
    "updatedFromDate": "2025-04-25",
    "fiscalDateEnding": "2016-09-30"
  },
  {
    "date": "2016-08-02",
    "symbol": "ETN",
    "eps": 1.07,
    "epsEstimated": 1.07,
    "time": "bmo",
    "revenue": 5080000000,
    "revenueEstimated": 5080000000,
    "updatedFromDate": "2025-04-25",
    "fiscalDateEnding": "2016-06-30"
  }
]