[
  {
    "date": "2026-04-27",
    "symbol": "ETR",
    "eps": null,
    "epsEstimated": null,
    "time": "bmo",
    "revenue": null,
    "revenueEstimated": null,
    "updatedFromDate": "2025-10-02",
    "fiscalDateEnding": "2026-03-30"
  },
  {
    "date": "2026-02-16",
    "symbol": "ETR",
    "eps": null,
    "epsEstimated": null,
    "time": "bmo",
    "revenue": null,
    "revenueEstimated": null,
    "updatedFromDate": "2025-10-02",
    "fiscalDateEnding": "2025-12-30"
  },
  {
    "date": "2025-10-30",
    "symbol": "ETR",
    "eps": null,
    "epsEstimated": 1.32,
    "time": "bmo",
    "revenue": null,
    "revenueEstimated": 3577805720,
    "updatedFromDate": "2025-10-02",
    "fiscalDateEnding": "2025-09-30"
  },
  {
    "date": "2025-07-30",
    "symbol": "ETR",
    "eps": 1.05,
    "epsEstimated": 0.91,
    "time": "bmo",
    "revenue": 3328849000,
    "revenueEstimated": 3103990953,
    "updatedFromDate": "2025-10-02",
    "fiscalDateEnding": "2025-06-30"
  },
  {
    "date": "2025-04-29",
    "symbol": "ETR",
    "eps": 0.82,
    "epsEstimated": 0.689,
    "time": "bmo",
    "revenue": 2846874000,
    "revenueEstimated": 3025936943,
    "updatedFromDate": "2025-07-29",
    "fiscalDateEnding": "2025-03-31"
  },
  {
    "date": "2025-02-18",
    "symbol": "ETR",
    "eps": 0.66,
    "epsEstimated": 0.635,
    "time": "bmo",
    "revenue": 2742305000,
    "revenueEstimated": 3190119108,
    "updatedFromDate": "2025-05-18",
    "fiscalDateEnding": "2024-12-31"
  },
  {
    "date": "2024-10-31",
    "symbol": "ETR",
    "eps": 1.5,
    "epsEstimated": 1.48,
    "time": "bmo",
    "revenue": 3389100000,
    "revenueEstimated": 3686576368,
    "updatedFromDate": "2025-04-25",
    "fiscalDateEnding": "2024-09-30"
  },
  {
    "date": "2024-08-01",
    "symbol": "ETR",
    "eps": 0.96,
    "epsEstimated": 1.76,
    "time": "bmo",
    "revenue": 2953620000,
    "revenueEstimated": 3062739644,
    "updatedFromDate": "2025-04-25",
    "fiscalDateEnding": "2024-06-30"
  },
  {
    "date": "2024-04-24",
    "symbol": "ETR",
    "eps": 0.54,
    "epsEstimated": 1.43,
    "time": "bmo",
    "revenue": 2794628000,
    "revenueEstimated": 3160286025,
    "updatedFromDate": "2025-04-25",
    "fiscalDateEnding": "2024-03-31"
  },
  {
    "date": "2024-02-22",
    "symbol": "ETR",
    "eps": 0.26,
    "epsEstimated": 0.28,
    "time": "bmo",
    "revenue": 2724805000,
    "revenueEstimated": 3967840000,
    "updatedFromDate": "2025-04-25",
    "fiscalDateEnding": "2023-12-31"
  },
  {
    "date": "2023-11-01",
    "symbol": "ETR",
    "eps": 1.64,
    "epsEstimated": 1.49,
    "time": "bmo",
    "revenue": 3595522000,
    "revenueEstimated": 4306270000,
    "updatedFromDate": "2025-04-25",
    "fiscalDateEnding": "2023-09-30"
  },
  {
    "date": "2023-08-02",
    "symbol": "ETR",
    "eps": 0.92,
    "epsEstimated": 0.85,
    "time": "bmo",
    "revenue": 2846026000,
    "revenueEstimated": 3406910000,
    "updatedFromDate": "2025-04-25",
    "fiscalDateEnding": "2023-06-30"
  },
  {
    "date": "2023-04-26",
    "symbol": "ETR",
    "eps": 0.57,
    "epsEstimated": 0.67,
    "time": "bmo",
    "revenue": 2981059000,
    "revenueEstimated": 3408560000,
    "updatedFromDate": "2025-04-25",
    "fiscalDateEnding": "2023-03-31"
  },
  {
    "date": "2023-02-16",
    "symbol": "ETR",
    "eps": 0.26,
    "epsEstimated": 0.23,
    "time": "bmo",
    "revenue": 3272500000,
    "revenueEstimated": 2246915056,
    "updatedFromDate": "2025-04-25",
    "fiscalDateEnding": "2022-12-31"
  },
  {
    "date": "2022-11-02",
    "symbol": "ETR",
    "eps": 1.42,
    "epsEstimated": 1.34,
    "time": "bmo",
    "revenue": 4218615000,
    "revenueEstimated": 3379559461,
    "updatedFromDate": "2025-04-25",
    "fiscalDateEnding": "2022-09-30"
  },
  {
    "date": "2022-08-03",
    "symbol": "ETR",
    "eps": 0.89,
    "epsEstimated": 0.71,
    "time": "bmo",
    "revenue": 3395196000,
    "revenueEstimated": 2843266495,
    "updatedFromDate": "2025-04-25",
    "fiscalDateEnding": "2022-06-30"
  },
  {
    "date": "2022-04-27",
    "symbol": "ETR",
    "eps": 0.66,
    "epsEstimated": 0.69,
    "time": "bmo",
    "revenue": 2877925000,
    "revenueEstimated": 2777264745,
    "updatedFromDate": "2025-04-25",
    "fiscalDateEnding": "2022-03-31"
  },
  {
    "date": "2022-02-23",
    "symbol": "ETR",
    "eps": 0.38,
    "epsEstimated": 0.35,
    "time": "bmo",
    "revenue": 2722456000,
    "revenueEstimated": 2325561512,
    "updatedFromDate": "2025-04-25",
    "fiscalDateEnding": "2021-12-31"
  },
  {
    "date": "2021-11-03",
    "symbol": "ETR",
    "eps": 1.23,
    "epsEstimated": 1.25,
    "time": "bmo",
    "revenue": 3353532000,
    "revenueEstimated": 3420602640,
    "updatedFromDate": "2025-04-25",
    "fiscalDateEnding": "2021-09-30"
  },
  {
    "date": "2021-08-04",
    "symbol": "ETR",
    "eps": 0.67,
    "epsEstimated": 0.71,
    "time": "bmo",
    "revenue": 2822070000,
    "revenueEstimated": 2559960000,
    "updatedFromDate": "2025-04-25",
    "fiscalDateEnding": "2021-06-30"
  },
  {
    "date": "2021-04-28",
    "symbol": "ETR",
    "eps": 0.74,
    "epsEstimated": 0.6,
    "time": "bmo",
    "revenue": 2844838000,
    "revenueEstimated": 2501890000,
    "updatedFromDate": "2025-04-25",
    "fiscalDateEnding": "2021-03-31"
  },
  {
    "date": "2021-02-24",
    "symbol": "ETR",
    "eps": 0.36,
    "epsEstimated": 0.34,
    "time": "bmo",
    "revenue": 2370101000,
    "revenueEstimated": 2228603373,
    "updatedFromDate": "2025-04-25",
    "fiscalDateEnding": "2020-12-31"
  },
  {
    "date": "2020-10-28",
    "symbol": "ETR",
    "eps": 1.22,
    "epsEstimated": 1.21,
    "time": "bmo",
    "revenue": 2903568000,
    "revenueEstimated": 2842823899,
    "updatedFromDate": "2025-04-25",
    "fiscalDateEnding": "2020-09-30"
  },
  {
    "date": "2020-07-29",
    "symbol": "ETR",
    "eps": 0.69,
    "epsEstimated": 0.62,
    "time": "bmo",
    "revenue": 2412788000,
    "revenueEstimated": 2219060496,
    "updatedFromDate": "2025-04-25",
    "fiscalDateEnding": "2020-06-30"
  },
  {
    "date": "2020-05-11",
    "symbol": "ETR",
    "eps": 0.57,
    "epsEstimated": 0.47,
    "time": "bmo",
    "revenue": 2427179000,
    "revenueEstimated": 1980067078,
    "updatedFromDate": "2025-04-25",
    "fiscalDateEnding": "2020-03-31"
  },
  {
    "date": "2020-02-19",
    "symbol": "ETR",
    "eps": 0.34,
    "epsEstimated": 0.33,
    "time": "bmo",
    "revenue": 2462306000,
    "revenueEstimated": 2389885235,
    "updatedFromDate": "2025-04-25",
    "fiscalDateEnding": "2019-12-31"
  },
  {
    "date": "2019-10-30",
    "symbol": "ETR",
    "eps": 1.26,
    "epsEstimated": 1.16,
    "time": "bmo",
    "revenue": 3140575000,
    "revenueEstimated": 2853935218,
    "updatedFromDate": "2025-04-25",
    "fiscalDateEnding": "2019-09-30"
  },
  {
    "date": "2019-07-31",
    "symbol": "ETR",
    "eps": 0.68,
    "epsEstimated": 0.69,
    "time": "bmo",
    "revenue": 2666209000,
    "revenueEstimated": 2705708392,
    "updatedFromDate": "2025-04-25",
    "fiscalDateEnding": "2019-06-30"
  },
  {
    "date": "2019-05-01",
    "symbol": "ETR",
    "eps": 0.41,
    "epsEstimated": 0.47,
    "time": "bmo",
    "revenue": 2609584000,
    "revenueEstimated": 3118771121,
    "updatedFromDate": "2025-04-25",
    "fiscalDateEnding": "2019-03-31"
  },
  {
    "date": "2019-02-20",
    "symbol": "ETR",
    "eps": 0.3,
    "epsEstimated": 0.24,
    "time": "bmo",
    "revenue": 2512482000,
    "revenueEstimated": 1716862700,
    "updatedFromDate": "2025-04-25",
    "fiscalDateEnding": "2018-12-31"
  },
  {
    "date": "2018-10-31",
    "symbol": "ETR",
    "eps": 1.89,
    "epsEstimated": 1.42,
    "time": "bmo",
    "revenue": 3104319000,
    "revenueEstimated": 2470280371,
    "updatedFromDate": "2025-04-25",
    "fiscalDateEnding": "2018-09-30"
  },
  {
    "date": "2018-08-01",
    "symbol": "ETR",
    "eps": 0.9,
    "epsEstimated": 0.63,
    "time": "bmo",
    "revenue": 2668770000,
    "revenueEstimated": 1953144134,
    "updatedFromDate": "2025-04-25",
    "fiscalDateEnding": "2018-06-30"
  },
  {
    "date": "2018-04-25",
    "symbol": "ETR",
    "eps": 0.58,
    "epsEstimated": 0.66,
    "time": "bmo",
    "revenue": 2723881000,
    "revenueEstimated": 3005682758,
    "updatedFromDate": "2025-04-25",
    "fiscalDateEnding": "2018-03-31"
  },
  {
    "date": "2018-02-23",
    "symbol": "ETR",
    "eps": 0.38,
    "epsEstimated": 0.21,
    "time": "bmo",
    "revenue": 2623845000,
    "revenueEstimated": 2258788304,
    "updatedFromDate": "2025-04-25",
    "fiscalDateEnding": "2017-12-31"
  },
  {
    "date": "2017-10-24",
    "symbol": "ETR",
    "eps": 1.18,
    "epsEstimated": 1.1,
    "time": "bmo",
    "revenue": 3243628000,
    "revenueEstimated": 3022759148,
    "updatedFromDate": "2025-04-25",
    "fiscalDateEnding": "2017-09-30"
  },
  {
    "date": "2017-08-02",
    "symbol": "ETR",
    "eps": 1.56,
    "epsEstimated": 0.6,
    "time": "bmo",
    "revenue": 2618550000,
    "revenueEstimated": 1001972347,
    "updatedFromDate": "2025-04-25",
    "fiscalDateEnding": "2017-06-30"
  },
  {
    "date": "2017-04-26",
    "symbol": "ETR",
    "eps": 0.5,
    "epsEstimated": 0.53,
    "time": "bmo",
    "revenue": 2588458000,
    "revenueEstimated": 2797671717,
    "updatedFromDate": "2025-04-25",
    "fiscalDateEnding": "2017-03-31"
  },
  {
    "date": "2017-02-15",
    "symbol": "ETR",
    "eps": 0.16,
    "epsEstimated": 0.06,
    "time": "bmo",
    "revenue": 2648527000,
    "revenueEstimated": 1110661290,
    "updatedFromDate": "2025-04-25",
    "fiscalDateEnding": "2016-12-31"
  },
  {
    "date": "2016-10-25",
    "symbol": "ETR",
    "eps": 1.16,
    "epsEstimated": 0.98,
    "time": "bmo",
    "revenue": 3124703000,
    "revenueEstimated": 2732421645,
    "updatedFromDate": "2025-04-25",
    "fiscalDateEnding": "2016-09-30"
  },
  {
    "date": "2016-08-02",
    "symbol": "ETR",
    "eps": 1.56,
    "epsEstimated": 0.52,
    "time": "bmo",
    "revenue": 2462562000,
    "revenueEstimated": 831424437,
    "updatedFromDate": "2025-04-25",
    "fiscalDateEnding": "2016-06-30"
  }
]