[
  {
    "date": "2026-05-06",
    "symbol": "EVRG",
    "eps": null,
    "epsEstimated": null,
    "time": "bmo",
    "revenue": null,
    "revenueEstimated": null,
    "updatedFromDate": "2025-10-02",
    "fiscalDateEnding": "2026-03-30"
  },
  {
    "date": "2026-02-25",
    "symbol": "EVRG",
    "eps": null,
    "epsEstimated": null,
    "time": "bmo",
    "revenue": null,
    "revenueEstimated": null,
    "updatedFromDate": "2025-10-02",
    "fiscalDateEnding": "2025-12-30"
  },
  {
    "date": "2025-11-06",
    "symbol": "EVRG",
    "eps": null,
    "epsEstimated": 2.14,
    "time": "bmo",
    "revenue": null,
    "revenueEstimated": 2236943640,
    "updatedFromDate": "2025-10-02",
    "fiscalDateEnding": "2025-09-30"
  },
  {
    "date": "2025-08-07",
    "symbol": "EVRG",
    "eps": 0.82,
    "epsEstimated": 0.776,
    "time": "bmo",
    "revenue": 1437000000,
    "revenueEstimated": 1325240570,
    "updatedFromDate": "2025-10-02",
    "fiscalDateEnding": "2025-06-30"
  },
  {
    "date": "2025-05-08",
    "symbol": "EVRG",
    "eps": 0.54,
    "epsEstimated": 0.663,
    "time": "bmo",
    "revenue": 1374500000,
    "revenueEstimated": 1017936575,
    "updatedFromDate": "2025-08-08",
    "fiscalDateEnding": "2025-03-31"
  },
  {
    "date": "2025-02-27",
    "symbol": "EVRG",
    "eps": 0.35,
    "epsEstimated": 0.46,
    "time": "bmo",
    "revenue": 1257400000,
    "revenueEstimated": 1257703981,
    "updatedFromDate": "2025-05-27",
    "fiscalDateEnding": "2024-12-31"
  },
  {
    "date": "2024-11-07",
    "symbol": "EVRG",
    "eps": 2.02,
    "epsEstimated": 1.93,
    "time": "bmo",
    "revenue": 1811400000,
    "revenueEstimated": 2353581124,
    "updatedFromDate": "2025-04-25",
    "fiscalDateEnding": "2024-09-30"
  },
  {
    "date": "2024-08-09",
    "symbol": "EVRG",
    "eps": 0.9,
    "epsEstimated": 0.89,
    "time": "bmo",
    "revenue": 1451400000,
    "revenueEstimated": 1357750265,
    "updatedFromDate": "2025-04-25",
    "fiscalDateEnding": "2024-06-30"
  },
  {
    "date": "2024-05-09",
    "symbol": "EVRG",
    "eps": 0.53,
    "epsEstimated": 0.64,
    "time": "bmo",
    "revenue": 1331000000,
    "revenueEstimated": 1349513086,
    "updatedFromDate": "2025-04-25",
    "fiscalDateEnding": "2024-03-31"
  },
  {
    "date": "2024-02-29",
    "symbol": "EVRG",
    "eps": 0.27,
    "epsEstimated": 0.28,
    "time": "bmo",
    "revenue": 1187900000,
    "revenueEstimated": 1458220000,
    "updatedFromDate": "2025-04-25",
    "fiscalDateEnding": "2023-12-31"
  },
  {
    "date": "2023-11-07",
    "symbol": "EVRG",
    "eps": 1.88,
    "epsEstimated": 1.84,
    "time": "bmo",
    "revenue": 1669300000,
    "revenueEstimated": 1920920000,
    "updatedFromDate": "2025-04-25",
    "fiscalDateEnding": "2023-09-30"
  },
  {
    "date": "2023-08-04",
    "symbol": "EVRG",
    "eps": 0.81,
    "epsEstimated": 0.78,
    "time": "bmo",
    "revenue": 1354200000,
    "revenueEstimated": 1452720000,
    "updatedFromDate": "2025-04-25",
    "fiscalDateEnding": "2023-06-30"
  },
  {
    "date": "2023-05-05",
    "symbol": "EVRG",
    "eps": 0.59,
    "epsEstimated": 0.58,
    "time": "bmo",
    "revenue": 1296800000,
    "revenueEstimated": 1239160000,
    "updatedFromDate": "2025-04-25",
    "fiscalDateEnding": "2023-03-31"
  },
  {
    "date": "2023-02-24",
    "symbol": "EVRG",
    "eps": 0.3,
    "epsEstimated": 0.22,
    "time": "bmo",
    "revenue": 1279600000,
    "revenueEstimated": 1002086968,
    "updatedFromDate": "2025-04-25",
    "fiscalDateEnding": "2022-12-31"
  },
  {
    "date": "2022-11-04",
    "symbol": "EVRG",
    "eps": 2.01,
    "epsEstimated": 1.88,
    "time": "bmo",
    "revenue": 1909100000,
    "revenueEstimated": 1602570812,
    "updatedFromDate": "2025-04-25",
    "fiscalDateEnding": "2022-09-30"
  },
  {
    "date": "2022-08-04",
    "symbol": "EVRG",
    "eps": 0.86,
    "epsEstimated": 0.83,
    "time": "bmo",
    "revenue": 1446500000,
    "revenueEstimated": 1233168812,
    "updatedFromDate": "2025-04-25",
    "fiscalDateEnding": "2022-06-30"
  },
  {
    "date": "2022-05-05",
    "symbol": "EVRG",
    "eps": 0.58,
    "epsEstimated": 0.55,
    "time": "bmo",
    "revenue": 1223900000,
    "revenueEstimated": 1463801895,
    "updatedFromDate": "2025-04-25",
    "fiscalDateEnding": "2022-03-31"
  },
  {
    "date": "2022-02-25",
    "symbol": "EVRG",
    "eps": 0.16,
    "epsEstimated": 0.165,
    "time": "bmo",
    "revenue": 1122100000,
    "revenueEstimated": 842328369,
    "updatedFromDate": "2025-04-25",
    "fiscalDateEnding": "2021-12-31"
  },
  {
    "date": "2021-11-03",
    "symbol": "EVRG",
    "eps": 1.98,
    "epsEstimated": 1.76,
    "time": "bmo",
    "revenue": 1616500000,
    "revenueEstimated": 1327839285,
    "updatedFromDate": "2025-04-25",
    "fiscalDateEnding": "2021-09-30"
  },
  {
    "date": "2021-08-05",
    "symbol": "EVRG",
    "eps": 0.85,
    "epsEstimated": 0.73,
    "time": "bmo",
    "revenue": 1236200000,
    "revenueEstimated": 1234910000,
    "updatedFromDate": "2025-04-25",
    "fiscalDateEnding": "2021-06-30"
  },
  {
    "date": "2021-05-06",
    "symbol": "EVRG",
    "eps": 0.55,
    "epsEstimated": 0.47,
    "time": "bmo",
    "revenue": 1611900000,
    "revenueEstimated": 1123330000,
    "updatedFromDate": "2025-04-25",
    "fiscalDateEnding": "2021-03-31"
  },
  {
    "date": "2021-02-26",
    "symbol": "EVRG",
    "eps": 0.28,
    "epsEstimated": 0.22,
    "time": "bmo",
    "revenue": 1094400000,
    "revenueEstimated": 1190760000,
    "updatedFromDate": "2025-04-25",
    "fiscalDateEnding": "2020-12-31"
  },
  {
    "date": "2020-11-05",
    "symbol": "EVRG",
    "eps": 1.73,
    "epsEstimated": 1.57,
    "time": "bmo",
    "revenue": 1517600000,
    "revenueEstimated": 147924855,
    "updatedFromDate": "2025-04-25",
    "fiscalDateEnding": "2020-09-30"
  },
  {
    "date": "2020-08-05",
    "symbol": "EVRG",
    "eps": 0.68,
    "epsEstimated": 0.68,
    "time": "bmo",
    "revenue": 1184700000,
    "revenueEstimated": 1184700000,
    "updatedFromDate": "2025-04-25",
    "fiscalDateEnding": "2020-06-30"
  },
  {
    "date": "2020-05-06",
    "symbol": "EVRG",
    "eps": 0.41,
    "epsEstimated": 0.4,
    "time": "amc",
    "revenue": 1116700000,
    "revenueEstimated": 1143936585,
    "updatedFromDate": "2025-04-25",
    "fiscalDateEnding": "2020-03-31"
  },
  {
    "date": "2020-03-02",
    "symbol": "EVRG",
    "eps": 0.32,
    "epsEstimated": 0.31,
    "time": "bmo",
    "revenue": 1131600000,
    "revenueEstimated": 1096237500,
    "updatedFromDate": "2025-04-25",
    "fiscalDateEnding": "2019-12-31"
  },
  {
    "date": "2019-11-06",
    "symbol": "EVRG",
    "eps": 1.57,
    "epsEstimated": 1.57,
    "time": "amc",
    "revenue": 1577600000,
    "revenueEstimated": 1577600000,
    "updatedFromDate": "2025-04-25",
    "fiscalDateEnding": "2019-09-30"
  },
  {
    "date": "2019-08-07",
    "symbol": "EVRG",
    "eps": 0.58,
    "epsEstimated": 0.56,
    "time": "amc",
    "revenue": 1221700000,
    "revenueEstimated": 1179572413,
    "updatedFromDate": "2025-04-25",
    "fiscalDateEnding": "2019-06-30"
  },
  {
    "date": "2019-05-08",
    "symbol": "EVRG",
    "eps": 0.39,
    "epsEstimated": 0.4,
    "time": "amc",
    "revenue": 1216900000,
    "revenueEstimated": 1248102564,
    "updatedFromDate": "2025-04-25",
    "fiscalDateEnding": "2019-03-31"
  },
  {
    "date": "2019-02-21",
    "symbol": "EVRG",
    "eps": 0.07,
    "epsEstimated": 0.26,
    "time": "amc",
    "revenue": 1199800000,
    "revenueEstimated": 4456400000,
    "updatedFromDate": "2025-04-25",
    "fiscalDateEnding": "2018-12-31"
  },
  {
    "date": "2018-11-07",
    "symbol": "EVRG",
    "eps": 1.32,
    "epsEstimated": 1.25,
    "time": "amc",
    "revenue": 1582500000,
    "revenueEstimated": 1498579545,
    "updatedFromDate": "2025-04-25",
    "fiscalDateEnding": "2018-09-30"
  },
  {
    "date": "2018-08-08",
    "symbol": "EVRG",
    "eps": 0.56,
    "epsEstimated": 0.56,
    "time": "amc",
    "revenue": 893400000,
    "revenueEstimated": 893400000,
    "updatedFromDate": "2025-04-25",
    "fiscalDateEnding": "2018-06-30"
  },
  {
    "date": "2018-05-08",
    "symbol": "EVRG",
    "eps": 0.42,
    "epsEstimated": 0.48,
    "time": "bmo",
    "revenue": 600204000,
    "revenueEstimated": 675229500,
    "updatedFromDate": "2025-04-25",
    "fiscalDateEnding": "2018-03-31"
  },
  {
    "date": "2018-02-21",
    "symbol": "EVRG",
    "eps": 0.32,
    "epsEstimated": 0.4,
    "time": "bmo",
    "revenue": 594781000,
    "revenueEstimated": 713737200,
    "updatedFromDate": "2025-04-25",
    "fiscalDateEnding": "2017-12-31"
  },
  {
    "date": "2017-10-31",
    "symbol": "EVRG",
    "eps": 1.11,
    "epsEstimated": 1.1,
    "time": "bmo",
    "revenue": 794327000,
    "revenueEstimated": 787105845,
    "updatedFromDate": "2025-04-25",
    "fiscalDateEnding": "2017-09-30"
  },
  {
    "date": "2017-08-08",
    "symbol": "EVRG",
    "eps": 0.5,
    "epsEstimated": 0.56,
    "time": "bmo",
    "revenue": 609321000,
    "revenueEstimated": 674605392,
    "updatedFromDate": "2025-04-25",
    "fiscalDateEnding": "2017-06-30"
  },
  {
    "date": "2017-05-09",
    "symbol": "EVRG",
    "eps": 0.42,
    "epsEstimated": 0.45,
    "time": "bmo",
    "revenue": 572574000,
    "revenueEstimated": 610745600,
    "updatedFromDate": "2025-04-25",
    "fiscalDateEnding": "2017-03-31"
  },
  {
    "date": "2017-02-22",
    "symbol": "EVRG",
    "eps": 0.38,
    "epsEstimated": 0.42,
    "time": "bmo",
    "revenue": 606535000,
    "revenueEstimated": 664300238,
    "updatedFromDate": "2025-04-25",
    "fiscalDateEnding": "2016-12-31"
  },
  {
    "date": "2016-11-01",
    "symbol": "EVRG",
    "eps": 1.08,
    "epsEstimated": 1.05,
    "time": "bmo",
    "revenue": 764654000,
    "revenueEstimated": 742806742,
    "updatedFromDate": "2025-04-25",
    "fiscalDateEnding": "2016-09-30"
  },
  {
    "date": "2016-08-02",
    "symbol": "EVRG",
    "eps": 0.51,
    "epsEstimated": 0.53,
    "time": "bmo",
    "revenue": 621448000,
    "revenueEstimated": 644898867,
    "updatedFromDate": "2025-04-25",
    "fiscalDateEnding": "2016-06-30"
  }
]