[
  {
    "date": "2026-04-21",
    "symbol": "EW",
    "eps": null,
    "epsEstimated": null,
    "time": "amc",
    "revenue": null,
    "revenueEstimated": null,
    "updatedFromDate": "2025-09-22",
    "fiscalDateEnding": "2026-03-30"
  },
  {
    "date": "2026-02-09",
    "symbol": "EW",
    "eps": null,
    "epsEstimated": null,
    "time": "amc",
    "revenue": null,
    "revenueEstimated": null,
    "updatedFromDate": "2025-09-22",
    "fiscalDateEnding": "2025-12-30"
  },
  {
    "date": "2025-10-23",
    "symbol": "EW",
    "eps": null,
    "epsEstimated": 0.59,
    "time": "bmo",
    "revenue": null,
    "revenueEstimated": 1494956030,
    "updatedFromDate": "2025-09-22",
    "fiscalDateEnding": "2025-09-30"
  },
  {
    "date": "2025-07-24",
    "symbol": "EW",
    "eps": 0.67,
    "epsEstimated": 0.624,
    "time": "amc",
    "revenue": 1532200000,
    "revenueEstimated": 1488045407,
    "updatedFromDate": "2025-09-22",
    "fiscalDateEnding": "2025-06-30"
  },
  {
    "date": "2025-04-23",
    "symbol": "EW",
    "eps": 0.64,
    "epsEstimated": 0.596,
    "time": "amc",
    "revenue": 1412700000,
    "revenueEstimated": 1400506201,
    "updatedFromDate": "2025-07-21",
    "fiscalDateEnding": "2025-03-31"
  },
  {
    "date": "2025-02-11",
    "symbol": "EW",
    "eps": 0.59,
    "epsEstimated": 0.551,
    "time": "amc",
    "revenue": 1385800000,
    "revenueEstimated": 1358935742,
    "updatedFromDate": "2025-04-30",
    "fiscalDateEnding": "2024-12-31"
  },
  {
    "date": "2024-10-24",
    "symbol": "EW",
    "eps": 0.67,
    "epsEstimated": 0.665,
    "time": "amc",
    "revenue": 1354400000,
    "revenueEstimated": 1544449388,
    "updatedFromDate": "2025-04-25",
    "fiscalDateEnding": "2024-09-30"
  },
  {
    "date": "2024-07-24",
    "symbol": "EW",
    "eps": 0.7,
    "epsEstimated": 0.69,
    "time": "amc",
    "revenue": 1385900000,
    "revenueEstimated": 1653307494,
    "updatedFromDate": "2025-04-25",
    "fiscalDateEnding": "2024-06-30"
  },
  {
    "date": "2024-04-25",
    "symbol": "EW",
    "eps": 0.66,
    "epsEstimated": 0.64,
    "time": "amc",
    "revenue": 1598200000,
    "revenueEstimated": 1569962910,
    "updatedFromDate": "2025-04-25",
    "fiscalDateEnding": "2024-03-31"
  },
  {
    "date": "2024-02-06",
    "symbol": "EW",
    "eps": 0.64,
    "epsEstimated": 0.64,
    "time": "amc",
    "revenue": 1534100000,
    "revenueEstimated": 1493970000,
    "updatedFromDate": "2025-04-25",
    "fiscalDateEnding": "2023-12-31"
  },
  {
    "date": "2023-10-25",
    "symbol": "EW",
    "eps": 0.59,
    "epsEstimated": 0.59,
    "time": "amc",
    "revenue": 1480900000,
    "revenueEstimated": 1478790000,
    "updatedFromDate": "2025-04-25",
    "fiscalDateEnding": "2023-09-30"
  },
  {
    "date": "2023-07-26",
    "symbol": "EW",
    "eps": 0.66,
    "epsEstimated": 0.65,
    "time": "amc",
    "revenue": 1530200000,
    "revenueEstimated": 1502950000,
    "updatedFromDate": "2025-04-25",
    "fiscalDateEnding": "2023-06-30"
  },
  {
    "date": "2023-04-26",
    "symbol": "EW",
    "eps": 0.62,
    "epsEstimated": 0.61,
    "time": "amc",
    "revenue": 1459600000,
    "revenueEstimated": 1392930000,
    "updatedFromDate": "2025-04-25",
    "fiscalDateEnding": "2023-03-31"
  },
  {
    "date": "2023-01-31",
    "symbol": "EW",
    "eps": 0.64,
    "epsEstimated": 0.61,
    "time": "amc",
    "revenue": 1348300000,
    "revenueEstimated": 1333709572,
    "updatedFromDate": "2025-04-25",
    "fiscalDateEnding": "2022-12-31"
  },
  {
    "date": "2022-10-27",
    "symbol": "EW",
    "eps": 0.61,
    "epsEstimated": 0.62,
    "time": "amc",
    "revenue": 1319000000,
    "revenueEstimated": 1333930043,
    "updatedFromDate": "2025-04-25",
    "fiscalDateEnding": "2022-09-30"
  },
  {
    "date": "2022-07-28",
    "symbol": "EW",
    "eps": 0.63,
    "epsEstimated": 0.64,
    "time": "amc",
    "revenue": 1373900000,
    "revenueEstimated": 1396172221,
    "updatedFromDate": "2025-04-25",
    "fiscalDateEnding": "2022-06-30"
  },
  {
    "date": "2022-04-26",
    "symbol": "EW",
    "eps": 0.6,
    "epsEstimated": 0.57,
    "time": "amc",
    "revenue": 1341200000,
    "revenueEstimated": 1310172901,
    "updatedFromDate": "2025-04-25",
    "fiscalDateEnding": "2022-03-31"
  },
  {
    "date": "2022-01-26",
    "symbol": "EW",
    "eps": 0.51,
    "epsEstimated": 0.55,
    "time": "amc",
    "revenue": 1329700000,
    "revenueEstimated": 1352951652,
    "updatedFromDate": "2025-04-25",
    "fiscalDateEnding": "2021-12-31"
  },
  {
    "date": "2021-10-27",
    "symbol": "EW",
    "eps": 0.54,
    "epsEstimated": 0.53,
    "time": "amc",
    "revenue": 1310200000,
    "revenueEstimated": 1330670000,
    "updatedFromDate": "2025-04-25",
    "fiscalDateEnding": "2021-09-30"
  },
  {
    "date": "2021-07-29",
    "symbol": "EW",
    "eps": 0.64,
    "epsEstimated": 0.56,
    "time": "amc",
    "revenue": 1376000000,
    "revenueEstimated": 1376000000,
    "updatedFromDate": "2025-04-25",
    "fiscalDateEnding": "2021-06-30"
  },
  {
    "date": "2021-04-20",
    "symbol": "EW",
    "eps": 0.54,
    "epsEstimated": 0.47,
    "time": "amc",
    "revenue": 1216600000,
    "revenueEstimated": 1164760000,
    "updatedFromDate": "2025-04-25",
    "fiscalDateEnding": "2021-03-31"
  },
  {
    "date": "2021-01-27",
    "symbol": "EW",
    "eps": 0.5,
    "epsEstimated": 0.53,
    "time": "amc",
    "revenue": 1191700000,
    "revenueEstimated": 1259154716,
    "updatedFromDate": "2025-04-25",
    "fiscalDateEnding": "2020-12-31"
  },
  {
    "date": "2020-10-21",
    "symbol": "EW",
    "eps": 0.51,
    "epsEstimated": 0.44,
    "time": "amc",
    "revenue": 1140900000,
    "revenueEstimated": 984305882,
    "updatedFromDate": "2025-04-25",
    "fiscalDateEnding": "2020-09-30"
  },
  {
    "date": "2020-07-23",
    "symbol": "EW",
    "eps": 0.34,
    "epsEstimated": 0.15,
    "time": "amc",
    "revenue": 925000000,
    "revenueEstimated": 462500000,
    "updatedFromDate": "2025-04-25",
    "fiscalDateEnding": "2020-06-30"
  },
  {
    "date": "2020-04-23",
    "symbol": "EW",
    "eps": 0.5,
    "epsEstimated": 0.44,
    "time": "amc",
    "revenue": 1128700000,
    "revenueEstimated": 1015830000,
    "updatedFromDate": "2025-04-25",
    "fiscalDateEnding": "2020-03-31"
  },
  {
    "date": "2020-01-30",
    "symbol": "EW",
    "eps": 0.49,
    "epsEstimated": 0.5,
    "time": "amc",
    "revenue": 1174100000,
    "revenueEstimated": 1198061224,
    "updatedFromDate": "2025-04-25",
    "fiscalDateEnding": "2019-12-31"
  },
  {
    "date": "2019-10-23",
    "symbol": "EW",
    "eps": 0.47,
    "epsEstimated": 0.41,
    "time": "amc",
    "revenue": 1094000000,
    "revenueEstimated": 954340425,
    "updatedFromDate": "2025-04-25",
    "fiscalDateEnding": "2019-09-30"
  },
  {
    "date": "2019-07-23",
    "symbol": "EW",
    "eps": 0.46,
    "epsEstimated": 0.44,
    "time": "amc",
    "revenue": 1086900000,
    "revenueEstimated": 1039643478,
    "updatedFromDate": "2025-04-25",
    "fiscalDateEnding": "2019-06-30"
  },
  {
    "date": "2019-04-23",
    "symbol": "EW",
    "eps": 0.44,
    "epsEstimated": 0.41,
    "time": "amc",
    "revenue": 993000000,
    "revenueEstimated": 925295454,
    "updatedFromDate": "2025-04-25",
    "fiscalDateEnding": "2019-03-31"
  },
  {
    "date": "2019-01-31",
    "symbol": "EW",
    "eps": 0.39,
    "epsEstimated": 0.39,
    "time": "amc",
    "revenue": 977700000,
    "revenueEstimated": 977700000,
    "updatedFromDate": "2025-04-25",
    "fiscalDateEnding": "2018-12-31"
  },
  {
    "date": "2018-10-23",
    "symbol": "EW",
    "eps": 0.36,
    "epsEstimated": 0.34,
    "time": "amc",
    "revenue": 906600000,
    "revenueEstimated": 856233333,
    "updatedFromDate": "2025-04-25",
    "fiscalDateEnding": "2018-09-30"
  },
  {
    "date": "2018-07-26",
    "symbol": "EW",
    "eps": 0.41,
    "epsEstimated": 0.38,
    "time": "amc",
    "revenue": 943700000,
    "revenueEstimated": 874648780,
    "updatedFromDate": "2025-04-25",
    "fiscalDateEnding": "2018-06-30"
  },
  {
    "date": "2018-04-24",
    "symbol": "EW",
    "eps": 0.41,
    "epsEstimated": 0.37,
    "time": "amc",
    "revenue": 894800000,
    "revenueEstimated": 814121311,
    "updatedFromDate": "2025-04-25",
    "fiscalDateEnding": "2018-03-31"
  },
  {
    "date": "2018-02-01",
    "symbol": "EW",
    "eps": 0.31,
    "epsEstimated": 0.3,
    "time": "amc",
    "revenue": 888500000,
    "revenueEstimated": 860143617,
    "updatedFromDate": "2025-04-25",
    "fiscalDateEnding": "2017-12-31"
  },
  {
    "date": "2017-10-24",
    "symbol": "EW",
    "eps": 0.28,
    "epsEstimated": 0.29,
    "time": "amc",
    "revenue": 821500000,
    "revenueEstimated": 841059523,
    "updatedFromDate": "2025-04-25",
    "fiscalDateEnding": "2017-09-30"
  },
  {
    "date": "2017-07-26",
    "symbol": "EW",
    "eps": 0.32,
    "epsEstimated": 0.29,
    "time": "amc",
    "revenue": 841800000,
    "revenueEstimated": 685911111,
    "updatedFromDate": "2025-04-25",
    "fiscalDateEnding": "2017-06-30"
  },
  {
    "date": "2017-04-25",
    "symbol": "EW",
    "eps": 0.31,
    "epsEstimated": 0.27,
    "time": "amc",
    "revenue": 883500000,
    "revenueEstimated": 770712765,
    "updatedFromDate": "2025-04-25",
    "fiscalDateEnding": "2017-03-31"
  },
  {
    "date": "2017-02-01",
    "symbol": "EW",
    "eps": 0.25,
    "epsEstimated": 0.24,
    "time": "amc",
    "revenue": 767700000,
    "revenueEstimated": 736992000,
    "updatedFromDate": "2025-04-25",
    "fiscalDateEnding": "2016-12-31"
  },
  {
    "date": "2016-10-25",
    "symbol": "EW",
    "eps": 0.23,
    "epsEstimated": 0.23,
    "time": "amc",
    "revenue": 739400000,
    "revenueEstimated": 739400000,
    "updatedFromDate": "2025-04-25",
    "fiscalDateEnding": "2016-09-30"
  },
  {
    "date": "2016-07-26",
    "symbol": "EW",
    "eps": 0.25,
    "epsEstimated": 0.23,
    "time": "amc",
    "revenue": 759300000,
    "revenueEstimated": 699355263,
    "updatedFromDate": "2025-04-25",
    "fiscalDateEnding": "2016-06-30"
  }
]