[
  {
    "date": "2026-04-29",
    "symbol": "EXC",
    "eps": null,
    "epsEstimated": null,
    "time": "bmo",
    "revenue": null,
    "revenueEstimated": null,
    "updatedFromDate": "2025-10-02",
    "fiscalDateEnding": "2026-03-30"
  },
  {
    "date": "2026-02-10",
    "symbol": "EXC",
    "eps": null,
    "epsEstimated": null,
    "time": "bmo",
    "revenue": null,
    "revenueEstimated": null,
    "updatedFromDate": "2025-10-02",
    "fiscalDateEnding": "2025-12-30"
  },
  {
    "date": "2025-10-29",
    "symbol": "EXC",
    "eps": null,
    "epsEstimated": 0.69,
    "time": "bmo",
    "revenue": null,
    "revenueEstimated": 6395237330,
    "updatedFromDate": "2025-10-02",
    "fiscalDateEnding": "2025-09-30"
  },
  {
    "date": "2025-07-31",
    "symbol": "EXC",
    "eps": 0.39,
    "epsEstimated": 0.3674,
    "time": "bmo",
    "revenue": 5427000000,
    "revenueEstimated": 5379850862,
    "updatedFromDate": "2025-10-02",
    "fiscalDateEnding": "2025-06-30"
  },
  {
    "date": "2025-05-01",
    "symbol": "EXC",
    "eps": 0.92,
    "epsEstimated": 0.877,
    "time": "bmo",
    "revenue": 6714000000,
    "revenueEstimated": 6518558526,
    "updatedFromDate": "2025-08-01",
    "fiscalDateEnding": "2025-03-31"
  },
  {
    "date": "2025-02-12",
    "symbol": "EXC",
    "eps": 0.64,
    "epsEstimated": 0.592,
    "time": "bmo",
    "revenue": 5471000000,
    "revenueEstimated": 4512684245,
    "updatedFromDate": "2025-05-12",
    "fiscalDateEnding": "2024-12-31"
  },
  {
    "date": "2024-10-30",
    "symbol": "EXC",
    "eps": 0.71,
    "epsEstimated": 0.67,
    "time": "bmo",
    "revenue": 6154000000,
    "revenueEstimated": 5854137306,
    "updatedFromDate": "2025-04-24",
    "fiscalDateEnding": "2024-09-30"
  },
  {
    "date": "2024-08-01",
    "symbol": "EXC",
    "eps": 0.47,
    "epsEstimated": 0.4,
    "time": "bmo",
    "revenue": 5361000000,
    "revenueEstimated": 4629475247,
    "updatedFromDate": "2025-04-24",
    "fiscalDateEnding": "2024-06-30"
  },
  {
    "date": "2024-05-02",
    "symbol": "EXC",
    "eps": 0.68,
    "epsEstimated": 0.7,
    "time": "bmo",
    "revenue": 6043000000,
    "revenueEstimated": 5567892696,
    "updatedFromDate": "2025-04-24",
    "fiscalDateEnding": "2024-03-31"
  },
  {
    "date": "2024-02-21",
    "symbol": "EXC",
    "eps": 0.6,
    "epsEstimated": 0.58,
    "time": "bmo",
    "revenue": 5367000000,
    "revenueEstimated": 3867567549,
    "updatedFromDate": "2025-04-24",
    "fiscalDateEnding": "2023-12-31"
  },
  {
    "date": "2023-11-02",
    "symbol": "EXC",
    "eps": 0.67,
    "epsEstimated": 0.67,
    "time": "bmo",
    "revenue": 5980000000,
    "revenueEstimated": 5056860000,
    "updatedFromDate": "2025-04-24",
    "fiscalDateEnding": "2023-09-30"
  },
  {
    "date": "2023-08-02",
    "symbol": "EXC",
    "eps": 0.41,
    "epsEstimated": 0.41,
    "time": "bmo",
    "revenue": 4818000000,
    "revenueEstimated": 4215430000,
    "updatedFromDate": "2025-04-24",
    "fiscalDateEnding": "2023-06-30"
  },
  {
    "date": "2023-05-03",
    "symbol": "EXC",
    "eps": 0.7,
    "epsEstimated": 0.66,
    "time": "bmo",
    "revenue": 5563000000,
    "revenueEstimated": 5268610000,
    "updatedFromDate": "2025-04-24",
    "fiscalDateEnding": "2023-03-31"
  },
  {
    "date": "2023-02-14",
    "symbol": "EXC",
    "eps": 0.43,
    "epsEstimated": 0.43,
    "time": "bmo",
    "revenue": 4667000000,
    "revenueEstimated": 4114868948,
    "updatedFromDate": "2025-04-24",
    "fiscalDateEnding": "2022-12-31"
  },
  {
    "date": "2022-11-03",
    "symbol": "EXC",
    "eps": 0.75,
    "epsEstimated": 0.7,
    "time": "bmo",
    "revenue": 4845000000,
    "revenueEstimated": 5012246030,
    "updatedFromDate": "2025-04-24",
    "fiscalDateEnding": "2022-09-30"
  },
  {
    "date": "2022-08-03",
    "symbol": "EXC",
    "eps": 0.44,
    "epsEstimated": 0.46,
    "time": "bmo",
    "revenue": 4239000000,
    "revenueEstimated": 4031496871,
    "updatedFromDate": "2025-04-24",
    "fiscalDateEnding": "2022-06-30"
  },
  {
    "date": "2022-05-09",
    "symbol": "EXC",
    "eps": 0.64,
    "epsEstimated": 0.66,
    "time": "bmo",
    "revenue": 5327000000,
    "revenueEstimated": 4613266412,
    "updatedFromDate": "2025-04-24",
    "fiscalDateEnding": "2022-03-31"
  },
  {
    "date": "2022-02-25",
    "symbol": "EXC",
    "eps": 0.9,
    "epsEstimated": 0.87,
    "time": "bmo",
    "revenue": 9632000000,
    "revenueEstimated": 4373260953,
    "updatedFromDate": "2025-04-24",
    "fiscalDateEnding": "2021-12-31"
  },
  {
    "date": "2021-11-03",
    "symbol": "EXC",
    "eps": 1.09,
    "epsEstimated": 1.09,
    "time": "bmo",
    "revenue": 8910000000,
    "revenueEstimated": 8647210000,
    "updatedFromDate": "2025-04-24",
    "fiscalDateEnding": "2021-09-30"
  },
  {
    "date": "2021-08-04",
    "symbol": "EXC",
    "eps": 0.89,
    "epsEstimated": 0.7,
    "time": "bmo",
    "revenue": 7915000000,
    "revenueEstimated": 6990860000,
    "updatedFromDate": "2025-04-24",
    "fiscalDateEnding": "2021-06-30"
  },
  {
    "date": "2021-05-05",
    "symbol": "EXC",
    "eps": -0.06,
    "epsEstimated": 0.34,
    "time": "bmo",
    "revenue": 9890000000,
    "revenueEstimated": 9231660000,
    "updatedFromDate": "2025-04-24",
    "fiscalDateEnding": "2021-03-31"
  },
  {
    "date": "2021-02-24",
    "symbol": "EXC",
    "eps": 0.76,
    "epsEstimated": 0.71,
    "time": "bmo",
    "revenue": 8117000000,
    "revenueEstimated": 7924570000,
    "updatedFromDate": "2025-04-24",
    "fiscalDateEnding": "2020-12-31"
  },
  {
    "date": "2020-11-03",
    "symbol": "EXC",
    "eps": 1.04,
    "epsEstimated": 0.87,
    "time": "bmo",
    "revenue": 8853000000,
    "revenueEstimated": 7405874999,
    "updatedFromDate": "2025-04-24",
    "fiscalDateEnding": "2020-09-30"
  },
  {
    "date": "2020-08-04",
    "symbol": "EXC",
    "eps": 0.55,
    "epsEstimated": 0.43,
    "time": "bmo",
    "revenue": 7322000000,
    "revenueEstimated": 5724472727,
    "updatedFromDate": "2025-04-24",
    "fiscalDateEnding": "2020-06-30"
  },
  {
    "date": "2020-05-08",
    "symbol": "EXC",
    "eps": 0.87,
    "epsEstimated": 0.85,
    "time": "bmo",
    "revenue": 8747000000,
    "revenueEstimated": 8545919540,
    "updatedFromDate": "2025-04-24",
    "fiscalDateEnding": "2020-03-31"
  },
  {
    "date": "2020-02-11",
    "symbol": "EXC",
    "eps": 0.83,
    "epsEstimated": 0.73,
    "time": "bmo",
    "revenue": 8343000000,
    "revenueEstimated": 7336939759,
    "updatedFromDate": "2025-04-24",
    "fiscalDateEnding": "2019-12-31"
  },
  {
    "date": "2019-10-31",
    "symbol": "EXC",
    "eps": 0.92,
    "epsEstimated": 0.89,
    "time": "bmo",
    "revenue": 8929000000,
    "revenueEstimated": 8637836956,
    "updatedFromDate": "2025-04-24",
    "fiscalDateEnding": "2019-09-30"
  },
  {
    "date": "2019-08-01",
    "symbol": "EXC",
    "eps": 0.6,
    "epsEstimated": 0.61,
    "time": "bmo",
    "revenue": 7689000000,
    "revenueEstimated": 7817150000,
    "updatedFromDate": "2025-04-24",
    "fiscalDateEnding": "2019-06-30"
  },
  {
    "date": "2019-05-02",
    "symbol": "EXC",
    "eps": 0.87,
    "epsEstimated": 0.87,
    "time": "bmo",
    "revenue": 9477000000,
    "revenueEstimated": 9477000000,
    "updatedFromDate": "2025-04-24",
    "fiscalDateEnding": "2019-03-31"
  },
  {
    "date": "2019-02-08",
    "symbol": "EXC",
    "eps": 0.58,
    "epsEstimated": 0.58,
    "time": "bmo",
    "revenue": 8814000000,
    "revenueEstimated": 8656137931,
    "updatedFromDate": "2025-04-24",
    "fiscalDateEnding": "2018-12-31"
  },
  {
    "date": "2018-11-01",
    "symbol": "EXC",
    "eps": 0.88,
    "epsEstimated": 0.88,
    "time": "bmo",
    "revenue": 9403000000,
    "revenueEstimated": 9403000000,
    "updatedFromDate": "2025-04-24",
    "fiscalDateEnding": "2018-09-30"
  },
  {
    "date": "2018-08-02",
    "symbol": "EXC",
    "eps": 0.71,
    "epsEstimated": 0.61,
    "time": "bmo",
    "revenue": 8076000000,
    "revenueEstimated": 6938535211,
    "updatedFromDate": "2025-04-24",
    "fiscalDateEnding": "2018-06-30"
  },
  {
    "date": "2018-05-02",
    "symbol": "EXC",
    "eps": 0.96,
    "epsEstimated": 0.93,
    "time": "bmo",
    "revenue": 9693000000,
    "revenueEstimated": 9188156250,
    "updatedFromDate": "2025-04-24",
    "fiscalDateEnding": "2018-03-31"
  },
  {
    "date": "2018-02-07",
    "symbol": "EXC",
    "eps": 0.55,
    "epsEstimated": 0.62,
    "time": "bmo",
    "revenue": 8381000000,
    "revenueEstimated": 9147272727,
    "updatedFromDate": "2025-04-24",
    "fiscalDateEnding": "2017-12-31"
  },
  {
    "date": "2017-11-02",
    "symbol": "EXC",
    "eps": 0.85,
    "epsEstimated": 0.86,
    "time": "bmo",
    "revenue": 8769000000,
    "revenueEstimated": 8871152941,
    "updatedFromDate": "2025-04-24",
    "fiscalDateEnding": "2017-09-30"
  },
  {
    "date": "2017-08-02",
    "symbol": "EXC",
    "eps": 0.54,
    "epsEstimated": 0.52,
    "time": "bmo",
    "revenue": 7623000000,
    "revenueEstimated": 7523055555,
    "updatedFromDate": "2025-04-24",
    "fiscalDateEnding": "2017-06-30"
  },
  {
    "date": "2017-05-03",
    "symbol": "EXC",
    "eps": 0.65,
    "epsEstimated": 0.61,
    "time": "bmo",
    "revenue": 8757000000,
    "revenueEstimated": 8343292307,
    "updatedFromDate": "2025-04-24",
    "fiscalDateEnding": "2017-03-31"
  },
  {
    "date": "2017-02-08",
    "symbol": "EXC",
    "eps": 0.44,
    "epsEstimated": 0.45,
    "time": "bmo",
    "revenue": 7875000000,
    "revenueEstimated": 8059090909,
    "updatedFromDate": "2025-04-24",
    "fiscalDateEnding": "2016-12-31"
  },
  {
    "date": "2016-10-26",
    "symbol": "EXC",
    "eps": 0.91,
    "epsEstimated": 0.74,
    "time": "bmo",
    "revenue": 9002000000,
    "revenueEstimated": 7716000000,
    "updatedFromDate": "2025-04-24",
    "fiscalDateEnding": "2016-09-30"
  },
  {
    "date": "2016-08-09",
    "symbol": "EXC",
    "eps": 0.65,
    "epsEstimated": 0.56,
    "time": "bmo",
    "revenue": 6910000000,
    "revenueEstimated": 5953230769,
    "updatedFromDate": "2025-04-24",
    "fiscalDateEnding": "2016-06-30"
  }
]