[
  {
    "date": "2026-04-27",
    "symbol": "EXE",
    "eps": null,
    "epsEstimated": null,
    "time": "amc",
    "revenue": null,
    "revenueEstimated": null,
    "updatedFromDate": "2025-10-02",
    "fiscalDateEnding": "2026-03-30"
  },
  {
    "date": "2026-02-24",
    "symbol": "EXE",
    "eps": null,
    "epsEstimated": null,
    "time": "amc",
    "revenue": null,
    "revenueEstimated": null,
    "updatedFromDate": "2025-10-02",
    "fiscalDateEnding": "2025-12-30"
  },
  {
    "date": "2025-11-04",
    "symbol": "EXE",
    "eps": null,
    "epsEstimated": 1.29,
    "time": "bmo",
    "revenue": null,
    "revenueEstimated": null,
    "updatedFromDate": "2025-10-02",
    "fiscalDateEnding": "2025-09-30"
  },
  {
    "date": "2025-07-29",
    "symbol": "EXE",
    "eps": 1.1,
    "epsEstimated": 1.14,
    "time": "amc",
    "revenue": 3690000000,
    "revenueEstimated": 2206622150,
    "updatedFromDate": "2025-10-02",
    "fiscalDateEnding": "2025-06-30"
  },
  {
    "date": "2025-04-29",
    "symbol": "EXE",
    "eps": 2.02,
    "epsEstimated": 1.91,
    "time": "amc",
    "revenue": 2196000000,
    "revenueEstimated": 2552941908,
    "updatedFromDate": "2025-07-29",
    "fiscalDateEnding": "2025-03-31"
  },
  {
    "date": "2025-02-26",
    "symbol": "EXE",
    "eps": 0.55,
    "epsEstimated": 0.52,
    "time": "amc",
    "revenue": 1999000000,
    "revenueEstimated": 1969558054,
    "updatedFromDate": "2025-05-26",
    "fiscalDateEnding": "2024-12-31"
  },
  {
    "date": "2024-10-29",
    "symbol": "EXE",
    "eps": 0.16,
    "epsEstimated": -0.05097,
    "time": "amc",
    "revenue": 646000000,
    "revenueEstimated": 708980120,
    "updatedFromDate": "2025-04-25",
    "fiscalDateEnding": "2024-09-30"
  },
  {
    "date": "2024-07-29",
    "symbol": "EXE",
    "eps": -1.73061,
    "epsEstimated": -0.01104,
    "time": "amc",
    "revenue": 514000000,
    "revenueEstimated": 822541227,
    "updatedFromDate": "2025-04-25",
    "fiscalDateEnding": "2024-06-30"
  },
  {
    "date": "2024-04-30",
    "symbol": "EXE",
    "eps": 0.1834,
    "epsEstimated": 0.594,
    "time": "amc",
    "revenue": 1073000000,
    "revenueEstimated": 1298752966,
    "updatedFromDate": "2025-04-25",
    "fiscalDateEnding": "2024-03-31"
  },
  {
    "date": "2024-02-21",
    "symbol": "EXE",
    "eps": 4.02,
    "epsEstimated": 0.712,
    "time": "amc",
    "revenue": 1809000000,
    "revenueEstimated": 1639475435,
    "updatedFromDate": "2025-04-25",
    "fiscalDateEnding": "2023-12-31"
  },
  {
    "date": "2023-10-31",
    "symbol": "EXE",
    "eps": 0.4918,
    "epsEstimated": 0.572,
    "time": "amc",
    "revenue": 1512000000,
    "revenueEstimated": 1467319238,
    "updatedFromDate": "2025-04-25",
    "fiscalDateEnding": "2023-09-30"
  },
  {
    "date": "2023-08-01",
    "symbol": "EXE",
    "eps": 2.73,
    "epsEstimated": 0.3973,
    "time": "amc",
    "revenue": 1419000000,
    "revenueEstimated": 1579740543,
    "updatedFromDate": "2025-04-25",
    "fiscalDateEnding": "2023-06-30"
  },
  {
    "date": "2023-05-02",
    "symbol": "EXE",
    "eps": 9.6,
    "epsEstimated": 1.7,
    "time": "amc",
    "revenue": 3035000000,
    "revenueEstimated": 1422805704,
    "updatedFromDate": "2025-04-25",
    "fiscalDateEnding": "2023-03-31"
  },
  {
    "date": "2023-02-22",
    "symbol": "EXE",
    "eps": 24.46,
    "epsEstimated": 2.93,
    "time": "amc",
    "revenue": 3136000000,
    "revenueEstimated": 1646574835,
    "updatedFromDate": "2025-04-25",
    "fiscalDateEnding": "2022-12-31"
  },
  {
    "date": "2022-11-01",
    "symbol": "EXE",
    "eps": 6.12,
    "epsEstimated": null,
    "time": "amc",
    "revenue": 4193000000,
    "revenueEstimated": null,
    "updatedFromDate": "2025-04-25",
    "fiscalDateEnding": "2022-09-30"
  },
  {
    "date": "2022-08-02",
    "symbol": "EXE",
    "eps": 8.27,
    "epsEstimated": 4.45,
    "time": "amc",
    "revenue": 4013000000,
    "revenueEstimated": 1796619008,
    "updatedFromDate": "2025-04-25",
    "fiscalDateEnding": "2022-06-30"
  },
  {
    "date": "2022-05-06",
    "symbol": "EXE",
    "eps": -6.32424,
    "epsEstimated": null,
    "time": "amc",
    "revenue": 2781000000,
    "revenueEstimated": null,
    "updatedFromDate": "2025-04-25",
    "fiscalDateEnding": "2022-03-31"
  },
  {
    "date": "2022-02-24",
    "symbol": "EXE",
    "eps": 11.13,
    "epsEstimated": null,
    "time": "amc",
    "revenue": 2785000000,
    "revenueEstimated": null,
    "updatedFromDate": "2025-04-25",
    "fiscalDateEnding": "2021-12-31"
  },
  {
    "date": "2021-11-02",
    "symbol": "EXE",
    "eps": -3.51249,
    "epsEstimated": null,
    "time": "amc",
    "revenue": 1634000000,
    "revenueEstimated": null,
    "updatedFromDate": "2025-04-25",
    "fiscalDateEnding": "2021-09-30"
  },
  {
    "date": "2021-08-10",
    "symbol": "EXE",
    "eps": -4.48275,
    "epsEstimated": null,
    "time": "amc",
    "revenue": 1431000000,
    "revenueEstimated": null,
    "updatedFromDate": "2025-04-25",
    "fiscalDateEnding": "2021-06-30"
  },
  {
    "date": "2021-05-13",
    "symbol": "EXE",
    "eps": 57.99,
    "epsEstimated": null,
    "time": "amc",
    "revenue": 1467000000,
    "revenueEstimated": null,
    "updatedFromDate": "2025-04-25",
    "fiscalDateEnding": "2021-03-31"
  },
  {
    "date": "2021-03-01",
    "symbol": "EXE",
    "eps": -42.53341,
    "epsEstimated": null,
    "time": "amc",
    "revenue": 1207000000,
    "revenueEstimated": null,
    "updatedFromDate": "2025-04-25",
    "fiscalDateEnding": "2020-12-31"
  },
  {
    "date": "2020-11-09",
    "symbol": "EXE",
    "eps": -76.17587,
    "epsEstimated": null,
    "time": "amc",
    "revenue": 1135000000,
    "revenueEstimated": null,
    "updatedFromDate": "2025-04-25",
    "fiscalDateEnding": "2020-09-30"
  },
  {
    "date": "2020-08-10",
    "symbol": "EXE",
    "eps": -28.22374,
    "epsEstimated": null,
    "time": "amc",
    "revenue": 694000000,
    "revenueEstimated": null,
    "updatedFromDate": "2025-04-25",
    "fiscalDateEnding": "2020-06-30"
  },
  {
    "date": "2020-05-11",
    "symbol": "EXE",
    "eps": -850.7126,
    "epsEstimated": null,
    "time": "amc",
    "revenue": 1634000000,
    "revenueEstimated": null,
    "updatedFromDate": "2025-04-25",
    "fiscalDateEnding": "2020-03-31"
  },
  {
    "date": "2020-02-27",
    "symbol": "EXE",
    "eps": -33.26489,
    "epsEstimated": null,
    "time": "amc",
    "revenue": 2052000000,
    "revenueEstimated": null,
    "updatedFromDate": "2025-04-25",
    "fiscalDateEnding": "2019-12-31"
  },
  {
    "date": "2019-11-05",
    "symbol": "EXE",
    "eps": -7.18323,
    "epsEstimated": null,
    "time": "amc",
    "revenue": 1920000000,
    "revenueEstimated": null,
    "updatedFromDate": "2025-04-25",
    "fiscalDateEnding": "2019-09-30"
  },
  {
    "date": "2019-08-06",
    "symbol": "EXE",
    "eps": 12.04,
    "epsEstimated": null,
    "time": "amc",
    "revenue": 2111000000,
    "revenueEstimated": null,
    "updatedFromDate": "2025-04-25",
    "fiscalDateEnding": "2019-06-30"
  },
  {
    "date": "2019-05-09",
    "symbol": "EXE",
    "eps": -3.04348,
    "epsEstimated": null,
    "time": "amc",
    "revenue": 2162000000,
    "revenueEstimated": null,
    "updatedFromDate": "2025-04-25",
    "fiscalDateEnding": "2019-03-31"
  },
  {
    "date": "2019-02-27",
    "symbol": "EXE",
    "eps": 91.22,
    "epsEstimated": null,
    "time": "amc",
    "revenue": 3069000000,
    "revenueEstimated": null,
    "updatedFromDate": "2025-04-25",
    "fiscalDateEnding": "2018-12-31"
  },
  {
    "date": "2018-10-30",
    "symbol": "EXE",
    "eps": -32.05269,
    "epsEstimated": null,
    "time": "amc",
    "revenue": 2550000000,
    "revenueEstimated": null,
    "updatedFromDate": "2025-04-25",
    "fiscalDateEnding": "2018-09-30"
  },
  {
    "date": "2018-08-01",
    "symbol": "EXE",
    "eps": -54.78548,
    "epsEstimated": null,
    "time": "amc",
    "revenue": 2506000000,
    "revenueEstimated": null,
    "updatedFromDate": "2025-04-25",
    "fiscalDateEnding": "2018-06-30"
  },
  {
    "date": "2018-05-02",
    "symbol": "EXE",
    "eps": 3.23,
    "epsEstimated": null,
    "time": "amc",
    "revenue": 2606000000,
    "revenueEstimated": null,
    "updatedFromDate": "2025-04-25",
    "fiscalDateEnding": "2018-03-31"
  },
  {
    "date": "2018-02-22",
    "symbol": "EXE",
    "eps": 63.25,
    "epsEstimated": null,
    "time": "amc",
    "revenue": 2569000000,
    "revenueEstimated": null,
    "updatedFromDate": "2025-04-25",
    "fiscalDateEnding": "2017-12-31"
  },
  {
    "date": "2017-11-02",
    "symbol": "EXE",
    "eps": -3.9604,
    "epsEstimated": null,
    "time": "amc",
    "revenue": 2005000000,
    "revenueEstimated": null,
    "updatedFromDate": "2025-04-25",
    "fiscalDateEnding": "2017-09-30"
  },
  {
    "date": "2017-08-03",
    "symbol": "EXE",
    "eps": 88.69,
    "epsEstimated": null,
    "time": "amc",
    "revenue": 2281000000,
    "revenueEstimated": null,
    "updatedFromDate": "2025-04-25",
    "fiscalDateEnding": "2017-06-30"
  },
  {
    "date": "2017-05-04",
    "symbol": "EXE",
    "eps": 30.65,
    "epsEstimated": null,
    "time": "amc",
    "revenue": 2753000000,
    "revenueEstimated": null,
    "updatedFromDate": "2025-04-25",
    "fiscalDateEnding": "2017-03-31"
  },
  {
    "date": "2017-03-03",
    "symbol": "EXE",
    "eps": -77.33935,
    "epsEstimated": null,
    "time": "amc",
    "revenue": 2021000000,
    "revenueEstimated": null,
    "updatedFromDate": "2025-04-25",
    "fiscalDateEnding": "2016-12-31"
  },
  {
    "date": "2016-11-03",
    "symbol": "EXE",
    "eps": -312.74131,
    "epsEstimated": null,
    "time": "amc",
    "revenue": 2143000000,
    "revenueEstimated": null,
    "updatedFromDate": "2025-04-25",
    "fiscalDateEnding": "2016-09-30"
  },
  {
    "date": "2016-08-04",
    "symbol": "EXE",
    "eps": -490.60773,
    "epsEstimated": null,
    "time": "amc",
    "revenue": 1622000000,
    "revenueEstimated": null,
    "updatedFromDate": "2025-04-25",
    "fiscalDateEnding": "2016-06-30"
  }
]