[
  {
    "date": "2026-05-04",
    "symbol": "EXPD",
    "eps": null,
    "epsEstimated": null,
    "time": "bmo",
    "revenue": null,
    "revenueEstimated": null,
    "updatedFromDate": "2025-10-02",
    "fiscalDateEnding": "2026-03-30"
  },
  {
    "date": "2026-02-24",
    "symbol": "EXPD",
    "eps": null,
    "epsEstimated": null,
    "time": "bmo",
    "revenue": null,
    "revenueEstimated": null,
    "updatedFromDate": "2025-10-02",
    "fiscalDateEnding": "2025-12-30"
  },
  {
    "date": "2025-11-04",
    "symbol": "EXPD",
    "eps": null,
    "epsEstimated": 1.36,
    "time": "bmo",
    "revenue": null,
    "revenueEstimated": 2702167130,
    "updatedFromDate": "2025-10-02",
    "fiscalDateEnding": "2025-09-30"
  },
  {
    "date": "2025-08-05",
    "symbol": "EXPD",
    "eps": 1.34,
    "epsEstimated": 1.25,
    "time": "bmo",
    "revenue": 2651885000,
    "revenueEstimated": 2416757502,
    "updatedFromDate": "2025-10-02",
    "fiscalDateEnding": "2025-06-30"
  },
  {
    "date": "2025-05-06",
    "symbol": "EXPD",
    "eps": 1.47,
    "epsEstimated": 1.37,
    "time": "bmo",
    "revenue": 2666419000,
    "revenueEstimated": 2552505649,
    "updatedFromDate": "2025-08-06",
    "fiscalDateEnding": "2025-03-31"
  },
  {
    "date": "2025-02-18",
    "symbol": "EXPD",
    "eps": 1.68,
    "epsEstimated": 1.38,
    "time": "bmo",
    "revenue": 2954705000,
    "revenueEstimated": 2787209310,
    "updatedFromDate": "2025-05-18",
    "fiscalDateEnding": "2024-12-31"
  },
  {
    "date": "2024-11-05",
    "symbol": "EXPD",
    "eps": 1.63,
    "epsEstimated": 1.35,
    "time": "bmo",
    "revenue": 3000131000,
    "revenueEstimated": 2466094329,
    "updatedFromDate": "2025-04-25",
    "fiscalDateEnding": "2024-09-30"
  },
  {
    "date": "2024-08-06",
    "symbol": "EXPD",
    "eps": 1.24,
    "epsEstimated": 1.26,
    "time": "bmo",
    "revenue": 2439001000,
    "revenueEstimated": 2279440355,
    "updatedFromDate": "2025-04-25",
    "fiscalDateEnding": "2024-06-30"
  },
  {
    "date": "2024-05-07",
    "symbol": "EXPD",
    "eps": 1.17,
    "epsEstimated": 1.08,
    "time": "bmo",
    "revenue": 2206678000,
    "revenueEstimated": 2221162992,
    "updatedFromDate": "2025-04-25",
    "fiscalDateEnding": "2024-03-31"
  },
  {
    "date": "2024-02-20",
    "symbol": "EXPD",
    "eps": 1.09,
    "epsEstimated": 1.23,
    "time": "bmo",
    "revenue": 2277768000,
    "revenueEstimated": 2308830000,
    "updatedFromDate": "2025-04-25",
    "fiscalDateEnding": "2023-12-31"
  },
  {
    "date": "2023-11-07",
    "symbol": "EXPD",
    "eps": 1.24,
    "epsEstimated": 1.28,
    "time": "bmo",
    "revenue": 2190001000,
    "revenueEstimated": 2304710000,
    "updatedFromDate": "2025-04-25",
    "fiscalDateEnding": "2023-09-30"
  },
  {
    "date": "2023-08-08",
    "symbol": "EXPD",
    "eps": 1.3,
    "epsEstimated": 1.38,
    "time": "bmo",
    "revenue": 2239752000,
    "revenueEstimated": 2695330000,
    "updatedFromDate": "2025-04-25",
    "fiscalDateEnding": "2023-06-30"
  },
  {
    "date": "2023-05-02",
    "symbol": "EXPD",
    "eps": 1.45,
    "epsEstimated": 1.33,
    "time": "bmo",
    "revenue": 2592589000,
    "revenueEstimated": 2894630000,
    "updatedFromDate": "2025-04-25",
    "fiscalDateEnding": "2023-03-31"
  },
  {
    "date": "2023-02-21",
    "symbol": "EXPD",
    "eps": 1.38,
    "epsEstimated": 1.96,
    "time": "bmo",
    "revenue": 3441528000,
    "revenueEstimated": 3968120650,
    "updatedFromDate": "2025-04-25",
    "fiscalDateEnding": "2022-12-31"
  },
  {
    "date": "2022-11-08",
    "symbol": "EXPD",
    "eps": 2.54,
    "epsEstimated": 1.95,
    "time": "bmo",
    "revenue": 4362146000,
    "revenueEstimated": 4321886669,
    "updatedFromDate": "2025-04-25",
    "fiscalDateEnding": "2022-09-30"
  },
  {
    "date": "2022-08-02",
    "symbol": "EXPD",
    "eps": 2.27,
    "epsEstimated": 2.13,
    "time": "bmo",
    "revenue": 4603312000,
    "revenueEstimated": 4615559033,
    "updatedFromDate": "2025-04-25",
    "fiscalDateEnding": "2022-06-30"
  },
  {
    "date": "2022-05-03",
    "symbol": "EXPD",
    "eps": 2.05,
    "epsEstimated": 1.74,
    "time": "bmo",
    "revenue": 4664298000,
    "revenueEstimated": 4214123381,
    "updatedFromDate": "2025-04-25",
    "fiscalDateEnding": "2022-03-31"
  },
  {
    "date": "2022-02-22",
    "symbol": "EXPD",
    "eps": 2.66,
    "epsEstimated": 2.08,
    "time": "bmo",
    "revenue": 5396343000,
    "revenueEstimated": 4429514971,
    "updatedFromDate": "2025-04-25",
    "fiscalDateEnding": "2021-12-31"
  },
  {
    "date": "2021-11-02",
    "symbol": "EXPD",
    "eps": 2.09,
    "epsEstimated": 1.77,
    "time": "bmo",
    "revenue": 4319261000,
    "revenueEstimated": 3641170000,
    "updatedFromDate": "2025-04-25",
    "fiscalDateEnding": "2021-09-30"
  },
  {
    "date": "2021-08-03",
    "symbol": "EXPD",
    "eps": 1.84,
    "epsEstimated": 1.61,
    "time": "bmo",
    "revenue": 3609093000,
    "revenueEstimated": 3609090000,
    "updatedFromDate": "2025-04-25",
    "fiscalDateEnding": "2021-06-30"
  },
  {
    "date": "2021-05-04",
    "symbol": "EXPD",
    "eps": 1.67,
    "epsEstimated": 1.04,
    "time": "bmo",
    "revenue": 3198820000,
    "revenueEstimated": 2613730000,
    "updatedFromDate": "2025-04-25",
    "fiscalDateEnding": "2021-03-31"
  },
  {
    "date": "2021-02-16",
    "symbol": "EXPD",
    "eps": 1.16,
    "epsEstimated": 1.07,
    "time": "bmo",
    "revenue": 3169188000,
    "revenueEstimated": 2902620785,
    "updatedFromDate": "2025-04-25",
    "fiscalDateEnding": "2020-12-31"
  },
  {
    "date": "2020-11-03",
    "symbol": "EXPD",
    "eps": 1.12,
    "epsEstimated": 0.98,
    "time": "bmo",
    "revenue": 2348713000,
    "revenueEstimated": 2156697374,
    "updatedFromDate": "2025-04-25",
    "fiscalDateEnding": "2020-09-30"
  },
  {
    "date": "2020-08-04",
    "symbol": "EXPD",
    "eps": 1.09,
    "epsEstimated": 0.71,
    "time": "bmo",
    "revenue": 2411078000,
    "revenueEstimated": 1680962128,
    "updatedFromDate": "2025-04-25",
    "fiscalDateEnding": "2020-06-30"
  },
  {
    "date": "2020-05-05",
    "symbol": "EXPD",
    "eps": 0.71,
    "epsEstimated": 0.64,
    "time": "bmo",
    "revenue": 1901864000,
    "revenueEstimated": 1714356281,
    "updatedFromDate": "2025-04-25",
    "fiscalDateEnding": "2020-03-31"
  },
  {
    "date": "2020-02-18",
    "symbol": "EXPD",
    "eps": 0.79,
    "epsEstimated": 0.85,
    "time": "bmo",
    "revenue": 2044941000,
    "revenueEstimated": 2200252974,
    "updatedFromDate": "2025-04-25",
    "fiscalDateEnding": "2019-12-31"
  },
  {
    "date": "2019-11-05",
    "symbol": "EXPD",
    "eps": 0.92,
    "epsEstimated": 0.91,
    "time": "bmo",
    "revenue": 2074855000,
    "revenueEstimated": 2052302228,
    "updatedFromDate": "2025-04-25",
    "fiscalDateEnding": "2019-09-30"
  },
  {
    "date": "2019-08-06",
    "symbol": "EXPD",
    "eps": 0.88,
    "epsEstimated": 0.82,
    "time": "bmo",
    "revenue": 2035579000,
    "revenueEstimated": 1896789522,
    "updatedFromDate": "2025-04-25",
    "fiscalDateEnding": "2019-06-30"
  },
  {
    "date": "2019-05-07",
    "symbol": "EXPD",
    "eps": 0.8,
    "epsEstimated": 0.84,
    "time": "bmo",
    "revenue": 2020051000,
    "revenueEstimated": 2121053549,
    "updatedFromDate": "2025-04-25",
    "fiscalDateEnding": "2019-03-31"
  },
  {
    "date": "2019-02-19",
    "symbol": "EXPD",
    "eps": 1.02,
    "epsEstimated": 0.85,
    "time": "bmo",
    "revenue": 2235597000,
    "revenueEstimated": 1862997499,
    "updatedFromDate": "2025-04-25",
    "fiscalDateEnding": "2018-12-31"
  },
  {
    "date": "2018-11-06",
    "symbol": "EXPD",
    "eps": 0.92,
    "epsEstimated": 0.79,
    "time": "bmo",
    "revenue": 2090947000,
    "revenueEstimated": 1795487097,
    "updatedFromDate": "2025-04-25",
    "fiscalDateEnding": "2018-09-30"
  },
  {
    "date": "2018-08-07",
    "symbol": "EXPD",
    "eps": 0.79,
    "epsEstimated": 0.78,
    "time": "bmo",
    "revenue": 1957559000,
    "revenueEstimated": 1932820253,
    "updatedFromDate": "2025-04-25",
    "fiscalDateEnding": "2018-06-30"
  },
  {
    "date": "2018-05-08",
    "symbol": "EXPD",
    "eps": 0.76,
    "epsEstimated": 0.65,
    "time": "bmo",
    "revenue": 1854262000,
    "revenueEstimated": 1585914473,
    "updatedFromDate": "2025-04-25",
    "fiscalDateEnding": "2018-03-31"
  },
  {
    "date": "2018-02-20",
    "symbol": "EXPD",
    "eps": 0.71,
    "epsEstimated": 0.63,
    "time": "bmo",
    "revenue": 1901371000,
    "revenueEstimated": 1687157746,
    "updatedFromDate": "2025-04-25",
    "fiscalDateEnding": "2017-12-31"
  },
  {
    "date": "2017-11-07",
    "symbol": "EXPD",
    "eps": 0.66,
    "epsEstimated": 0.6,
    "time": "bmo",
    "revenue": 1802166000,
    "revenueEstimated": 1638363636,
    "updatedFromDate": "2025-04-25",
    "fiscalDateEnding": "2017-09-30"
  },
  {
    "date": "2017-08-08",
    "symbol": "EXPD",
    "eps": 0.6,
    "epsEstimated": 0.59,
    "time": "bmo",
    "revenue": 1672279000,
    "revenueEstimated": 1644428333,
    "updatedFromDate": "2025-04-25",
    "fiscalDateEnding": "2017-06-30"
  },
  {
    "date": "2017-05-02",
    "symbol": "EXPD",
    "eps": 0.51,
    "epsEstimated": 0.56,
    "time": "bmo",
    "revenue": 1545132000,
    "revenueEstimated": 1696580392,
    "updatedFromDate": "2025-04-25",
    "fiscalDateEnding": "2017-03-31"
  },
  {
    "date": "2017-02-21",
    "symbol": "EXPD",
    "eps": 0.61,
    "epsEstimated": 0.6,
    "time": "bmo",
    "revenue": 1642007000,
    "revenueEstimated": 1615081967,
    "updatedFromDate": "2025-04-25",
    "fiscalDateEnding": "2016-12-31"
  },
  {
    "date": "2016-11-08",
    "symbol": "EXPD",
    "eps": 0.59,
    "epsEstimated": 0.65,
    "time": "bmo",
    "revenue": 1562394000,
    "revenueEstimated": 1721288135,
    "updatedFromDate": "2025-04-25",
    "fiscalDateEnding": "2016-09-30"
  },
  {
    "date": "2016-08-02",
    "symbol": "EXPD",
    "eps": 0.63,
    "epsEstimated": 0.59,
    "time": "bmo",
    "revenue": 1475164000,
    "revenueEstimated": 1381536507,
    "updatedFromDate": "2025-04-25",
    "fiscalDateEnding": "2016-06-30"
  }
]