[
  {
    "date": "2026-05-06",
    "symbol": "EXPE",
    "eps": null,
    "epsEstimated": null,
    "time": "amc",
    "revenue": null,
    "revenueEstimated": null,
    "updatedFromDate": "2025-10-02",
    "fiscalDateEnding": "2026-03-30"
  },
  {
    "date": "2026-02-04",
    "symbol": "EXPE",
    "eps": null,
    "epsEstimated": null,
    "time": "amc",
    "revenue": null,
    "revenueEstimated": null,
    "updatedFromDate": "2025-10-02",
    "fiscalDateEnding": "2025-12-30"
  },
  {
    "date": "2025-11-06",
    "symbol": "EXPE",
    "eps": null,
    "epsEstimated": 7.04,
    "time": "bmo",
    "revenue": null,
    "revenueEstimated": 4277097540,
    "updatedFromDate": "2025-10-02",
    "fiscalDateEnding": "2025-09-30"
  },
  {
    "date": "2025-08-07",
    "symbol": "EXPE",
    "eps": 4.24,
    "epsEstimated": 3.97,
    "time": "amc",
    "revenue": 3786000000,
    "revenueEstimated": 3707915119,
    "updatedFromDate": "2025-10-02",
    "fiscalDateEnding": "2025-06-30"
  },
  {
    "date": "2025-05-08",
    "symbol": "EXPE",
    "eps": 0.4,
    "epsEstimated": 0.3522,
    "time": "amc",
    "revenue": 2988000000,
    "revenueEstimated": 3012645197,
    "updatedFromDate": "2025-08-08",
    "fiscalDateEnding": "2025-03-31"
  },
  {
    "date": "2025-02-06",
    "symbol": "EXPE",
    "eps": 1.84,
    "epsEstimated": 2.06,
    "time": "amc",
    "revenue": 3184000000,
    "revenueEstimated": 3070410000,
    "updatedFromDate": "2025-02-13",
    "fiscalDateEnding": "2024-12-31"
  },
  {
    "date": "2024-11-07",
    "symbol": "EXPE",
    "eps": 6.13,
    "epsEstimated": 6.07,
    "time": "amc",
    "revenue": 4060000000,
    "revenueEstimated": 4112549025,
    "updatedFromDate": "2025-04-25",
    "fiscalDateEnding": "2024-09-30"
  },
  {
    "date": "2024-08-08",
    "symbol": "EXPE",
    "eps": 3.51,
    "epsEstimated": 3.06,
    "time": "amc",
    "revenue": 3558000000,
    "revenueEstimated": 3534141107,
    "updatedFromDate": "2025-04-25",
    "fiscalDateEnding": "2024-06-30"
  },
  {
    "date": "2024-05-02",
    "symbol": "EXPE",
    "eps": 0.21,
    "epsEstimated": -0.13917,
    "time": "amc",
    "revenue": 2889000000,
    "revenueEstimated": 2804459425,
    "updatedFromDate": "2025-04-25",
    "fiscalDateEnding": "2024-03-31"
  },
  {
    "date": "2024-02-08",
    "symbol": "EXPE",
    "eps": 1.72,
    "epsEstimated": 1.67,
    "time": "amc",
    "revenue": 2887000000,
    "revenueEstimated": 2876750000,
    "updatedFromDate": "2025-04-25",
    "fiscalDateEnding": "2023-12-31"
  },
  {
    "date": "2023-11-02",
    "symbol": "EXPE",
    "eps": 5.41,
    "epsEstimated": 5.15,
    "time": "amc",
    "revenue": 3929000000,
    "revenueEstimated": 3857790000,
    "updatedFromDate": "2025-04-25",
    "fiscalDateEnding": "2023-09-30"
  },
  {
    "date": "2023-08-03",
    "symbol": "EXPE",
    "eps": 2.89,
    "epsEstimated": 2.32,
    "time": "bmo",
    "revenue": 3358000000,
    "revenueEstimated": 3368170000,
    "updatedFromDate": "2025-04-25",
    "fiscalDateEnding": "2023-06-30"
  },
  {
    "date": "2023-05-04",
    "symbol": "EXPE",
    "eps": -0.2,
    "epsEstimated": -0.04029,
    "time": "amc",
    "revenue": 2665000000,
    "revenueEstimated": 2665550000,
    "updatedFromDate": "2025-04-25",
    "fiscalDateEnding": "2023-03-31"
  },
  {
    "date": "2023-02-09",
    "symbol": "EXPE",
    "eps": 1.26,
    "epsEstimated": 1.67,
    "time": "amc",
    "revenue": 2618000000,
    "revenueEstimated": 2701831320,
    "updatedFromDate": "2025-04-25",
    "fiscalDateEnding": "2022-12-31"
  },
  {
    "date": "2022-11-03",
    "symbol": "EXPE",
    "eps": 4.05,
    "epsEstimated": 3.89,
    "time": "amc",
    "revenue": 3619000000,
    "revenueEstimated": 3591167803,
    "updatedFromDate": "2025-04-25",
    "fiscalDateEnding": "2022-09-30"
  },
  {
    "date": "2022-08-04",
    "symbol": "EXPE",
    "eps": 1.96,
    "epsEstimated": 1.57,
    "time": "amc",
    "revenue": 3181000000,
    "revenueEstimated": 2987780322,
    "updatedFromDate": "2025-04-25",
    "fiscalDateEnding": "2022-06-30"
  },
  {
    "date": "2022-05-02",
    "symbol": "EXPE",
    "eps": -0.48,
    "epsEstimated": -0.27,
    "time": "amc",
    "revenue": 2249000000,
    "revenueEstimated": 2247587731,
    "updatedFromDate": "2025-04-25",
    "fiscalDateEnding": "2022-03-31"
  },
  {
    "date": "2022-02-10",
    "symbol": "EXPE",
    "eps": 1.06,
    "epsEstimated": 0.97,
    "time": "amc",
    "revenue": 2279000000,
    "revenueEstimated": 2293806027,
    "updatedFromDate": "2025-04-25",
    "fiscalDateEnding": "2021-12-31"
  },
  {
    "date": "2021-11-04",
    "symbol": "EXPE",
    "eps": 3.53,
    "epsEstimated": 1.63,
    "time": "amc",
    "revenue": 2962000000,
    "revenueEstimated": 2780210000,
    "updatedFromDate": "2025-04-25",
    "fiscalDateEnding": "2021-09-30"
  },
  {
    "date": "2021-08-05",
    "symbol": "EXPE",
    "eps": -1.13,
    "epsEstimated": -0.76,
    "time": "amc",
    "revenue": 2111000000,
    "revenueEstimated": 2111000000,
    "updatedFromDate": "2025-04-25",
    "fiscalDateEnding": "2021-06-30"
  },
  {
    "date": "2021-05-06",
    "symbol": "EXPE",
    "eps": -2.02,
    "epsEstimated": -2.52,
    "time": "amc",
    "revenue": 1246000000,
    "revenueEstimated": 1110690000,
    "updatedFromDate": "2025-04-25",
    "fiscalDateEnding": "2021-03-31"
  },
  {
    "date": "2021-02-11",
    "symbol": "EXPE",
    "eps": -2.64,
    "epsEstimated": -1.93,
    "time": "amc",
    "revenue": 920000000,
    "revenueEstimated": 1126010000,
    "updatedFromDate": "2025-04-25",
    "fiscalDateEnding": "2020-12-31"
  },
  {
    "date": "2020-11-04",
    "symbol": "EXPE",
    "eps": -0.22,
    "epsEstimated": -0.92,
    "time": "amc",
    "revenue": 1504000000,
    "revenueEstimated": 5400727272,
    "updatedFromDate": "2025-04-25",
    "fiscalDateEnding": "2020-09-30"
  },
  {
    "date": "2020-07-30",
    "symbol": "EXPE",
    "eps": -4.09,
    "epsEstimated": -3.4,
    "time": "amc",
    "revenue": 566000000,
    "revenueEstimated": 462210268,
    "updatedFromDate": "2025-04-25",
    "fiscalDateEnding": "2020-06-30"
  },
  {
    "date": "2020-05-20",
    "symbol": "EXPE",
    "eps": -1.83,
    "epsEstimated": -1.24,
    "time": "amc",
    "revenue": 2209000000,
    "revenueEstimated": 1484737704,
    "updatedFromDate": "2025-04-25",
    "fiscalDateEnding": "2020-03-31"
  },
  {
    "date": "2020-02-13",
    "symbol": "EXPE",
    "eps": 1.24,
    "epsEstimated": 1.18,
    "time": "amc",
    "revenue": 2747000000,
    "revenueEstimated": 2636233870,
    "updatedFromDate": "2025-04-25",
    "fiscalDateEnding": "2019-12-31"
  },
  {
    "date": "2019-11-06",
    "symbol": "EXPE",
    "eps": 3.38,
    "epsEstimated": 3.8,
    "time": "amc",
    "revenue": 3558000000,
    "revenueEstimated": 4000118343,
    "updatedFromDate": "2025-04-25",
    "fiscalDateEnding": "2019-09-30"
  },
  {
    "date": "2019-07-25",
    "symbol": "EXPE",
    "eps": 1.77,
    "epsEstimated": 1.7,
    "time": "amc",
    "revenue": 3153000000,
    "revenueEstimated": 2974864406,
    "updatedFromDate": "2025-04-25",
    "fiscalDateEnding": "2019-06-30"
  },
  {
    "date": "2019-05-02",
    "symbol": "EXPE",
    "eps": -0.27,
    "epsEstimated": -0.36,
    "time": "amc",
    "revenue": 2609000000,
    "revenueEstimated": 3671925925,
    "updatedFromDate": "2025-04-25",
    "fiscalDateEnding": "2019-03-31"
  },
  {
    "date": "2019-02-07",
    "symbol": "EXPE",
    "eps": 1.24,
    "epsEstimated": 1.07,
    "time": "amc",
    "revenue": 2559000000,
    "revenueEstimated": 2228806451,
    "updatedFromDate": "2025-04-25",
    "fiscalDateEnding": "2018-12-31"
  },
  {
    "date": "2018-10-25",
    "symbol": "EXPE",
    "eps": 3.65,
    "epsEstimated": 3.12,
    "time": "amc",
    "revenue": 3276000000,
    "revenueEstimated": 2800306849,
    "updatedFromDate": "2025-04-25",
    "fiscalDateEnding": "2018-09-30"
  },
  {
    "date": "2018-07-26",
    "symbol": "EXPE",
    "eps": 1.38,
    "epsEstimated": 0.91,
    "time": "amc",
    "revenue": 2880000000,
    "revenueEstimated": 1857391304,
    "updatedFromDate": "2025-04-25",
    "fiscalDateEnding": "2018-06-30"
  },
  {
    "date": "2018-04-26",
    "symbol": "EXPE",
    "eps": -0.36,
    "epsEstimated": -0.64,
    "time": "amc",
    "revenue": 2508000000,
    "revenueEstimated": 2562521739,
    "updatedFromDate": "2025-04-25",
    "fiscalDateEnding": "2018-03-31"
  },
  {
    "date": "2018-02-08",
    "symbol": "EXPE",
    "eps": 0.84,
    "epsEstimated": 1.16,
    "time": "amc",
    "revenue": 2319208000,
    "revenueEstimated": 3175095238,
    "updatedFromDate": "2025-04-25",
    "fiscalDateEnding": "2017-12-31"
  },
  {
    "date": "2017-10-26",
    "symbol": "EXPE",
    "eps": 2.51,
    "epsEstimated": 2.62,
    "time": "amc",
    "revenue": 2965848000,
    "revenueEstimated": 3095775298,
    "updatedFromDate": "2025-04-25",
    "fiscalDateEnding": "2017-09-30"
  },
  {
    "date": "2017-07-27",
    "symbol": "EXPE",
    "eps": 0.89,
    "epsEstimated": 0.92,
    "time": "amc",
    "revenue": 2586052000,
    "revenueEstimated": 2731386516,
    "updatedFromDate": "2025-04-25",
    "fiscalDateEnding": "2017-06-30"
  },
  {
    "date": "2017-04-27",
    "symbol": "EXPE",
    "eps": 0.05,
    "epsEstimated": 0.07,
    "time": "amc",
    "revenue": 2188736000,
    "revenueEstimated": 2626440000,
    "updatedFromDate": "2025-04-25",
    "fiscalDateEnding": "2017-03-31"
  },
  {
    "date": "2017-02-09",
    "symbol": "EXPE",
    "eps": 1.17,
    "epsEstimated": 1.36,
    "time": "amc",
    "revenue": 2092829000,
    "revenueEstimated": 2450543589,
    "updatedFromDate": "2025-04-25",
    "fiscalDateEnding": "2016-12-31"
  },
  {
    "date": "2016-10-27",
    "symbol": "EXPE",
    "eps": 2.41,
    "epsEstimated": 2.47,
    "time": "amc",
    "revenue": 2580905000,
    "revenueEstimated": 2645154771,
    "updatedFromDate": "2025-04-25",
    "fiscalDateEnding": "2016-09-30"
  },
  {
    "date": "2016-07-28",
    "symbol": "EXPE",
    "eps": 0.83,
    "epsEstimated": 0.73,
    "time": "amc",
    "revenue": 2195869000,
    "revenueEstimated": 2063616867,
    "updatedFromDate": "2025-04-25",
    "fiscalDateEnding": "2016-06-30"
  }
]