[
  {
    "date": "2026-04-27",
    "symbol": "EXR",
    "eps": null,
    "epsEstimated": null,
    "time": "amc",
    "revenue": null,
    "revenueEstimated": null,
    "updatedFromDate": "2025-10-02",
    "fiscalDateEnding": "2026-03-30"
  },
  {
    "date": "2026-02-23",
    "symbol": "EXR",
    "eps": null,
    "epsEstimated": null,
    "time": "amc",
    "revenue": null,
    "revenueEstimated": null,
    "updatedFromDate": "2025-10-02",
    "fiscalDateEnding": "2025-12-30"
  },
  {
    "date": "2025-10-29",
    "symbol": "EXR",
    "eps": null,
    "epsEstimated": 2.06,
    "time": "amc",
    "revenue": null,
    "revenueEstimated": 736259250,
    "updatedFromDate": "2025-10-02",
    "fiscalDateEnding": "2025-09-30"
  },
  {
    "date": "2025-07-30",
    "symbol": "EXR",
    "eps": 2.05,
    "epsEstimated": 2.06,
    "time": "amc",
    "revenue": 841618000,
    "revenueEstimated": 732192200,
    "updatedFromDate": "2025-10-02",
    "fiscalDateEnding": "2025-06-30"
  },
  {
    "date": "2025-04-29",
    "symbol": "EXR",
    "eps": 2,
    "epsEstimated": 1.96,
    "time": "amc",
    "revenue": 819997000,
    "revenueEstimated": 707583200,
    "updatedFromDate": "2025-07-29",
    "fiscalDateEnding": "2025-03-31"
  },
  {
    "date": "2025-02-25",
    "symbol": "EXR",
    "eps": 2.03,
    "epsEstimated": 1.1,
    "time": "amc",
    "revenue": 821896000,
    "revenueEstimated": 707341000,
    "updatedFromDate": "2025-05-25",
    "fiscalDateEnding": "2024-12-31"
  },
  {
    "date": "2024-10-29",
    "symbol": "EXR",
    "eps": 2.07,
    "epsEstimated": 2.03,
    "time": "amc",
    "revenue": 824804000,
    "revenueEstimated": 726811750,
    "updatedFromDate": "2025-04-25",
    "fiscalDateEnding": "2024-09-30"
  },
  {
    "date": "2024-07-30",
    "symbol": "EXR",
    "eps": 2.06,
    "epsEstimated": 2,
    "time": "amc",
    "revenue": 810663000,
    "revenueEstimated": 742440000,
    "updatedFromDate": "2025-04-25",
    "fiscalDateEnding": "2024-06-30"
  },
  {
    "date": "2024-04-30",
    "symbol": "EXR",
    "eps": 1.96,
    "epsEstimated": 1.95,
    "time": "amc",
    "revenue": 799539000,
    "revenueEstimated": 716560000,
    "updatedFromDate": "2025-04-25",
    "fiscalDateEnding": "2024-03-31"
  },
  {
    "date": "2024-02-27",
    "symbol": "EXR",
    "eps": 2.02,
    "epsEstimated": 2.03,
    "time": "amc",
    "revenue": 797774000,
    "revenueEstimated": 720810000,
    "updatedFromDate": "2025-04-25",
    "fiscalDateEnding": "2023-12-31"
  },
  {
    "date": "2023-11-07",
    "symbol": "EXR",
    "eps": 2.02,
    "epsEstimated": 2.03,
    "time": "amc",
    "revenue": 748034000,
    "revenueEstimated": 612850000,
    "updatedFromDate": "2025-04-25",
    "fiscalDateEnding": "2023-09-30"
  },
  {
    "date": "2023-08-03",
    "symbol": "EXR",
    "eps": 1.5,
    "epsEstimated": 1.51,
    "time": "amc",
    "revenue": 511386000,
    "revenueEstimated": 507950000,
    "updatedFromDate": "2025-04-25",
    "fiscalDateEnding": "2023-06-30"
  },
  {
    "date": "2023-05-02",
    "symbol": "EXR",
    "eps": 1.46,
    "epsEstimated": 1.41,
    "time": "amc",
    "revenue": 503050000,
    "revenueEstimated": 450320000,
    "updatedFromDate": "2025-04-25",
    "fiscalDateEnding": "2023-03-31"
  },
  {
    "date": "2023-02-22",
    "symbol": "EXR",
    "eps": 1.52,
    "epsEstimated": 1.46,
    "time": "amc",
    "revenue": 506718000,
    "revenueEstimated": 509221500,
    "updatedFromDate": "2025-04-25",
    "fiscalDateEnding": "2022-12-31"
  },
  {
    "date": "2022-11-01",
    "symbol": "EXR",
    "eps": 1.65,
    "epsEstimated": 1.59,
    "time": "amc",
    "revenue": 498902000,
    "revenueEstimated": 497425728,
    "updatedFromDate": "2025-04-25",
    "fiscalDateEnding": "2022-09-30"
  },
  {
    "date": "2022-08-02",
    "symbol": "EXR",
    "eps": 1.64,
    "epsEstimated": 1.47,
    "time": "amc",
    "revenue": 474988000,
    "revenueEstimated": 478524333,
    "updatedFromDate": "2025-04-25",
    "fiscalDateEnding": "2022-06-30"
  },
  {
    "date": "2022-05-03",
    "symbol": "EXR",
    "eps": 1.51,
    "epsEstimated": 1.35,
    "time": "amc",
    "revenue": 443562000,
    "revenueEstimated": 438785539,
    "updatedFromDate": "2025-04-25",
    "fiscalDateEnding": "2022-03-31"
  },
  {
    "date": "2022-02-23",
    "symbol": "EXR",
    "eps": 2,
    "epsEstimated": 1.4,
    "time": "amc",
    "revenue": 427383000,
    "revenueEstimated": 421004243,
    "updatedFromDate": "2025-04-25",
    "fiscalDateEnding": "2021-12-31"
  },
  {
    "date": "2021-10-27",
    "symbol": "EXR",
    "eps": 1.4,
    "epsEstimated": 1.22,
    "time": "amc",
    "revenue": 412492000,
    "revenueEstimated": 332140000,
    "updatedFromDate": "2025-04-25",
    "fiscalDateEnding": "2021-09-30"
  },
  {
    "date": "2021-07-27",
    "symbol": "EXR",
    "eps": 1.25,
    "epsEstimated": 1.08,
    "time": "amc",
    "revenue": 378630000,
    "revenueEstimated": 329060000,
    "updatedFromDate": "2025-04-25",
    "fiscalDateEnding": "2021-06-30"
  },
  {
    "date": "2021-04-28",
    "symbol": "EXR",
    "eps": 1.53,
    "epsEstimated": 0.99,
    "time": "amc",
    "revenue": 358857000,
    "revenueEstimated": 311200000,
    "updatedFromDate": "2025-04-25",
    "fiscalDateEnding": "2021-03-31"
  },
  {
    "date": "2021-02-22",
    "symbol": "EXR",
    "eps": 1.19,
    "epsEstimated": 0.9,
    "time": "amc",
    "revenue": 353490000,
    "revenueEstimated": 239587666,
    "updatedFromDate": "2025-04-25",
    "fiscalDateEnding": "2020-12-31"
  },
  {
    "date": "2020-11-04",
    "symbol": "EXR",
    "eps": 1.31,
    "epsEstimated": 1.24,
    "time": "amc",
    "revenue": 343024000,
    "revenueEstimated": 307942000,
    "updatedFromDate": "2025-04-25",
    "fiscalDateEnding": "2020-09-30"
  },
  {
    "date": "2020-08-04",
    "symbol": "EXR",
    "eps": 1.23,
    "epsEstimated": 1.16,
    "time": "amc",
    "revenue": 327246000,
    "revenueEstimated": 298611974,
    "updatedFromDate": "2025-04-25",
    "fiscalDateEnding": "2020-06-30"
  },
  {
    "date": "2020-05-06",
    "symbol": "EXR",
    "eps": 1.24,
    "epsEstimated": 1.2,
    "time": "amc",
    "revenue": 332452000,
    "revenueEstimated": 304413879,
    "updatedFromDate": "2025-04-25",
    "fiscalDateEnding": "2020-03-31"
  },
  {
    "date": "2020-02-18",
    "symbol": "EXR",
    "eps": 1.27,
    "epsEstimated": 1.25,
    "time": "amc",
    "revenue": 335801000,
    "revenueEstimated": 327610731,
    "updatedFromDate": "2025-04-25",
    "fiscalDateEnding": "2019-12-31"
  },
  {
    "date": "2019-10-29",
    "symbol": "EXR",
    "eps": 1.24,
    "epsEstimated": 1.24,
    "time": "amc",
    "revenue": 337505000,
    "revenueEstimated": 346049430,
    "updatedFromDate": "2025-04-25",
    "fiscalDateEnding": "2019-09-30"
  },
  {
    "date": "2019-07-30",
    "symbol": "EXR",
    "eps": 1.22,
    "epsEstimated": 1.19,
    "time": "amc",
    "revenue": 323602000,
    "revenueEstimated": 315196753,
    "updatedFromDate": "2025-04-25",
    "fiscalDateEnding": "2019-06-30"
  },
  {
    "date": "2019-04-30",
    "symbol": "EXR",
    "eps": 1.16,
    "epsEstimated": 1.14,
    "time": "amc",
    "revenue": 311546000,
    "revenueEstimated": 302770056,
    "updatedFromDate": "2025-04-25",
    "fiscalDateEnding": "2019-03-31"
  },
  {
    "date": "2019-02-20",
    "symbol": "EXR",
    "eps": 1.22,
    "epsEstimated": 1.2,
    "time": "amc",
    "revenue": 307353000,
    "revenueEstimated": 291985350,
    "updatedFromDate": "2025-04-25",
    "fiscalDateEnding": "2018-12-31"
  },
  {
    "date": "2018-10-30",
    "symbol": "EXR",
    "eps": 1.02,
    "epsEstimated": 0.75,
    "time": "amc",
    "revenue": 306953000,
    "revenueEstimated": 225700735,
    "updatedFromDate": "2025-04-25",
    "fiscalDateEnding": "2018-09-30"
  },
  {
    "date": "2018-07-31",
    "symbol": "EXR",
    "eps": 1.15,
    "epsEstimated": 1.15,
    "time": "amc",
    "revenue": 296813000,
    "revenueEstimated": 273056000,
    "updatedFromDate": "2025-04-25",
    "fiscalDateEnding": "2018-06-30"
  },
  {
    "date": "2018-05-01",
    "symbol": "EXR",
    "eps": 1.09,
    "epsEstimated": 1.09,
    "time": "amc",
    "revenue": 285485000,
    "revenueEstimated": 265107142,
    "updatedFromDate": "2025-04-25",
    "fiscalDateEnding": "2018-03-31"
  },
  {
    "date": "2018-02-20",
    "symbol": "EXR",
    "eps": 1.12,
    "epsEstimated": 1.08,
    "time": "amc",
    "revenue": 281842000,
    "revenueEstimated": 229197939,
    "updatedFromDate": "2025-04-25",
    "fiscalDateEnding": "2017-12-31"
  },
  {
    "date": "2017-11-01",
    "symbol": "EXR",
    "eps": 1.13,
    "epsEstimated": 1.1,
    "time": "amc",
    "revenue": 284156000,
    "revenueEstimated": 276518918,
    "updatedFromDate": "2025-04-25",
    "fiscalDateEnding": "2017-09-30"
  },
  {
    "date": "2017-08-01",
    "symbol": "EXR",
    "eps": 1.09,
    "epsEstimated": 1.05,
    "time": "amc",
    "revenue": 276003000,
    "revenueEstimated": 260000000,
    "updatedFromDate": "2025-04-25",
    "fiscalDateEnding": "2017-06-30"
  },
  {
    "date": "2017-04-26",
    "symbol": "EXR",
    "eps": 1.03,
    "epsEstimated": 0.98,
    "time": "amc",
    "revenue": 263008000,
    "revenueEstimated": 234234374,
    "updatedFromDate": "2025-04-25",
    "fiscalDateEnding": "2017-03-31"
  },
  {
    "date": "2017-02-21",
    "symbol": "EXR",
    "eps": 1.03,
    "epsEstimated": 0.97,
    "time": "amc",
    "revenue": 261016000,
    "revenueEstimated": 220846153,
    "updatedFromDate": "2025-04-25",
    "fiscalDateEnding": "2016-12-31"
  },
  {
    "date": "2016-10-26",
    "symbol": "EXR",
    "eps": 0.93,
    "epsEstimated": 0.63,
    "time": "amc",
    "revenue": 257183000,
    "revenueEstimated": 174232258,
    "updatedFromDate": "2025-04-25",
    "fiscalDateEnding": "2016-09-30"
  },
  {
    "date": "2016-07-27",
    "symbol": "EXR",
    "eps": 0.66,
    "epsEstimated": 0.54,
    "time": "amc",
    "revenue": 244273000,
    "revenueEstimated": 199881818,
    "updatedFromDate": "2025-04-25",
    "fiscalDateEnding": "2016-06-30"
  }
]