[
  {
    "date": "2026-05-04",
    "symbol": "F",
    "eps": null,
    "epsEstimated": null,
    "time": "amc",
    "revenue": null,
    "revenueEstimated": null,
    "updatedFromDate": "2025-10-02",
    "fiscalDateEnding": "2026-03-30"
  },
  {
    "date": "2026-02-03",
    "symbol": "F",
    "eps": null,
    "epsEstimated": null,
    "time": "amc",
    "revenue": null,
    "revenueEstimated": null,
    "updatedFromDate": "2025-10-02",
    "fiscalDateEnding": "2025-12-30"
  },
  {
    "date": "2025-10-27",
    "symbol": "F",
    "eps": null,
    "epsEstimated": 0.38,
    "time": "bmo",
    "revenue": null,
    "revenueEstimated": 43077441250,
    "updatedFromDate": "2025-10-02",
    "fiscalDateEnding": "2025-09-30"
  },
  {
    "date": "2025-07-30",
    "symbol": "F",
    "eps": 0.37,
    "epsEstimated": 0.3307,
    "time": "amc",
    "revenue": 50184000000,
    "revenueEstimated": 45786696386,
    "updatedFromDate": "2025-10-02",
    "fiscalDateEnding": "2025-06-30"
  },
  {
    "date": "2025-05-05",
    "symbol": "F",
    "eps": 0.14,
    "epsEstimated": -0.00329,
    "time": "amc",
    "revenue": 40659000000,
    "revenueEstimated": 38128395422,
    "updatedFromDate": "2025-08-04",
    "fiscalDateEnding": "2025-03-31"
  },
  {
    "date": "2025-02-05",
    "symbol": "F",
    "eps": 0.39,
    "epsEstimated": 0.35,
    "time": "amc",
    "revenue": 48211000000,
    "revenueEstimated": 47395600000,
    "updatedFromDate": "2025-05-05",
    "fiscalDateEnding": "2024-12-31"
  },
  {
    "date": "2024-10-28",
    "symbol": "F",
    "eps": 0.49,
    "epsEstimated": 0.4645,
    "time": "amc",
    "revenue": 46196000000,
    "revenueEstimated": 45126403375,
    "updatedFromDate": "2025-04-25",
    "fiscalDateEnding": "2024-09-30"
  },
  {
    "date": "2024-07-24",
    "symbol": "F",
    "eps": 0.47,
    "epsEstimated": 0.68,
    "time": "amc",
    "revenue": 47808000000,
    "revenueEstimated": 47221916143,
    "updatedFromDate": "2025-04-25",
    "fiscalDateEnding": "2024-06-30"
  },
  {
    "date": "2024-04-24",
    "symbol": "F",
    "eps": 0.49,
    "epsEstimated": 0.4273,
    "time": "amc",
    "revenue": 42777000000,
    "revenueEstimated": 42932186125,
    "updatedFromDate": "2025-04-25",
    "fiscalDateEnding": "2024-03-31"
  },
  {
    "date": "2024-02-06",
    "symbol": "F",
    "eps": 0.29,
    "epsEstimated": 0.12,
    "time": "amc",
    "revenue": 45962000000,
    "revenueEstimated": 40118100000,
    "updatedFromDate": "2025-04-25",
    "fiscalDateEnding": "2023-12-31"
  },
  {
    "date": "2023-10-26",
    "symbol": "F",
    "eps": 0.39,
    "epsEstimated": 0.45,
    "time": "amc",
    "revenue": 43801000000,
    "revenueEstimated": 38874400000,
    "updatedFromDate": "2025-04-25",
    "fiscalDateEnding": "2023-09-30"
  },
  {
    "date": "2023-07-27",
    "symbol": "F",
    "eps": 0.72,
    "epsEstimated": 0.51,
    "time": "amc",
    "revenue": 44954000000,
    "revenueEstimated": 40381400000,
    "updatedFromDate": "2025-04-25",
    "fiscalDateEnding": "2023-06-30"
  },
  {
    "date": "2023-05-02",
    "symbol": "F",
    "eps": 0.63,
    "epsEstimated": 0.4,
    "time": "amc",
    "revenue": 41474000000,
    "revenueEstimated": 36082900000,
    "updatedFromDate": "2025-04-25",
    "fiscalDateEnding": "2023-03-31"
  },
  {
    "date": "2023-02-02",
    "symbol": "F",
    "eps": 0.51,
    "epsEstimated": 0.6,
    "time": "amc",
    "revenue": 43999000000,
    "revenueEstimated": 41394012401,
    "updatedFromDate": "2025-04-25",
    "fiscalDateEnding": "2022-12-31"
  },
  {
    "date": "2022-10-26",
    "symbol": "F",
    "eps": 0.3,
    "epsEstimated": 0.31,
    "time": "amc",
    "revenue": 39392000000,
    "revenueEstimated": 37768375000,
    "updatedFromDate": "2025-04-25",
    "fiscalDateEnding": "2022-09-30"
  },
  {
    "date": "2022-07-27",
    "symbol": "F",
    "eps": 0.68,
    "epsEstimated": 0.43,
    "time": "amc",
    "revenue": 40190000000,
    "revenueEstimated": 36571216000,
    "updatedFromDate": "2025-04-25",
    "fiscalDateEnding": "2022-06-30"
  },
  {
    "date": "2022-04-27",
    "symbol": "F",
    "eps": 0.38,
    "epsEstimated": 0.39,
    "time": "amc",
    "revenue": 34476000000,
    "revenueEstimated": 34532842400,
    "updatedFromDate": "2025-04-25",
    "fiscalDateEnding": "2022-03-31"
  },
  {
    "date": "2022-02-03",
    "symbol": "F",
    "eps": 0.26,
    "epsEstimated": 0.43,
    "time": "amc",
    "revenue": 37678000000,
    "revenueEstimated": 41230363400,
    "updatedFromDate": "2025-04-25",
    "fiscalDateEnding": "2021-12-31"
  },
  {
    "date": "2021-10-27",
    "symbol": "F",
    "eps": 0.51,
    "epsEstimated": 0.27,
    "time": "amc",
    "revenue": 35683000000,
    "revenueEstimated": 33118284370,
    "updatedFromDate": "2025-04-25",
    "fiscalDateEnding": "2021-09-30"
  },
  {
    "date": "2021-07-28",
    "symbol": "F",
    "eps": 0.13,
    "epsEstimated": 0.02171,
    "time": "amc",
    "revenue": 26752000000,
    "revenueEstimated": 35053000000,
    "updatedFromDate": "2025-04-25",
    "fiscalDateEnding": "2021-06-30"
  },
  {
    "date": "2021-04-28",
    "symbol": "F",
    "eps": 0.89,
    "epsEstimated": 0.21,
    "time": "amc",
    "revenue": 36228000000,
    "revenueEstimated": 33353100000,
    "updatedFromDate": "2025-04-25",
    "fiscalDateEnding": "2021-03-31"
  },
  {
    "date": "2021-02-04",
    "symbol": "F",
    "eps": 0.34,
    "epsEstimated": -0.07,
    "time": "bmo",
    "revenue": 35952000000,
    "revenueEstimated": 221875199999,
    "updatedFromDate": "2025-04-25",
    "fiscalDateEnding": "2020-12-31"
  },
  {
    "date": "2020-10-28",
    "symbol": "F",
    "eps": 0.65,
    "epsEstimated": 0.19,
    "time": "amc",
    "revenue": 37501000000,
    "revenueEstimated": 47961805263,
    "updatedFromDate": "2025-04-25",
    "fiscalDateEnding": "2020-09-30"
  },
  {
    "date": "2020-07-30",
    "symbol": "F",
    "eps": -0.35,
    "epsEstimated": -1.25,
    "time": "amc",
    "revenue": 19371000000,
    "revenueEstimated": 29652530769,
    "updatedFromDate": "2025-04-25",
    "fiscalDateEnding": "2020-06-30"
  },
  {
    "date": "2020-04-28",
    "symbol": "F",
    "eps": -0.23,
    "epsEstimated": -0.1,
    "time": "amc",
    "revenue": 34320000000,
    "revenueEstimated": 23889937492,
    "updatedFromDate": "2025-04-25",
    "fiscalDateEnding": "2020-03-31"
  },
  {
    "date": "2020-02-04",
    "symbol": "F",
    "eps": 0.12,
    "epsEstimated": 0.17,
    "time": "amc",
    "revenue": 39715000000,
    "revenueEstimated": 49643750000,
    "updatedFromDate": "2025-04-25",
    "fiscalDateEnding": "2019-12-31"
  },
  {
    "date": "2019-10-23",
    "symbol": "F",
    "eps": 0.34,
    "epsEstimated": 0.26,
    "time": "amc",
    "revenue": 36990000000,
    "revenueEstimated": 28286470588,
    "updatedFromDate": "2025-04-25",
    "fiscalDateEnding": "2019-09-30"
  },
  {
    "date": "2019-07-24",
    "symbol": "F",
    "eps": 0.32,
    "epsEstimated": 0.3,
    "time": "amc",
    "revenue": 38853000000,
    "revenueEstimated": 43015821428,
    "updatedFromDate": "2025-04-25",
    "fiscalDateEnding": "2019-06-30"
  },
  {
    "date": "2019-04-25",
    "symbol": "F",
    "eps": 0.44,
    "epsEstimated": 0.26,
    "time": "amc",
    "revenue": 40342000000,
    "revenueEstimated": 24755318181,
    "updatedFromDate": "2025-04-25",
    "fiscalDateEnding": "2019-03-31"
  },
  {
    "date": "2019-01-23",
    "symbol": "F",
    "eps": 0.3,
    "epsEstimated": 0.31,
    "time": "amc",
    "revenue": 41793000000,
    "revenueEstimated": 44579200000,
    "updatedFromDate": "2025-04-25",
    "fiscalDateEnding": "2018-12-31"
  },
  {
    "date": "2018-10-24",
    "symbol": "F",
    "eps": 0.29,
    "epsEstimated": 0.28,
    "time": "amc",
    "revenue": 37666000000,
    "revenueEstimated": 36367172413,
    "updatedFromDate": "2025-04-25",
    "fiscalDateEnding": "2018-09-30"
  },
  {
    "date": "2018-07-25",
    "symbol": "F",
    "eps": 0.27,
    "epsEstimated": 0.31,
    "time": "amc",
    "revenue": 38920000000,
    "revenueEstimated": 44685925925,
    "updatedFromDate": "2025-04-25",
    "fiscalDateEnding": "2018-06-30"
  },
  {
    "date": "2018-04-25",
    "symbol": "F",
    "eps": 0.43,
    "epsEstimated": 0.41,
    "time": "amc",
    "revenue": 41959000000,
    "revenueEstimated": 40007418604,
    "updatedFromDate": "2025-04-25",
    "fiscalDateEnding": "2018-03-31"
  },
  {
    "date": "2018-01-24",
    "symbol": "F",
    "eps": 0.39,
    "epsEstimated": 0.42,
    "time": "amc",
    "revenue": 41326000000,
    "revenueEstimated": 44504923076,
    "updatedFromDate": "2025-04-25",
    "fiscalDateEnding": "2017-12-31"
  },
  {
    "date": "2017-10-26",
    "symbol": "F",
    "eps": 0.43,
    "epsEstimated": 0.32,
    "time": "bmo",
    "revenue": 36451000000,
    "revenueEstimated": 27974023255,
    "updatedFromDate": "2025-04-25",
    "fiscalDateEnding": "2017-09-30"
  },
  {
    "date": "2017-07-26",
    "symbol": "F",
    "eps": 0.56,
    "epsEstimated": 0.43,
    "time": "bmo",
    "revenue": 39853000000,
    "revenueEstimated": 30601410714,
    "updatedFromDate": "2025-04-25",
    "fiscalDateEnding": "2017-06-30"
  },
  {
    "date": "2017-04-27",
    "symbol": "F",
    "eps": 0.39,
    "epsEstimated": 0.35,
    "time": "bmo",
    "revenue": 39146000000,
    "revenueEstimated": 35131025641,
    "updatedFromDate": "2025-04-25",
    "fiscalDateEnding": "2017-03-31"
  },
  {
    "date": "2017-01-26",
    "symbol": "F",
    "eps": 0.3,
    "epsEstimated": 0.32,
    "time": "bmo",
    "revenue": 38654000000,
    "revenueEstimated": 39942466666,
    "updatedFromDate": "2025-04-25",
    "fiscalDateEnding": "2016-12-31"
  },
  {
    "date": "2016-10-27",
    "symbol": "F",
    "eps": 0.26,
    "epsEstimated": 0.2,
    "time": "bmo",
    "revenue": 35943000000,
    "revenueEstimated": 27648461538,
    "updatedFromDate": "2025-04-25",
    "fiscalDateEnding": "2016-09-30"
  },
  {
    "date": "2016-07-28",
    "symbol": "F",
    "eps": 0.52,
    "epsEstimated": 0.6,
    "time": "bmo",
    "revenue": 39485000000,
    "revenueEstimated": 45559615384,
    "updatedFromDate": "2025-04-25",
    "fiscalDateEnding": "2016-06-30"
  }
]