[
  {
    "date": "2026-05-04",
    "symbol": "FANG",
    "eps": null,
    "epsEstimated": null,
    "time": "amc",
    "revenue": null,
    "revenueEstimated": null,
    "updatedFromDate": "2025-10-02",
    "fiscalDateEnding": "2026-03-30"
  },
  {
    "date": "2026-02-23",
    "symbol": "FANG",
    "eps": null,
    "epsEstimated": null,
    "time": "amc",
    "revenue": null,
    "revenueEstimated": null,
    "updatedFromDate": "2025-10-02",
    "fiscalDateEnding": "2025-12-30"
  },
  {
    "date": "2025-11-03",
    "symbol": "FANG",
    "eps": null,
    "epsEstimated": 2.77,
    "time": "bmo",
    "revenue": null,
    "revenueEstimated": 3480643810,
    "updatedFromDate": "2025-10-02",
    "fiscalDateEnding": "2025-09-30"
  },
  {
    "date": "2025-08-04",
    "symbol": "FANG",
    "eps": 2.67,
    "epsEstimated": 2.76,
    "time": "amc",
    "revenue": 3651000000,
    "revenueEstimated": 3347901637,
    "updatedFromDate": "2025-10-02",
    "fiscalDateEnding": "2025-06-30"
  },
  {
    "date": "2025-05-05",
    "symbol": "FANG",
    "eps": 4.54,
    "epsEstimated": 4.18,
    "time": "amc",
    "revenue": 4031000000,
    "revenueEstimated": 3769527203,
    "updatedFromDate": "2025-08-25",
    "fiscalDateEnding": "2025-03-31"
  },
  {
    "date": "2025-02-25",
    "symbol": "FANG",
    "eps": 3.64,
    "epsEstimated": 3.57,
    "time": "amc",
    "revenue": 3696000000,
    "revenueEstimated": 3552746959,
    "updatedFromDate": "2025-08-25",
    "fiscalDateEnding": "2024-12-31"
  },
  {
    "date": "2024-11-04",
    "symbol": "FANG",
    "eps": 3.38,
    "epsEstimated": 3.98,
    "time": "amc",
    "revenue": 2645000000,
    "revenueEstimated": 2434627126,
    "updatedFromDate": "2025-08-25",
    "fiscalDateEnding": "2024-09-30"
  },
  {
    "date": "2024-08-05",
    "symbol": "FANG",
    "eps": 4.52,
    "epsEstimated": 4.51,
    "time": "amc",
    "revenue": 2483000000,
    "revenueEstimated": 2193911698,
    "updatedFromDate": "2025-08-25",
    "fiscalDateEnding": "2024-06-30"
  },
  {
    "date": "2024-04-30",
    "symbol": "FANG",
    "eps": 4.5,
    "epsEstimated": 4.42,
    "time": "amc",
    "revenue": 2218000000,
    "revenueEstimated": 2101515718,
    "updatedFromDate": "2025-08-25",
    "fiscalDateEnding": "2024-03-31"
  },
  {
    "date": "2024-02-20",
    "symbol": "FANG",
    "eps": 4.74,
    "epsEstimated": 4.66,
    "time": "amc",
    "revenue": 2217000000,
    "revenueEstimated": 2168570000,
    "updatedFromDate": "2025-08-25",
    "fiscalDateEnding": "2023-12-31"
  },
  {
    "date": "2023-11-06",
    "symbol": "FANG",
    "eps": 5.49,
    "epsEstimated": 5.01,
    "time": "amc",
    "revenue": 2340000000,
    "revenueEstimated": 2135400000,
    "updatedFromDate": "2025-08-25",
    "fiscalDateEnding": "2023-09-30"
  },
  {
    "date": "2023-07-31",
    "symbol": "FANG",
    "eps": 3.68,
    "epsEstimated": 3.9,
    "time": "amc",
    "revenue": 1919000000,
    "revenueEstimated": 1995750000,
    "updatedFromDate": "2025-08-25",
    "fiscalDateEnding": "2023-06-30"
  },
  {
    "date": "2023-05-01",
    "symbol": "FANG",
    "eps": 4.1,
    "epsEstimated": 4.33,
    "time": "amc",
    "revenue": 1925000000,
    "revenueEstimated": 1974390000,
    "updatedFromDate": "2025-08-25",
    "fiscalDateEnding": "2023-03-31"
  },
  {
    "date": "2023-02-21",
    "symbol": "FANG",
    "eps": 5.29,
    "epsEstimated": 5.22,
    "time": "amc",
    "revenue": 2030000000,
    "revenueEstimated": 2078925830,
    "updatedFromDate": "2025-08-25",
    "fiscalDateEnding": "2022-12-31"
  },
  {
    "date": "2022-11-07",
    "symbol": "FANG",
    "eps": 6.48,
    "epsEstimated": 6.33,
    "time": "amc",
    "revenue": 2437000000,
    "revenueEstimated": 2377283446,
    "updatedFromDate": "2025-08-25",
    "fiscalDateEnding": "2022-09-30"
  },
  {
    "date": "2022-08-01",
    "symbol": "FANG",
    "eps": 7.07,
    "epsEstimated": 6.58,
    "time": "amc",
    "revenue": 2768000000,
    "revenueEstimated": 2484464702,
    "updatedFromDate": "2025-08-25",
    "fiscalDateEnding": "2022-06-30"
  },
  {
    "date": "2022-05-02",
    "symbol": "FANG",
    "eps": 5.2,
    "epsEstimated": 4.52,
    "time": "amc",
    "revenue": 2408000000,
    "revenueEstimated": 1951087185,
    "updatedFromDate": "2025-08-25",
    "fiscalDateEnding": "2022-03-31"
  },
  {
    "date": "2022-02-22",
    "symbol": "FANG",
    "eps": 3.63,
    "epsEstimated": 3.38,
    "time": "amc",
    "revenue": 2021000000,
    "revenueEstimated": 1570214424,
    "updatedFromDate": "2025-08-25",
    "fiscalDateEnding": "2021-12-31"
  },
  {
    "date": "2021-11-01",
    "symbol": "FANG",
    "eps": 2.94,
    "epsEstimated": 2.77,
    "time": "amc",
    "revenue": 1909000000,
    "revenueEstimated": 1462810000,
    "updatedFromDate": "2025-08-25",
    "fiscalDateEnding": "2021-09-30"
  },
  {
    "date": "2021-08-02",
    "symbol": "FANG",
    "eps": 2.4,
    "epsEstimated": 2.25,
    "time": "amc",
    "revenue": 1679000000,
    "revenueEstimated": 1681000000,
    "updatedFromDate": "2025-08-25",
    "fiscalDateEnding": "2021-06-30"
  },
  {
    "date": "2021-05-03",
    "symbol": "FANG",
    "eps": 2.3,
    "epsEstimated": 1.73,
    "time": "amc",
    "revenue": 1183000000,
    "revenueEstimated": 863470000,
    "updatedFromDate": "2025-08-25",
    "fiscalDateEnding": "2021-03-31"
  },
  {
    "date": "2021-02-22",
    "symbol": "FANG",
    "eps": 0.82,
    "epsEstimated": 0.8,
    "time": "amc",
    "revenue": 767000000,
    "revenueEstimated": 759506172,
    "updatedFromDate": "2025-08-25",
    "fiscalDateEnding": "2020-12-31"
  },
  {
    "date": "2020-11-02",
    "symbol": "FANG",
    "eps": 0.62,
    "epsEstimated": 0.37,
    "time": "amc",
    "revenue": 719000000,
    "revenueEstimated": 577945944,
    "updatedFromDate": "2025-08-25",
    "fiscalDateEnding": "2020-09-30"
  },
  {
    "date": "2020-08-03",
    "symbol": "FANG",
    "eps": 0.15,
    "epsEstimated": 0.0156,
    "time": "amc",
    "revenue": 423000000,
    "revenueEstimated": 56666666,
    "updatedFromDate": "2025-08-25",
    "fiscalDateEnding": "2020-06-30"
  },
  {
    "date": "2020-05-04",
    "symbol": "FANG",
    "eps": 1.45,
    "epsEstimated": 1.32,
    "time": "amc",
    "revenue": 897000000,
    "revenueEstimated": 799800000,
    "updatedFromDate": "2025-08-25",
    "fiscalDateEnding": "2020-03-31"
  },
  {
    "date": "2020-02-18",
    "symbol": "FANG",
    "eps": 1.93,
    "epsEstimated": 1.8,
    "time": "amc",
    "revenue": 1102000000,
    "revenueEstimated": 1029637305,
    "updatedFromDate": "2025-08-25",
    "fiscalDateEnding": "2019-12-31"
  },
  {
    "date": "2019-11-05",
    "symbol": "FANG",
    "eps": 1.47,
    "epsEstimated": 1.71,
    "time": "amc",
    "revenue": 973000000,
    "revenueEstimated": 1160714285,
    "updatedFromDate": "2025-08-25",
    "fiscalDateEnding": "2019-09-30"
  },
  {
    "date": "2019-08-06",
    "symbol": "FANG",
    "eps": 1.7,
    "epsEstimated": 1.78,
    "time": "amc",
    "revenue": 1018000000,
    "revenueEstimated": 1069047058,
    "updatedFromDate": "2025-08-25",
    "fiscalDateEnding": "2019-06-30"
  },
  {
    "date": "2019-05-07",
    "symbol": "FANG",
    "eps": 1.39,
    "epsEstimated": 1.36,
    "time": "amc",
    "revenue": 862000000,
    "revenueEstimated": 851568345,
    "updatedFromDate": "2025-08-25",
    "fiscalDateEnding": "2019-03-31"
  },
  {
    "date": "2019-02-19",
    "symbol": "FANG",
    "eps": 1.21,
    "epsEstimated": 1.62,
    "time": "amc",
    "revenue": 630579000,
    "revenueEstimated": 845826099,
    "updatedFromDate": "2025-08-25",
    "fiscalDateEnding": "2018-12-31"
  },
  {
    "date": "2018-11-06",
    "symbol": "FANG",
    "eps": 1.67,
    "epsEstimated": 1.58,
    "time": "amc",
    "revenue": 535670000,
    "revenueEstimated": 509033425,
    "updatedFromDate": "2025-08-25",
    "fiscalDateEnding": "2018-09-30"
  },
  {
    "date": "2018-08-08",
    "symbol": "FANG",
    "eps": 1.59,
    "epsEstimated": 1.63,
    "time": "amc",
    "revenue": 523848000,
    "revenueEstimated": 539540251,
    "updatedFromDate": "2025-08-25",
    "fiscalDateEnding": "2018-06-30"
  },
  {
    "date": "2018-05-08",
    "symbol": "FANG",
    "eps": 1.64,
    "epsEstimated": 1.58,
    "time": "amc",
    "revenue": 478154000,
    "revenueEstimated": 462631707,
    "updatedFromDate": "2025-08-25",
    "fiscalDateEnding": "2018-03-31"
  },
  {
    "date": "2018-02-13",
    "symbol": "FANG",
    "eps": 1.56,
    "epsEstimated": 1.52,
    "time": "amc",
    "revenue": 399194000,
    "revenueEstimated": 386405128,
    "updatedFromDate": "2025-08-25",
    "fiscalDateEnding": "2017-12-31"
  },
  {
    "date": "2017-11-06",
    "symbol": "FANG",
    "eps": 1.33,
    "epsEstimated": 1.25,
    "time": "amc",
    "revenue": 301253000,
    "revenueEstimated": 276380451,
    "updatedFromDate": "2025-08-25",
    "fiscalDateEnding": "2017-09-30"
  },
  {
    "date": "2017-08-01",
    "symbol": "FANG",
    "eps": 1.25,
    "epsEstimated": 0.91,
    "time": "amc",
    "revenue": 269434000,
    "revenueEstimated": 196123200,
    "updatedFromDate": "2025-08-25",
    "fiscalDateEnding": "2017-06-30"
  },
  {
    "date": "2017-05-02",
    "symbol": "FANG",
    "eps": 1.04,
    "epsEstimated": 0.6,
    "time": "amc",
    "revenue": 235230000,
    "revenueEstimated": 232877696,
    "updatedFromDate": "2025-08-25",
    "fiscalDateEnding": "2017-03-31"
  },
  {
    "date": "2017-02-14",
    "symbol": "FANG",
    "eps": 0.9,
    "epsEstimated": 0.54,
    "time": "amc",
    "revenue": 185012000,
    "revenueEstimated": 161613420,
    "updatedFromDate": "2025-08-25",
    "fiscalDateEnding": "2016-12-31"
  },
  {
    "date": "2016-11-07",
    "symbol": "FANG",
    "eps": 0.54,
    "epsEstimated": 0.35,
    "time": "bmo",
    "revenue": 142131000,
    "revenueEstimated": 89470370,
    "updatedFromDate": "2025-08-25",
    "fiscalDateEnding": "2016-09-30"
  },
  {
    "date": "2016-08-02",
    "symbol": "FANG",
    "eps": 0.26,
    "epsEstimated": 0.15,
    "time": "amc",
    "revenue": 112483000,
    "revenueEstimated": 69230769,
    "updatedFromDate": "2025-08-25",
    "fiscalDateEnding": "2016-06-30"
  }
]