[
  {
    "date": "2026-04-13",
    "symbol": "FAST",
    "eps": null,
    "epsEstimated": null,
    "time": "bmo",
    "revenue": null,
    "revenueEstimated": null,
    "updatedFromDate": "2025-10-02",
    "fiscalDateEnding": "2026-03-30"
  },
  {
    "date": "2026-01-19",
    "symbol": "FAST",
    "eps": null,
    "epsEstimated": null,
    "time": "bmo",
    "revenue": null,
    "revenueEstimated": null,
    "updatedFromDate": "2025-10-02",
    "fiscalDateEnding": "2025-12-30"
  },
  {
    "date": "2025-10-13",
    "symbol": "FAST",
    "eps": null,
    "epsEstimated": 0.3,
    "time": "bmo",
    "revenue": null,
    "revenueEstimated": 2130917730,
    "updatedFromDate": "2025-10-02",
    "fiscalDateEnding": "2025-09-30"
  },
  {
    "date": "2025-07-14",
    "symbol": "FAST",
    "eps": 0.29,
    "epsEstimated": 0.2824,
    "time": "bmo",
    "revenue": 4039700000,
    "revenueEstimated": 2074364255,
    "updatedFromDate": "2025-10-02",
    "fiscalDateEnding": "2025-06-30"
  },
  {
    "date": "2025-04-11",
    "symbol": "FAST",
    "eps": 0.26,
    "epsEstimated": 0.2599,
    "time": "bmo",
    "revenue": 1959400000,
    "revenueEstimated": 1950844215,
    "updatedFromDate": "2025-07-11",
    "fiscalDateEnding": "2025-03-31"
  },
  {
    "date": "2025-01-17",
    "symbol": "FAST",
    "eps": 0.46,
    "epsEstimated": 0.48,
    "time": "bmo",
    "revenue": 1824500000,
    "revenueEstimated": 1842018786,
    "updatedFromDate": "2025-04-25",
    "fiscalDateEnding": "2024-12-31"
  },
  {
    "date": "2024-10-11",
    "symbol": "FAST",
    "eps": 0.52,
    "epsEstimated": 0.51,
    "time": "bmo",
    "revenue": 1910200000,
    "revenueEstimated": 1903140422,
    "updatedFromDate": "2025-04-25",
    "fiscalDateEnding": "2024-09-30"
  },
  {
    "date": "2024-07-12",
    "symbol": "FAST",
    "eps": 0.51,
    "epsEstimated": 0.51,
    "time": "bmo",
    "revenue": 1916200000,
    "revenueEstimated": 1914641684,
    "updatedFromDate": "2025-04-25",
    "fiscalDateEnding": "2024-06-30"
  },
  {
    "date": "2024-04-11",
    "symbol": "FAST",
    "eps": 0.52,
    "epsEstimated": 0.53,
    "time": "bmo",
    "revenue": 1895100000,
    "revenueEstimated": 1914223949,
    "updatedFromDate": "2025-04-25",
    "fiscalDateEnding": "2024-03-31"
  },
  {
    "date": "2024-01-18",
    "symbol": "FAST",
    "eps": 0.46,
    "epsEstimated": 0.45,
    "time": "bmo",
    "revenue": 1758600000,
    "revenueEstimated": 1751940000,
    "updatedFromDate": "2025-04-25",
    "fiscalDateEnding": "2023-12-31"
  },
  {
    "date": "2023-10-12",
    "symbol": "FAST",
    "eps": 0.52,
    "epsEstimated": 0.5,
    "time": "bmo",
    "revenue": 1845900000,
    "revenueEstimated": 1753980000,
    "updatedFromDate": "2025-04-25",
    "fiscalDateEnding": "2023-09-30"
  },
  {
    "date": "2023-07-13",
    "symbol": "FAST",
    "eps": 0.52,
    "epsEstimated": 0.53,
    "time": "bmo",
    "revenue": 1883100000,
    "revenueEstimated": 1890840000,
    "updatedFromDate": "2025-04-25",
    "fiscalDateEnding": "2023-06-30"
  },
  {
    "date": "2023-04-13",
    "symbol": "FAST",
    "eps": 0.52,
    "epsEstimated": 0.5,
    "time": "bmo",
    "revenue": 1859100000,
    "revenueEstimated": 1904640000,
    "updatedFromDate": "2025-04-25",
    "fiscalDateEnding": "2023-03-31"
  },
  {
    "date": "2023-01-19",
    "symbol": "FAST",
    "eps": 0.43,
    "epsEstimated": 0.42,
    "time": "bmo",
    "revenue": 1695600000,
    "revenueEstimated": 1682228878,
    "updatedFromDate": "2025-04-25",
    "fiscalDateEnding": "2022-12-31"
  },
  {
    "date": "2022-10-13",
    "symbol": "FAST",
    "eps": 0.5,
    "epsEstimated": 0.48,
    "time": "bmo",
    "revenue": 1802400000,
    "revenueEstimated": 1791532785,
    "updatedFromDate": "2025-04-25",
    "fiscalDateEnding": "2022-09-30"
  },
  {
    "date": "2022-07-13",
    "symbol": "FAST",
    "eps": 0.5,
    "epsEstimated": 0.5,
    "time": "bmo",
    "revenue": 1778600000,
    "revenueEstimated": 1785497428,
    "updatedFromDate": "2025-04-25",
    "fiscalDateEnding": "2022-06-30"
  },
  {
    "date": "2022-04-13",
    "symbol": "FAST",
    "eps": 0.47,
    "epsEstimated": 0.45,
    "time": "bmo",
    "revenue": 1704100000,
    "revenueEstimated": 1692559702,
    "updatedFromDate": "2025-04-25",
    "fiscalDateEnding": "2022-03-31"
  },
  {
    "date": "2022-01-19",
    "symbol": "FAST",
    "eps": 0.4,
    "epsEstimated": 0.38,
    "time": "bmo",
    "revenue": 1531900000,
    "revenueEstimated": 1643480000,
    "updatedFromDate": "2025-04-25",
    "fiscalDateEnding": "2021-12-31"
  },
  {
    "date": "2021-10-12",
    "symbol": "FAST",
    "eps": 0.42,
    "epsEstimated": 0.42,
    "time": "bmo",
    "revenue": 1554200000,
    "revenueEstimated": 1538760000,
    "updatedFromDate": "2025-04-25",
    "fiscalDateEnding": "2021-09-30"
  },
  {
    "date": "2021-07-13",
    "symbol": "FAST",
    "eps": 0.42,
    "epsEstimated": 0.41,
    "time": "bmo",
    "revenue": 1507700000,
    "revenueEstimated": 1505480000,
    "updatedFromDate": "2025-04-25",
    "fiscalDateEnding": "2021-06-30"
  },
  {
    "date": "2021-04-13",
    "symbol": "FAST",
    "eps": 0.37,
    "epsEstimated": 0.36,
    "time": "bmo",
    "revenue": 1417000000,
    "revenueEstimated": 1417000000,
    "updatedFromDate": "2025-04-25",
    "fiscalDateEnding": "2021-03-31"
  },
  {
    "date": "2021-01-20",
    "symbol": "FAST",
    "eps": 0.34,
    "epsEstimated": 0.33,
    "time": "bmo",
    "revenue": 1358000000,
    "revenueEstimated": 1316848484,
    "updatedFromDate": "2025-04-25",
    "fiscalDateEnding": "2020-12-31"
  },
  {
    "date": "2020-10-13",
    "symbol": "FAST",
    "eps": 0.38,
    "epsEstimated": 0.37,
    "time": "bmo",
    "revenue": 1413300000,
    "revenueEstimated": 1376107894,
    "updatedFromDate": "2025-04-25",
    "fiscalDateEnding": "2020-09-30"
  },
  {
    "date": "2020-07-14",
    "symbol": "FAST",
    "eps": 0.42,
    "epsEstimated": 0.36,
    "time": "bmo",
    "revenue": 1509000000,
    "revenueEstimated": 1293428571,
    "updatedFromDate": "2025-04-25",
    "fiscalDateEnding": "2020-06-30"
  },
  {
    "date": "2020-04-14",
    "symbol": "FAST",
    "eps": 0.35,
    "epsEstimated": 0.34,
    "time": "bmo",
    "revenue": 1367000000,
    "revenueEstimated": 1327942857,
    "updatedFromDate": "2025-04-25",
    "fiscalDateEnding": "2020-03-31"
  },
  {
    "date": "2020-01-17",
    "symbol": "FAST",
    "eps": 0.31,
    "epsEstimated": 0.31,
    "time": "bmo",
    "revenue": 1276900000,
    "revenueEstimated": 1276900000,
    "updatedFromDate": "2025-04-25",
    "fiscalDateEnding": "2019-12-31"
  },
  {
    "date": "2019-10-11",
    "symbol": "FAST",
    "eps": 0.37,
    "epsEstimated": 0.35,
    "time": "bmo",
    "revenue": 1379100000,
    "revenueEstimated": 1341827027,
    "updatedFromDate": "2025-04-25",
    "fiscalDateEnding": "2019-09-30"
  },
  {
    "date": "2019-07-11",
    "symbol": "FAST",
    "eps": 0.36,
    "epsEstimated": 0.37,
    "time": "bmo",
    "revenue": 1368400000,
    "revenueEstimated": 1406411111,
    "updatedFromDate": "2025-04-25",
    "fiscalDateEnding": "2019-06-30"
  },
  {
    "date": "2019-04-11",
    "symbol": "FAST",
    "eps": 0.34,
    "epsEstimated": 0.33,
    "time": "bmo",
    "revenue": 1309300000,
    "revenueEstimated": 1309300000,
    "updatedFromDate": "2025-04-25",
    "fiscalDateEnding": "2019-03-31"
  },
  {
    "date": "2019-01-17",
    "symbol": "FAST",
    "eps": 0.3,
    "epsEstimated": 0.3,
    "time": "bmo",
    "revenue": 1231600000,
    "revenueEstimated": 1231600000,
    "updatedFromDate": "2025-04-25",
    "fiscalDateEnding": "2018-12-31"
  },
  {
    "date": "2018-10-10",
    "symbol": "FAST",
    "eps": 0.35,
    "epsEstimated": 0.34,
    "time": "bmo",
    "revenue": 1279800000,
    "revenueEstimated": 1243234285,
    "updatedFromDate": "2025-04-25",
    "fiscalDateEnding": "2018-09-30"
  },
  {
    "date": "2018-07-11",
    "symbol": "FAST",
    "eps": 0.3,
    "epsEstimated": 0.33,
    "time": "bmo",
    "revenue": 1267900000,
    "revenueEstimated": 1130829729,
    "updatedFromDate": "2025-04-25",
    "fiscalDateEnding": "2018-06-30"
  },
  {
    "date": "2018-04-11",
    "symbol": "FAST",
    "eps": 0.31,
    "epsEstimated": 0.31,
    "time": "bmo",
    "revenue": 1185800000,
    "revenueEstimated": 1185800000,
    "updatedFromDate": "2025-04-25",
    "fiscalDateEnding": "2018-03-31"
  },
  {
    "date": "2018-01-17",
    "symbol": "FAST",
    "eps": 0.23,
    "epsEstimated": 0.23,
    "time": "bmo",
    "revenue": 1088500000,
    "revenueEstimated": 1088500000,
    "updatedFromDate": "2025-04-25",
    "fiscalDateEnding": "2017-12-31"
  },
  {
    "date": "2017-10-11",
    "symbol": "FAST",
    "eps": 0.25,
    "epsEstimated": 0.25,
    "time": "bmo",
    "revenue": 1132800000,
    "revenueEstimated": 1132800000,
    "updatedFromDate": "2025-04-25",
    "fiscalDateEnding": "2017-09-30"
  },
  {
    "date": "2017-07-12",
    "symbol": "FAST",
    "eps": 0.26,
    "epsEstimated": 0.25,
    "time": "bmo",
    "revenue": 1121500000,
    "revenueEstimated": 1078365384,
    "updatedFromDate": "2025-04-25",
    "fiscalDateEnding": "2017-06-30"
  },
  {
    "date": "2017-04-12",
    "symbol": "FAST",
    "eps": 0.23,
    "epsEstimated": 0.23,
    "time": "bmo",
    "revenue": 1047700000,
    "revenueEstimated": 1047700000,
    "updatedFromDate": "2025-04-25",
    "fiscalDateEnding": "2017-03-31"
  },
  {
    "date": "2017-01-18",
    "symbol": "FAST",
    "eps": 0.2,
    "epsEstimated": 0.19,
    "time": "bmo",
    "revenue": 947947000,
    "revenueEstimated": 900505000,
    "updatedFromDate": "2025-04-25",
    "fiscalDateEnding": "2016-12-31"
  },
  {
    "date": "2016-10-11",
    "symbol": "FAST",
    "eps": 0.22,
    "epsEstimated": 0.23,
    "time": "bmo",
    "revenue": 1013122000,
    "revenueEstimated": 1036125000,
    "updatedFromDate": "2025-04-25",
    "fiscalDateEnding": "2016-09-30"
  },
  {
    "date": "2016-07-12",
    "symbol": "FAST",
    "eps": 0.23,
    "epsEstimated": 0.24,
    "time": "bmo",
    "revenue": 1014300000,
    "revenueEstimated": 1081920000,
    "updatedFromDate": "2025-04-25",
    "fiscalDateEnding": "2016-06-30"
  }
]