[
  {
    "date": "2026-04-22",
    "symbol": "FCX",
    "eps": null,
    "epsEstimated": null,
    "time": "bmo",
    "revenue": null,
    "revenueEstimated": null,
    "updatedFromDate": "2025-10-02",
    "fiscalDateEnding": "2026-03-30"
  },
  {
    "date": "2026-01-21",
    "symbol": "FCX",
    "eps": null,
    "epsEstimated": null,
    "time": "bmo",
    "revenue": null,
    "revenueEstimated": null,
    "updatedFromDate": "2025-10-02",
    "fiscalDateEnding": "2025-12-30"
  },
  {
    "date": "2025-10-28",
    "symbol": "FCX",
    "eps": null,
    "epsEstimated": 0.44,
    "time": "bmo",
    "revenue": null,
    "revenueEstimated": null,
    "updatedFromDate": "2025-10-02",
    "fiscalDateEnding": "2025-09-30"
  },
  {
    "date": "2025-07-23",
    "symbol": "FCX",
    "eps": 0.54,
    "epsEstimated": 0.4497,
    "time": "bmo",
    "revenue": 7582000000,
    "revenueEstimated": 7188149251,
    "updatedFromDate": "2025-10-02",
    "fiscalDateEnding": "2025-06-30"
  },
  {
    "date": "2025-04-24",
    "symbol": "FCX",
    "eps": 0.24,
    "epsEstimated": 0.2377,
    "time": "bmo",
    "revenue": 5728000000,
    "revenueEstimated": 5390293339,
    "updatedFromDate": "2025-07-24",
    "fiscalDateEnding": "2025-03-31"
  },
  {
    "date": "2025-01-23",
    "symbol": "FCX",
    "eps": 0.31,
    "epsEstimated": 0.36,
    "time": "bmo",
    "revenue": 5720000000,
    "revenueEstimated": 5844256754,
    "updatedFromDate": "2025-04-25",
    "fiscalDateEnding": "2024-12-31"
  },
  {
    "date": "2024-10-22",
    "symbol": "FCX",
    "eps": 0.38,
    "epsEstimated": 0.3573,
    "time": "bmo",
    "revenue": 6790000000,
    "revenueEstimated": 6446994072,
    "updatedFromDate": "2025-04-25",
    "fiscalDateEnding": "2024-09-30"
  },
  {
    "date": "2024-07-23",
    "symbol": "FCX",
    "eps": 0.46,
    "epsEstimated": 0.38,
    "time": "bmo",
    "revenue": 6624000000,
    "revenueEstimated": 5998314713,
    "updatedFromDate": "2025-04-25",
    "fiscalDateEnding": "2024-06-30"
  },
  {
    "date": "2024-04-23",
    "symbol": "FCX",
    "eps": 0.32,
    "epsEstimated": 0.26,
    "time": "bmo",
    "revenue": 6210000000,
    "revenueEstimated": 5704080807,
    "updatedFromDate": "2025-04-25",
    "fiscalDateEnding": "2024-03-31"
  },
  {
    "date": "2024-01-24",
    "symbol": "FCX",
    "eps": 0.27,
    "epsEstimated": 0.22,
    "time": "bmo",
    "revenue": 5799000000,
    "revenueEstimated": 5870960000,
    "updatedFromDate": "2025-04-25",
    "fiscalDateEnding": "2023-12-31"
  },
  {
    "date": "2023-10-19",
    "symbol": "FCX",
    "eps": 0.39,
    "epsEstimated": 0.34,
    "time": "bmo",
    "revenue": 5824000000,
    "revenueEstimated": 5428070000,
    "updatedFromDate": "2025-04-25",
    "fiscalDateEnding": "2023-09-30"
  },
  {
    "date": "2023-07-20",
    "symbol": "FCX",
    "eps": 0.35,
    "epsEstimated": 0.28,
    "time": "bmo",
    "revenue": 5737000000,
    "revenueEstimated": 5538020000,
    "updatedFromDate": "2025-04-25",
    "fiscalDateEnding": "2023-06-30"
  },
  {
    "date": "2023-04-21",
    "symbol": "FCX",
    "eps": 0.52,
    "epsEstimated": 0.45,
    "time": "bmo",
    "revenue": 5389000000,
    "revenueEstimated": 5015830000,
    "updatedFromDate": "2025-04-25",
    "fiscalDateEnding": "2023-03-31"
  },
  {
    "date": "2023-01-25",
    "symbol": "FCX",
    "eps": 0.52,
    "epsEstimated": 0.46,
    "time": "bmo",
    "revenue": 5758000000,
    "revenueEstimated": 5414274999,
    "updatedFromDate": "2025-04-25",
    "fiscalDateEnding": "2022-12-31"
  },
  {
    "date": "2022-10-20",
    "symbol": "FCX",
    "eps": 0.26,
    "epsEstimated": 0.34,
    "time": "bmo",
    "revenue": 5003000000,
    "revenueEstimated": 4881496452,
    "updatedFromDate": "2025-04-25",
    "fiscalDateEnding": "2022-09-30"
  },
  {
    "date": "2022-07-21",
    "symbol": "FCX",
    "eps": 0.58,
    "epsEstimated": 0.61,
    "time": "bmo",
    "revenue": 5416000000,
    "revenueEstimated": 6134015027,
    "updatedFromDate": "2025-04-25",
    "fiscalDateEnding": "2022-06-30"
  },
  {
    "date": "2022-04-21",
    "symbol": "FCX",
    "eps": 1.07,
    "epsEstimated": 0.94,
    "time": "bmo",
    "revenue": 6603000000,
    "revenueEstimated": 6442109113,
    "updatedFromDate": "2025-04-25",
    "fiscalDateEnding": "2022-03-31"
  },
  {
    "date": "2022-01-26",
    "symbol": "FCX",
    "eps": 0.96,
    "epsEstimated": 0.96,
    "time": "bmo",
    "revenue": 6164000000,
    "revenueEstimated": 6518070000,
    "updatedFromDate": "2025-04-25",
    "fiscalDateEnding": "2021-12-31"
  },
  {
    "date": "2021-10-21",
    "symbol": "FCX",
    "eps": 0.89,
    "epsEstimated": 0.81,
    "time": "bmo",
    "revenue": 6083000000,
    "revenueEstimated": 6274510000,
    "updatedFromDate": "2025-04-25",
    "fiscalDateEnding": "2021-09-30"
  },
  {
    "date": "2021-07-22",
    "symbol": "FCX",
    "eps": 0.77,
    "epsEstimated": 0.76,
    "time": "bmo",
    "revenue": 5748000000,
    "revenueEstimated": 6589530000,
    "updatedFromDate": "2025-04-25",
    "fiscalDateEnding": "2021-06-30"
  },
  {
    "date": "2021-04-22",
    "symbol": "FCX",
    "eps": 0.51,
    "epsEstimated": 0.51,
    "time": "bmo",
    "revenue": 4850000000,
    "revenueEstimated": 4737710000,
    "updatedFromDate": "2025-04-25",
    "fiscalDateEnding": "2021-03-31"
  },
  {
    "date": "2021-01-26",
    "symbol": "FCX",
    "eps": 0.39,
    "epsEstimated": 0.38,
    "time": "bmo",
    "revenue": 4495000000,
    "revenueEstimated": 4376710526,
    "updatedFromDate": "2025-04-25",
    "fiscalDateEnding": "2020-12-31"
  },
  {
    "date": "2020-10-22",
    "symbol": "FCX",
    "eps": 0.29,
    "epsEstimated": 0.21,
    "time": "bmo",
    "revenue": 3851000000,
    "revenueEstimated": 2076827586,
    "updatedFromDate": "2025-04-25",
    "fiscalDateEnding": "2020-09-30"
  },
  {
    "date": "2020-07-23",
    "symbol": "FCX",
    "eps": 0.03,
    "epsEstimated": 0.00882,
    "time": "bmo",
    "revenue": 3054000000,
    "revenueEstimated": 2036000000,
    "updatedFromDate": "2025-04-25",
    "fiscalDateEnding": "2020-06-30"
  },
  {
    "date": "2020-04-24",
    "symbol": "FCX",
    "eps": -0.16,
    "epsEstimated": -0.22,
    "time": "bmo",
    "revenue": 2798000000,
    "revenueEstimated": 3147750000,
    "updatedFromDate": "2025-04-25",
    "fiscalDateEnding": "2020-03-31"
  },
  {
    "date": "2020-01-23",
    "symbol": "FCX",
    "eps": 0.02,
    "epsEstimated": 0.00213,
    "time": "bmo",
    "revenue": 3911000000,
    "revenueEstimated": null,
    "updatedFromDate": "2025-04-25",
    "fiscalDateEnding": "2019-12-31"
  },
  {
    "date": "2019-10-23",
    "symbol": "FCX",
    "eps": -0.01,
    "epsEstimated": -0.00921,
    "time": "bmo",
    "revenue": 3308000000,
    "revenueEstimated": 3153000000,
    "updatedFromDate": "2025-04-25",
    "fiscalDateEnding": "2019-09-30"
  },
  {
    "date": "2019-07-24",
    "symbol": "FCX",
    "eps": -0.04,
    "epsEstimated": -0.05,
    "time": "bmo",
    "revenue": 3546000000,
    "revenueEstimated": 9172500000,
    "updatedFromDate": "2025-04-25",
    "fiscalDateEnding": "2019-06-30"
  },
  {
    "date": "2019-04-25",
    "symbol": "FCX",
    "eps": 0.05,
    "epsEstimated": 0.08,
    "time": "bmo",
    "revenue": 3792000000,
    "revenueEstimated": 5308800000,
    "updatedFromDate": "2025-04-25",
    "fiscalDateEnding": "2019-03-31"
  },
  {
    "date": "2019-01-24",
    "symbol": "FCX",
    "eps": 0.11,
    "epsEstimated": 0.18,
    "time": "bmo",
    "revenue": 3684000000,
    "revenueEstimated": 6028363636,
    "updatedFromDate": "2025-04-25",
    "fiscalDateEnding": "2018-12-31"
  },
  {
    "date": "2018-10-24",
    "symbol": "FCX",
    "eps": 0.35,
    "epsEstimated": 0.33,
    "time": "bmo",
    "revenue": 4908000000,
    "revenueEstimated": 4627542857,
    "updatedFromDate": "2025-04-25",
    "fiscalDateEnding": "2018-09-30"
  },
  {
    "date": "2018-07-25",
    "symbol": "FCX",
    "eps": 0.58,
    "epsEstimated": 0.52,
    "time": "bmo",
    "revenue": 5168000000,
    "revenueEstimated": 4633379310,
    "updatedFromDate": "2025-04-25",
    "fiscalDateEnding": "2018-06-30"
  },
  {
    "date": "2018-04-24",
    "symbol": "FCX",
    "eps": 0.46,
    "epsEstimated": 0.56,
    "time": "bmo",
    "revenue": 4868000000,
    "revenueEstimated": 5926260869,
    "updatedFromDate": "2025-04-25",
    "fiscalDateEnding": "2018-03-31"
  },
  {
    "date": "2018-01-25",
    "symbol": "FCX",
    "eps": 0.51,
    "epsEstimated": 0.49,
    "time": "bmo",
    "revenue": 5041000000,
    "revenueEstimated": 4843313725,
    "updatedFromDate": "2025-04-25",
    "fiscalDateEnding": "2017-12-31"
  },
  {
    "date": "2017-10-25",
    "symbol": "FCX",
    "eps": 0.34,
    "epsEstimated": 0.29,
    "time": "bmo",
    "revenue": 4310000000,
    "revenueEstimated": 3929705882,
    "updatedFromDate": "2025-04-25",
    "fiscalDateEnding": "2017-09-30"
  },
  {
    "date": "2017-07-25",
    "symbol": "FCX",
    "eps": 0.17,
    "epsEstimated": 0.2,
    "time": "bmo",
    "revenue": 3711000000,
    "revenueEstimated": 4584176470,
    "updatedFromDate": "2025-04-25",
    "fiscalDateEnding": "2017-06-30"
  },
  {
    "date": "2017-04-25",
    "symbol": "FCX",
    "eps": 0.15,
    "epsEstimated": 0.16,
    "time": "bmo",
    "revenue": 3341000000,
    "revenueEstimated": 3563733333,
    "updatedFromDate": "2025-04-25",
    "fiscalDateEnding": "2017-03-31"
  },
  {
    "date": "2017-01-25",
    "symbol": "FCX",
    "eps": 0.25,
    "epsEstimated": 0.34,
    "time": "bmo",
    "revenue": 4377000000,
    "revenueEstimated": 5952720000,
    "updatedFromDate": "2025-04-25",
    "fiscalDateEnding": "2016-12-31"
  },
  {
    "date": "2016-10-25",
    "symbol": "FCX",
    "eps": 0.13,
    "epsEstimated": 0.18,
    "time": "bmo",
    "revenue": 3877000000,
    "revenueEstimated": 5368153846,
    "updatedFromDate": "2025-04-25",
    "fiscalDateEnding": "2016-09-30"
  },
  {
    "date": "2016-07-26",
    "symbol": "FCX",
    "eps": -0.02,
    "epsEstimated": -0.01422,
    "time": "bmo",
    "revenue": 3334000000,
    "revenueEstimated": 1667000000,
    "updatedFromDate": "2025-04-25",
    "fiscalDateEnding": "2016-06-30"
  }
]