[
  {
    "date": "2026-03-18",
    "symbol": "FDS",
    "eps": null,
    "epsEstimated": null,
    "time": "bmo",
    "revenue": null,
    "revenueEstimated": null,
    "updatedFromDate": "2025-10-02",
    "fiscalDateEnding": "2026-02-28"
  },
  {
    "date": "2025-12-18",
    "symbol": "FDS",
    "eps": null,
    "epsEstimated": 4.49,
    "time": "bmo",
    "revenue": null,
    "revenueEstimated": 599578820,
    "updatedFromDate": "2025-10-02",
    "fiscalDateEnding": "2025-11-30"
  },
  {
    "date": "2025-09-18",
    "symbol": "FDS",
    "eps": 4.05,
    "epsEstimated": 4.13,
    "time": "bmo",
    "revenue": 596901000,
    "revenueEstimated": 592805390,
    "updatedFromDate": "2025-10-02",
    "fiscalDateEnding": "2025-08-31"
  },
  {
    "date": "2025-06-23",
    "symbol": "FDS",
    "eps": 4.27,
    "epsEstimated": 4.3,
    "time": "bmo",
    "revenue": 585520000,
    "revenueEstimated": 580756540,
    "updatedFromDate": "2025-09-23",
    "fiscalDateEnding": "2025-05-31"
  },
  {
    "date": "2025-03-20",
    "symbol": "FDS",
    "eps": 4.28,
    "epsEstimated": 4.17,
    "time": "bmo",
    "revenue": 570660000,
    "revenueEstimated": 570361067,
    "updatedFromDate": "2025-06-20",
    "fiscalDateEnding": "2025-02-28"
  },
  {
    "date": "2024-12-19",
    "symbol": "FDS",
    "eps": 4.37,
    "epsEstimated": 4.25,
    "time": "bmo",
    "revenue": 568667000,
    "revenueEstimated": 565135911,
    "updatedFromDate": "2025-04-25",
    "fiscalDateEnding": "2024-11-30"
  },
  {
    "date": "2024-09-19",
    "symbol": "FDS",
    "eps": 3.74,
    "epsEstimated": 3.62,
    "time": "bmo",
    "revenue": 562187000,
    "revenueEstimated": 547056881,
    "updatedFromDate": "2025-04-25",
    "fiscalDateEnding": "2024-08-31"
  },
  {
    "date": "2024-06-21",
    "symbol": "FDS",
    "eps": 4.37,
    "epsEstimated": 3.9,
    "time": "bmo",
    "revenue": 552708000,
    "revenueEstimated": 552712205,
    "updatedFromDate": "2025-04-25",
    "fiscalDateEnding": "2024-05-31"
  },
  {
    "date": "2024-03-21",
    "symbol": "FDS",
    "eps": 4.22,
    "epsEstimated": 3.88,
    "time": "bmo",
    "revenue": 545945000,
    "revenueEstimated": 546753338,
    "updatedFromDate": "2025-04-25",
    "fiscalDateEnding": "2024-02-29"
  },
  {
    "date": "2023-12-19",
    "symbol": "FDS",
    "eps": 4.12,
    "epsEstimated": 4.11,
    "time": "bmo",
    "revenue": 542216000,
    "revenueEstimated": 540360000,
    "updatedFromDate": "2025-04-25",
    "fiscalDateEnding": "2023-11-30"
  },
  {
    "date": "2023-09-21",
    "symbol": "FDS",
    "eps": 2.93,
    "epsEstimated": 3.49,
    "time": "bmo",
    "revenue": 535797000,
    "revenueEstimated": 535620000,
    "updatedFromDate": "2025-04-25",
    "fiscalDateEnding": "2023-08-31"
  },
  {
    "date": "2023-06-22",
    "symbol": "FDS",
    "eps": 3.79,
    "epsEstimated": 3.61,
    "time": "bmo",
    "revenue": 529811000,
    "revenueEstimated": 527330000,
    "updatedFromDate": "2025-04-25",
    "fiscalDateEnding": "2023-05-31"
  },
  {
    "date": "2023-03-23",
    "symbol": "FDS",
    "eps": 3.8,
    "epsEstimated": 3.69,
    "time": "bmo",
    "revenue": 515085000,
    "revenueEstimated": 515470000,
    "updatedFromDate": "2025-04-25",
    "fiscalDateEnding": "2023-02-28"
  },
  {
    "date": "2022-12-20",
    "symbol": "FDS",
    "eps": 3.99,
    "epsEstimated": 3.61,
    "time": "bmo",
    "revenue": 504815000,
    "revenueEstimated": 510538894,
    "updatedFromDate": "2025-04-25",
    "fiscalDateEnding": "2022-11-30"
  },
  {
    "date": "2022-09-22",
    "symbol": "FDS",
    "eps": 3.13,
    "epsEstimated": 3.2,
    "time": "bmo",
    "revenue": 499297000,
    "revenueEstimated": 487340048,
    "updatedFromDate": "2025-04-25",
    "fiscalDateEnding": "2022-08-31"
  },
  {
    "date": "2022-06-23",
    "symbol": "FDS",
    "eps": 3.76,
    "epsEstimated": 3.18,
    "time": "bmo",
    "revenue": 488751000,
    "revenueEstimated": 476977054,
    "updatedFromDate": "2025-04-25",
    "fiscalDateEnding": "2022-05-31"
  },
  {
    "date": "2022-03-24",
    "symbol": "FDS",
    "eps": 3.27,
    "epsEstimated": 2.98,
    "time": "bmo",
    "revenue": 431119000,
    "revenueEstimated": 426419291,
    "updatedFromDate": "2025-04-25",
    "fiscalDateEnding": "2022-02-28"
  },
  {
    "date": "2021-12-21",
    "symbol": "FDS",
    "eps": 3.25,
    "epsEstimated": 3,
    "time": "bmo",
    "revenue": 424725000,
    "revenueEstimated": 426260000,
    "updatedFromDate": "2025-04-25",
    "fiscalDateEnding": "2021-11-30"
  },
  {
    "date": "2021-09-28",
    "symbol": "FDS",
    "eps": 2.63,
    "epsEstimated": 2.72,
    "time": "bmo",
    "revenue": 411894000,
    "revenueEstimated": 425522845,
    "updatedFromDate": "2025-04-25",
    "fiscalDateEnding": "2021-08-31"
  },
  {
    "date": "2021-06-29",
    "symbol": "FDS",
    "eps": 2.72,
    "epsEstimated": 2.75,
    "time": "bmo",
    "revenue": 399558000,
    "revenueEstimated": 397770000,
    "updatedFromDate": "2025-04-25",
    "fiscalDateEnding": "2021-05-31"
  },
  {
    "date": "2021-03-30",
    "symbol": "FDS",
    "eps": 2.72,
    "epsEstimated": 2.74,
    "time": "bmo",
    "revenue": 391788000,
    "revenueEstimated": 391520000,
    "updatedFromDate": "2025-04-25",
    "fiscalDateEnding": "2021-02-28"
  },
  {
    "date": "2020-12-21",
    "symbol": "FDS",
    "eps": 2.88,
    "epsEstimated": 2.75,
    "time": "bmo",
    "revenue": 388206000,
    "revenueEstimated": 368370656,
    "updatedFromDate": "2025-04-25",
    "fiscalDateEnding": "2020-11-30"
  },
  {
    "date": "2020-09-24",
    "symbol": "FDS",
    "eps": 2.88,
    "epsEstimated": 2.54,
    "time": "bmo",
    "revenue": 383590000,
    "revenueEstimated": 987802472,
    "updatedFromDate": "2025-04-25",
    "fiscalDateEnding": "2020-08-31"
  },
  {
    "date": "2020-06-25",
    "symbol": "FDS",
    "eps": 2.86,
    "epsEstimated": 2.43,
    "time": "bmo",
    "revenue": 374083000,
    "revenueEstimated": 317839751,
    "updatedFromDate": "2025-04-25",
    "fiscalDateEnding": "2020-05-31"
  },
  {
    "date": "2020-03-26",
    "symbol": "FDS",
    "eps": 2.55,
    "epsEstimated": 2.49,
    "time": "bmo",
    "revenue": 369780000,
    "revenueEstimated": 361079294,
    "updatedFromDate": "2025-04-25",
    "fiscalDateEnding": "2020-02-29"
  },
  {
    "date": "2019-12-19",
    "symbol": "FDS",
    "eps": 2.58,
    "epsEstimated": 2.42,
    "time": "bmo",
    "revenue": 366658000,
    "revenueEstimated": 342416148,
    "updatedFromDate": "2025-04-25",
    "fiscalDateEnding": "2019-11-30"
  },
  {
    "date": "2019-09-26",
    "symbol": "FDS",
    "eps": 2.61,
    "epsEstimated": 2.47,
    "time": "bmo",
    "revenue": 364283000,
    "revenueEstimated": 344742915,
    "updatedFromDate": "2025-04-25",
    "fiscalDateEnding": "2019-08-31"
  },
  {
    "date": "2019-06-25",
    "symbol": "FDS",
    "eps": 2.62,
    "epsEstimated": 2.37,
    "time": "bmo",
    "revenue": 364533000,
    "revenueEstimated": 329749316,
    "updatedFromDate": "2025-04-25",
    "fiscalDateEnding": "2019-05-31"
  },
  {
    "date": "2019-03-26",
    "symbol": "FDS",
    "eps": 2.42,
    "epsEstimated": 2.33,
    "time": "bmo",
    "revenue": 354895000,
    "revenueEstimated": 341696425,
    "updatedFromDate": "2025-04-25",
    "fiscalDateEnding": "2019-02-28"
  },
  {
    "date": "2018-12-18",
    "symbol": "FDS",
    "eps": 2.35,
    "epsEstimated": 2.29,
    "time": "bmo",
    "revenue": 351640000,
    "revenueEstimated": 342426724,
    "updatedFromDate": "2025-04-25",
    "fiscalDateEnding": "2018-11-30"
  },
  {
    "date": "2018-09-25",
    "symbol": "FDS",
    "eps": 2.2,
    "epsEstimated": 2.21,
    "time": "bmo",
    "revenue": 345861000,
    "revenueEstimated": 347472272,
    "updatedFromDate": "2025-04-25",
    "fiscalDateEnding": "2018-08-31"
  },
  {
    "date": "2018-06-26",
    "symbol": "FDS",
    "eps": 2.18,
    "epsEstimated": 2.13,
    "time": "bmo",
    "revenue": 339911000,
    "revenueEstimated": 332104128,
    "updatedFromDate": "2025-04-25",
    "fiscalDateEnding": "2018-05-31"
  },
  {
    "date": "2018-03-27",
    "symbol": "FDS",
    "eps": 2.12,
    "epsEstimated": 2.05,
    "time": "bmo",
    "revenue": 335231000,
    "revenueEstimated": 325713207,
    "updatedFromDate": "2025-04-25",
    "fiscalDateEnding": "2018-02-28"
  },
  {
    "date": "2017-12-19",
    "symbol": "FDS",
    "eps": 2.04,
    "epsEstimated": 1.98,
    "time": "bmo",
    "revenue": 329141000,
    "revenueEstimated": 319167030,
    "updatedFromDate": "2025-04-25",
    "fiscalDateEnding": "2017-11-30"
  },
  {
    "date": "2017-09-26",
    "symbol": "FDS",
    "eps": 1.9,
    "epsEstimated": 1.89,
    "time": "bmo",
    "revenue": 326642000,
    "revenueEstimated": 324881052,
    "updatedFromDate": "2025-04-25",
    "fiscalDateEnding": "2017-08-31"
  },
  {
    "date": "2017-06-27",
    "symbol": "FDS",
    "eps": 1.85,
    "epsEstimated": 1.84,
    "time": "bmo",
    "revenue": 312120000,
    "revenueEstimated": 310412972,
    "updatedFromDate": "2025-04-25",
    "fiscalDateEnding": "2017-05-31"
  },
  {
    "date": "2017-03-28",
    "symbol": "FDS",
    "eps": 1.81,
    "epsEstimated": 1.8,
    "time": "bmo",
    "revenue": 294354000,
    "revenueEstimated": 292773480,
    "updatedFromDate": "2025-04-25",
    "fiscalDateEnding": "2017-02-28"
  },
  {
    "date": "2016-12-20",
    "symbol": "FDS",
    "eps": 1.75,
    "epsEstimated": 1.7,
    "time": "bmo",
    "revenue": 288063000,
    "revenueEstimated": 279590558,
    "updatedFromDate": "2025-04-25",
    "fiscalDateEnding": "2016-11-30"
  },
  {
    "date": "2016-09-27",
    "symbol": "FDS",
    "eps": 1.69,
    "epsEstimated": 1.7,
    "time": "bmo",
    "revenue": 287291000,
    "revenueEstimated": 289000000,
    "updatedFromDate": "2025-04-25",
    "fiscalDateEnding": "2016-08-31"
  },
  {
    "date": "2016-06-28",
    "symbol": "FDS",
    "eps": 1.64,
    "epsEstimated": 1.61,
    "time": "bmo",
    "revenue": 287501000,
    "revenueEstimated": 282240853,
    "updatedFromDate": "2025-04-25",
    "fiscalDateEnding": "2016-05-31"
  }
]