[
  {
    "date": "2026-03-18",
    "symbol": "FDX",
    "eps": null,
    "epsEstimated": null,
    "time": "amc",
    "revenue": null,
    "revenueEstimated": null,
    "updatedFromDate": "2025-10-02",
    "fiscalDateEnding": "2026-02-28"
  },
  {
    "date": "2025-12-18",
    "symbol": "FDX",
    "eps": null,
    "epsEstimated": 3.99,
    "time": "amc",
    "revenue": null,
    "revenueEstimated": 22759505160,
    "updatedFromDate": "2025-10-02",
    "fiscalDateEnding": "2025-11-30"
  },
  {
    "date": "2025-09-18",
    "symbol": "FDX",
    "eps": 3.83,
    "epsEstimated": 3.6,
    "time": "amc",
    "revenue": 22244000000,
    "revenueEstimated": 21647186424,
    "updatedFromDate": "2025-10-02",
    "fiscalDateEnding": "2025-08-31"
  },
  {
    "date": "2025-06-24",
    "symbol": "FDX",
    "eps": 6.07,
    "epsEstimated": 5.82,
    "time": "amc",
    "revenue": 22220000000,
    "revenueEstimated": 21741168300,
    "updatedFromDate": "2025-09-24",
    "fiscalDateEnding": "2025-05-31"
  },
  {
    "date": "2025-03-20",
    "symbol": "FDX",
    "eps": 4.51,
    "epsEstimated": 4.56,
    "time": "amc",
    "revenue": 22160000000,
    "revenueEstimated": 21868597658,
    "updatedFromDate": "2025-06-20",
    "fiscalDateEnding": "2025-02-28"
  },
  {
    "date": "2024-12-19",
    "symbol": "FDX",
    "eps": 4.05,
    "epsEstimated": 3.95,
    "time": "amc",
    "revenue": 21967000000,
    "revenueEstimated": 22117697424,
    "updatedFromDate": "2025-04-25",
    "fiscalDateEnding": "2024-11-30"
  },
  {
    "date": "2024-09-19",
    "symbol": "FDX",
    "eps": 3.6,
    "epsEstimated": 4.76,
    "time": "amc",
    "revenue": 21579000000,
    "revenueEstimated": 21833137620,
    "updatedFromDate": "2025-04-25",
    "fiscalDateEnding": "2024-08-31"
  },
  {
    "date": "2024-06-25",
    "symbol": "FDX",
    "eps": 5.41,
    "epsEstimated": 5.35,
    "time": "amc",
    "revenue": 22109000000,
    "revenueEstimated": 22023478145,
    "updatedFromDate": "2025-04-25",
    "fiscalDateEnding": "2024-05-31"
  },
  {
    "date": "2024-03-21",
    "symbol": "FDX",
    "eps": 3.86,
    "epsEstimated": 3.45,
    "time": "amc",
    "revenue": 21738000000,
    "revenueEstimated": 21953333133,
    "updatedFromDate": "2025-04-25",
    "fiscalDateEnding": "2024-02-29"
  },
  {
    "date": "2023-12-19",
    "symbol": "FDX",
    "eps": 3.99,
    "epsEstimated": 4.18,
    "time": "amc",
    "revenue": 22165000000,
    "revenueEstimated": 22548200000,
    "updatedFromDate": "2025-04-25",
    "fiscalDateEnding": "2023-11-30"
  },
  {
    "date": "2023-09-20",
    "symbol": "FDX",
    "eps": 4.55,
    "epsEstimated": 3.73,
    "time": "amc",
    "revenue": 21681000000,
    "revenueEstimated": 21814800000,
    "updatedFromDate": "2025-04-25",
    "fiscalDateEnding": "2023-08-31"
  },
  {
    "date": "2023-06-20",
    "symbol": "FDX",
    "eps": 4.94,
    "epsEstimated": 4.89,
    "time": "amc",
    "revenue": 21930000000,
    "revenueEstimated": 22666300000,
    "updatedFromDate": "2025-04-25",
    "fiscalDateEnding": "2023-05-31"
  },
  {
    "date": "2023-03-16",
    "symbol": "FDX",
    "eps": 3.41,
    "epsEstimated": 2.73,
    "time": "amc",
    "revenue": 22169000000,
    "revenueEstimated": 23342400000,
    "updatedFromDate": "2025-04-25",
    "fiscalDateEnding": "2023-02-28"
  },
  {
    "date": "2022-12-20",
    "symbol": "FDX",
    "eps": 3.18,
    "epsEstimated": 2.82,
    "time": "amc",
    "revenue": 22814000000,
    "revenueEstimated": 23702391508,
    "updatedFromDate": "2025-04-25",
    "fiscalDateEnding": "2022-11-30"
  },
  {
    "date": "2022-09-22",
    "symbol": "FDX",
    "eps": 3.44,
    "epsEstimated": 5.14,
    "time": "amc",
    "revenue": 23242000000,
    "revenueEstimated": 23605655820,
    "updatedFromDate": "2025-04-25",
    "fiscalDateEnding": "2022-08-31"
  },
  {
    "date": "2022-06-23",
    "symbol": "FDX",
    "eps": 6.87,
    "epsEstimated": 6.91,
    "time": "amc",
    "revenue": 24394000000,
    "revenueEstimated": 24500897990,
    "updatedFromDate": "2025-04-25",
    "fiscalDateEnding": "2022-05-31"
  },
  {
    "date": "2022-03-17",
    "symbol": "FDX",
    "eps": 4.59,
    "epsEstimated": 4.64,
    "time": "amc",
    "revenue": 23641000000,
    "revenueEstimated": 23409083562,
    "updatedFromDate": "2025-04-25",
    "fiscalDateEnding": "2022-02-28"
  },
  {
    "date": "2021-12-16",
    "symbol": "FDX",
    "eps": 4.83,
    "epsEstimated": 4.28,
    "time": "amc",
    "revenue": 23474000000,
    "revenueEstimated": 23427700000,
    "updatedFromDate": "2025-04-25",
    "fiscalDateEnding": "2021-11-30"
  },
  {
    "date": "2021-09-21",
    "symbol": "FDX",
    "eps": 4.37,
    "epsEstimated": 4.91,
    "time": "amc",
    "revenue": 22003000000,
    "revenueEstimated": 22450000000,
    "updatedFromDate": "2025-04-25",
    "fiscalDateEnding": "2021-08-31"
  },
  {
    "date": "2021-06-24",
    "symbol": "FDX",
    "eps": 5.01,
    "epsEstimated": 4.99,
    "time": "amc",
    "revenue": 22565000000,
    "revenueEstimated": 20808500000,
    "updatedFromDate": "2025-04-25",
    "fiscalDateEnding": "2021-05-31"
  },
  {
    "date": "2021-03-18",
    "symbol": "FDX",
    "eps": 3.47,
    "epsEstimated": 3.23,
    "time": "amc",
    "revenue": 21510000000,
    "revenueEstimated": 19911733746,
    "updatedFromDate": "2025-04-25",
    "fiscalDateEnding": "2021-02-28"
  },
  {
    "date": "2020-12-17",
    "symbol": "FDX",
    "eps": 4.83,
    "epsEstimated": 4.01,
    "time": "amc",
    "revenue": 20563000000,
    "revenueEstimated": 15659515384,
    "updatedFromDate": "2025-04-25",
    "fiscalDateEnding": "2020-11-30"
  },
  {
    "date": "2020-09-15",
    "symbol": "FDX",
    "eps": 4.87,
    "epsEstimated": 2.69,
    "time": "amc",
    "revenue": 19321000000,
    "revenueEstimated": 13599218725,
    "updatedFromDate": "2025-04-25",
    "fiscalDateEnding": "2020-08-31"
  },
  {
    "date": "2020-06-30",
    "symbol": "FDX",
    "eps": 2.53,
    "epsEstimated": 1.42,
    "time": "amc",
    "revenue": 17358000000,
    "revenueEstimated": 14414562828,
    "updatedFromDate": "2025-04-25",
    "fiscalDateEnding": "2020-05-31"
  },
  {
    "date": "2020-03-17",
    "symbol": "FDX",
    "eps": 1.41,
    "epsEstimated": 1.41,
    "time": "amc",
    "revenue": 17487000000,
    "revenueEstimated": 17487000000,
    "updatedFromDate": "2025-04-25",
    "fiscalDateEnding": "2020-02-29"
  },
  {
    "date": "2019-12-17",
    "symbol": "FDX",
    "eps": 2.51,
    "epsEstimated": 2.76,
    "time": "amc",
    "revenue": 17324000000,
    "revenueEstimated": 19049498007,
    "updatedFromDate": "2025-04-25",
    "fiscalDateEnding": "2019-11-30"
  },
  {
    "date": "2019-09-17",
    "symbol": "FDX",
    "eps": 3.05,
    "epsEstimated": 3.15,
    "time": "amc",
    "revenue": 17048000000,
    "revenueEstimated": 17606950819,
    "updatedFromDate": "2025-04-25",
    "fiscalDateEnding": "2019-08-31"
  },
  {
    "date": "2019-06-25",
    "symbol": "FDX",
    "eps": 5.01,
    "epsEstimated": 4.81,
    "time": "amc",
    "revenue": 17807000000,
    "revenueEstimated": 17238313373,
    "updatedFromDate": "2025-04-25",
    "fiscalDateEnding": "2019-05-31"
  },
  {
    "date": "2019-03-19",
    "symbol": "FDX",
    "eps": 3.03,
    "epsEstimated": 3.11,
    "time": "amc",
    "revenue": 17010000000,
    "revenueEstimated": 17459108910,
    "updatedFromDate": "2025-04-25",
    "fiscalDateEnding": "2019-02-28"
  },
  {
    "date": "2018-12-18",
    "symbol": "FDX",
    "eps": 4.03,
    "epsEstimated": 3.94,
    "time": "amc",
    "revenue": 17824000000,
    "revenueEstimated": 17425945409,
    "updatedFromDate": "2025-04-25",
    "fiscalDateEnding": "2018-11-30"
  },
  {
    "date": "2018-09-17",
    "symbol": "FDX",
    "eps": 3.46,
    "epsEstimated": 3.81,
    "time": "amc",
    "revenue": 17052000000,
    "revenueEstimated": 18776913294,
    "updatedFromDate": "2025-04-25",
    "fiscalDateEnding": "2018-08-31"
  },
  {
    "date": "2018-06-19",
    "symbol": "FDX",
    "eps": 5.91,
    "epsEstimated": 5.72,
    "time": "amc",
    "revenue": 17314000000,
    "revenueEstimated": 16728077834,
    "updatedFromDate": "2025-04-25",
    "fiscalDateEnding": "2018-05-31"
  },
  {
    "date": "2018-03-20",
    "symbol": "FDX",
    "eps": 3.72,
    "epsEstimated": 3.08,
    "time": "amc",
    "revenue": 16526000000,
    "revenueEstimated": 13816091397,
    "updatedFromDate": "2025-04-25",
    "fiscalDateEnding": "2018-02-28"
  },
  {
    "date": "2017-12-19",
    "symbol": "FDX",
    "eps": 3.18,
    "epsEstimated": 2.88,
    "time": "amc",
    "revenue": 16313000000,
    "revenueEstimated": 14825336477,
    "updatedFromDate": "2025-04-25",
    "fiscalDateEnding": "2017-11-30"
  },
  {
    "date": "2017-09-19",
    "symbol": "FDX",
    "eps": 2.51,
    "epsEstimated": 3.09,
    "time": "amc",
    "revenue": 15297000000,
    "revenueEstimated": 18831764940,
    "updatedFromDate": "2025-04-25",
    "fiscalDateEnding": "2017-08-31"
  },
  {
    "date": "2017-06-20",
    "symbol": "FDX",
    "eps": 4.25,
    "epsEstimated": 3.88,
    "time": "amc",
    "revenue": 15728000000,
    "revenueEstimated": 14358738823,
    "updatedFromDate": "2025-04-25",
    "fiscalDateEnding": "2017-05-31"
  },
  {
    "date": "2017-03-21",
    "symbol": "FDX",
    "eps": 2.35,
    "epsEstimated": 2.62,
    "time": "amc",
    "revenue": 14997000000,
    "revenueEstimated": 16720059574,
    "updatedFromDate": "2025-04-25",
    "fiscalDateEnding": "2017-02-28"
  },
  {
    "date": "2016-12-20",
    "symbol": "FDX",
    "eps": 2.8,
    "epsEstimated": 2.9,
    "time": "amc",
    "revenue": 14931000000,
    "revenueEstimated": 15464250000,
    "updatedFromDate": "2025-04-25",
    "fiscalDateEnding": "2016-11-30"
  },
  {
    "date": "2016-09-20",
    "symbol": "FDX",
    "eps": 2.9,
    "epsEstimated": 2.81,
    "time": "amc",
    "revenue": 14663000000,
    "revenueEstimated": 14207941379,
    "updatedFromDate": "2025-04-25",
    "fiscalDateEnding": "2016-08-31"
  },
  {
    "date": "2016-06-21",
    "symbol": "FDX",
    "eps": 3.3,
    "epsEstimated": 3.26,
    "time": "amc",
    "revenue": 12979000000,
    "revenueEstimated": 12900339393,
    "updatedFromDate": "2025-04-25",
    "fiscalDateEnding": "2016-05-31"
  }
]