[
  {
    "date": "2026-04-21",
    "symbol": "FE",
    "eps": null,
    "epsEstimated": null,
    "time": "amc",
    "revenue": null,
    "revenueEstimated": null,
    "updatedFromDate": "2025-10-02",
    "fiscalDateEnding": "2026-03-30"
  },
  {
    "date": "2026-02-24",
    "symbol": "FE",
    "eps": null,
    "epsEstimated": null,
    "time": "amc",
    "revenue": null,
    "revenueEstimated": null,
    "updatedFromDate": "2025-10-02",
    "fiscalDateEnding": "2025-12-30"
  },
  {
    "date": "2025-11-04",
    "symbol": "FE",
    "eps": null,
    "epsEstimated": 0.71,
    "time": "bmo",
    "revenue": null,
    "revenueEstimated": null,
    "updatedFromDate": "2025-10-02",
    "fiscalDateEnding": "2025-09-30"
  },
  {
    "date": "2025-07-30",
    "symbol": "FE",
    "eps": 0.52,
    "epsEstimated": 0.4864,
    "time": "amc",
    "revenue": 3380000000,
    "revenueEstimated": 3335763010,
    "updatedFromDate": "2025-10-02",
    "fiscalDateEnding": "2025-06-30"
  },
  {
    "date": "2025-04-23",
    "symbol": "FE",
    "eps": 0.67,
    "epsEstimated": 0.606,
    "time": "amc",
    "revenue": 3765000000,
    "revenueEstimated": 3524888605,
    "updatedFromDate": "2025-07-23",
    "fiscalDateEnding": "2025-03-31"
  },
  {
    "date": "2025-02-26",
    "symbol": "FE",
    "eps": 0.67,
    "epsEstimated": 0.709,
    "time": "amc",
    "revenue": 3176000000,
    "revenueEstimated": 3403227116,
    "updatedFromDate": "2025-05-26",
    "fiscalDateEnding": "2024-12-31"
  },
  {
    "date": "2024-10-29",
    "symbol": "FE",
    "eps": 0.85,
    "epsEstimated": 0.9,
    "time": "amc",
    "revenue": 3729000000,
    "revenueEstimated": 4003663129,
    "updatedFromDate": "2025-04-25",
    "fiscalDateEnding": "2024-09-30"
  },
  {
    "date": "2024-07-30",
    "symbol": "FE",
    "eps": 0.56,
    "epsEstimated": 0.557,
    "time": "amc",
    "revenue": 3280000000,
    "revenueEstimated": 3461539252,
    "updatedFromDate": "2025-04-25",
    "fiscalDateEnding": "2024-06-30"
  },
  {
    "date": "2024-04-25",
    "symbol": "FE",
    "eps": 0.55,
    "epsEstimated": 0.56,
    "time": "amc",
    "revenue": 3287000000,
    "revenueEstimated": 3222169601,
    "updatedFromDate": "2025-04-25",
    "fiscalDateEnding": "2024-03-31"
  },
  {
    "date": "2024-02-08",
    "symbol": "FE",
    "eps": 0.62,
    "epsEstimated": 0.6,
    "time": "amc",
    "revenue": 3146000000,
    "revenueEstimated": 3134760000,
    "updatedFromDate": "2025-04-25",
    "fiscalDateEnding": "2023-12-31"
  },
  {
    "date": "2023-10-26",
    "symbol": "FE",
    "eps": 0.88,
    "epsEstimated": 0.85,
    "time": "amc",
    "revenue": 3487000000,
    "revenueEstimated": 3547860000,
    "updatedFromDate": "2025-04-25",
    "fiscalDateEnding": "2023-09-30"
  },
  {
    "date": "2023-08-01",
    "symbol": "FE",
    "eps": 0.47,
    "epsEstimated": 0.45,
    "time": "amc",
    "revenue": 3006000000,
    "revenueEstimated": 2890680000,
    "updatedFromDate": "2025-04-25",
    "fiscalDateEnding": "2023-06-30"
  },
  {
    "date": "2023-04-27",
    "symbol": "FE",
    "eps": 0.6,
    "epsEstimated": 0.61,
    "time": "amc",
    "revenue": 3231000000,
    "revenueEstimated": 3046320000,
    "updatedFromDate": "2025-04-25",
    "fiscalDateEnding": "2023-03-31"
  },
  {
    "date": "2023-02-13",
    "symbol": "FE",
    "eps": 0.5,
    "epsEstimated": 0.53,
    "time": "amc",
    "revenue": 3177000000,
    "revenueEstimated": 2343574841,
    "updatedFromDate": "2025-04-25",
    "fiscalDateEnding": "2022-12-31"
  },
  {
    "date": "2022-10-25",
    "symbol": "FE",
    "eps": 0.79,
    "epsEstimated": 0.77,
    "time": "amc",
    "revenue": 3475000000,
    "revenueEstimated": 3108756130,
    "updatedFromDate": "2025-04-25",
    "fiscalDateEnding": "2022-09-30"
  },
  {
    "date": "2022-07-26",
    "symbol": "FE",
    "eps": 0.53,
    "epsEstimated": 0.53,
    "time": "amc",
    "revenue": 2818000000,
    "revenueEstimated": 2719900221,
    "updatedFromDate": "2025-04-25",
    "fiscalDateEnding": "2022-06-30"
  },
  {
    "date": "2022-04-21",
    "symbol": "FE",
    "eps": 0.6,
    "epsEstimated": 0.61,
    "time": "amc",
    "revenue": 2989000000,
    "revenueEstimated": 2819082513,
    "updatedFromDate": "2025-04-25",
    "fiscalDateEnding": "2022-03-31"
  },
  {
    "date": "2022-02-10",
    "symbol": "FE",
    "eps": 0.51,
    "epsEstimated": 0.52,
    "time": "amc",
    "revenue": 2660000000,
    "revenueEstimated": 2705785466,
    "updatedFromDate": "2025-04-25",
    "fiscalDateEnding": "2021-12-31"
  },
  {
    "date": "2021-10-28",
    "symbol": "FE",
    "eps": 0.82,
    "epsEstimated": 0.79,
    "time": "amc",
    "revenue": 3124000000,
    "revenueEstimated": 3126820000,
    "updatedFromDate": "2025-04-25",
    "fiscalDateEnding": "2021-09-30"
  },
  {
    "date": "2021-07-22",
    "symbol": "FE",
    "eps": 0.59,
    "epsEstimated": 0.59,
    "time": "amc",
    "revenue": 2622000000,
    "revenueEstimated": 3155430000,
    "updatedFromDate": "2025-04-25",
    "fiscalDateEnding": "2021-06-30"
  },
  {
    "date": "2021-04-22",
    "symbol": "FE",
    "eps": 0.69,
    "epsEstimated": 0.68,
    "time": "amc",
    "revenue": 2726000000,
    "revenueEstimated": 2988360000,
    "updatedFromDate": "2025-04-25",
    "fiscalDateEnding": "2021-03-31"
  },
  {
    "date": "2021-02-18",
    "symbol": "FE",
    "eps": 0.32,
    "epsEstimated": 0.47,
    "time": "bmo",
    "revenue": 2537000000,
    "revenueEstimated": 2884300000,
    "updatedFromDate": "2025-04-25",
    "fiscalDateEnding": "2020-12-31"
  },
  {
    "date": "2020-11-02",
    "symbol": "FE",
    "eps": 0.84,
    "epsEstimated": 0.79,
    "time": "bmo",
    "revenue": 3022000000,
    "revenueEstimated": 294369047,
    "updatedFromDate": "2025-04-25",
    "fiscalDateEnding": "2020-09-30"
  },
  {
    "date": "2020-07-23",
    "symbol": "FE",
    "eps": 0.57,
    "epsEstimated": 0.54,
    "time": "amc",
    "revenue": 2522000000,
    "revenueEstimated": 2389263157,
    "updatedFromDate": "2025-04-25",
    "fiscalDateEnding": "2020-06-30"
  },
  {
    "date": "2020-04-23",
    "symbol": "FE",
    "eps": 0.66,
    "epsEstimated": 0.64,
    "time": "amc",
    "revenue": 2709000000,
    "revenueEstimated": 2585863636,
    "updatedFromDate": "2025-04-25",
    "fiscalDateEnding": "2020-03-31"
  },
  {
    "date": "2020-02-07",
    "symbol": "FE",
    "eps": 0.55,
    "epsEstimated": 0.48,
    "time": "bmo",
    "revenue": 2673000000,
    "revenueEstimated": 2430000000,
    "updatedFromDate": "2025-04-25",
    "fiscalDateEnding": "2019-12-31"
  },
  {
    "date": "2019-11-04",
    "symbol": "FE",
    "eps": 0.76,
    "epsEstimated": 0.73,
    "time": "bmo",
    "revenue": 2963000000,
    "revenueEstimated": 2846039473,
    "updatedFromDate": "2025-04-25",
    "fiscalDateEnding": "2019-09-30"
  },
  {
    "date": "2019-07-23",
    "symbol": "FE",
    "eps": 0.61,
    "epsEstimated": 0.6,
    "time": "amc",
    "revenue": 2516000000,
    "revenueEstimated": 2474754098,
    "updatedFromDate": "2025-04-25",
    "fiscalDateEnding": "2019-06-30"
  },
  {
    "date": "2019-04-23",
    "symbol": "FE",
    "eps": 0.67,
    "epsEstimated": 0.68,
    "time": "amc",
    "revenue": 2883000000,
    "revenueEstimated": 2926029850,
    "updatedFromDate": "2025-04-25",
    "fiscalDateEnding": "2019-03-31"
  },
  {
    "date": "2019-02-19",
    "symbol": "FE",
    "eps": 0.5,
    "epsEstimated": 0.48,
    "time": "amc",
    "revenue": 2710000000,
    "revenueEstimated": 2547400000,
    "updatedFromDate": "2025-04-25",
    "fiscalDateEnding": "2018-12-31"
  },
  {
    "date": "2018-10-25",
    "symbol": "FE",
    "eps": 0.8,
    "epsEstimated": 0.73,
    "time": "amc",
    "revenue": 3064000000,
    "revenueEstimated": 2719300000,
    "updatedFromDate": "2025-04-25",
    "fiscalDateEnding": "2018-09-30"
  },
  {
    "date": "2018-07-31",
    "symbol": "FE",
    "eps": 0.62,
    "epsEstimated": 0.52,
    "time": "amc",
    "revenue": 2704000000,
    "revenueEstimated": 2243951612,
    "updatedFromDate": "2025-04-25",
    "fiscalDateEnding": "2018-06-30"
  },
  {
    "date": "2018-04-23",
    "symbol": "FE",
    "eps": 0.67,
    "epsEstimated": 0.68,
    "time": "bmo",
    "revenue": 2976000000,
    "revenueEstimated": 2862000000,
    "updatedFromDate": "2025-04-25",
    "fiscalDateEnding": "2018-03-31"
  },
  {
    "date": "2018-02-20",
    "symbol": "FE",
    "eps": 0.71,
    "epsEstimated": 0.69,
    "time": "amc",
    "revenue": 3442000000,
    "revenueEstimated": 2567718309,
    "updatedFromDate": "2025-04-25",
    "fiscalDateEnding": "2017-12-31"
  },
  {
    "date": "2017-10-26",
    "symbol": "FE",
    "eps": 0.97,
    "epsEstimated": 0.87,
    "time": "amc",
    "revenue": 3714000000,
    "revenueEstimated": 2610000000,
    "updatedFromDate": "2025-04-25",
    "fiscalDateEnding": "2017-09-30"
  },
  {
    "date": "2017-07-27",
    "symbol": "FE",
    "eps": 0.61,
    "epsEstimated": 0.61,
    "time": "amc",
    "revenue": 3309000000,
    "revenueEstimated": 2441311475,
    "updatedFromDate": "2025-04-25",
    "fiscalDateEnding": "2017-06-30"
  },
  {
    "date": "2017-04-27",
    "symbol": "FE",
    "eps": 0.77,
    "epsEstimated": 0.71,
    "time": "amc",
    "revenue": 3552000000,
    "revenueEstimated": 2598782051,
    "updatedFromDate": "2025-04-25",
    "fiscalDateEnding": "2017-03-31"
  },
  {
    "date": "2017-02-21",
    "symbol": "FE",
    "eps": 0.38,
    "epsEstimated": 0.39,
    "time": "amc",
    "revenue": 3375000000,
    "revenueEstimated": 512631578,
    "updatedFromDate": "2025-04-25",
    "fiscalDateEnding": "2016-12-31"
  },
  {
    "date": "2016-11-04",
    "symbol": "FE",
    "eps": 0.9,
    "epsEstimated": 0.78,
    "time": "bmo",
    "revenue": 3917000000,
    "revenueEstimated": 3438255555,
    "updatedFromDate": "2025-04-25",
    "fiscalDateEnding": "2016-09-30"
  },
  {
    "date": "2016-07-28",
    "symbol": "FE",
    "eps": 0.56,
    "epsEstimated": 0.53,
    "time": "amc",
    "revenue": 3401000000,
    "revenueEstimated": 3279535714,
    "updatedFromDate": "2025-04-25",
    "fiscalDateEnding": "2016-06-30"
  }
]