[
  {
    "date": "2026-04-27",
    "symbol": "FFIV",
    "eps": null,
    "epsEstimated": null,
    "time": "amc",
    "revenue": null,
    "revenueEstimated": null,
    "updatedFromDate": "2025-09-28",
    "fiscalDateEnding": "2026-03-30"
  },
  {
    "date": "2026-01-26",
    "symbol": "FFIV",
    "eps": null,
    "epsEstimated": null,
    "time": "amc",
    "revenue": null,
    "revenueEstimated": null,
    "updatedFromDate": "2025-09-28",
    "fiscalDateEnding": "2025-12-30"
  },
  {
    "date": "2025-10-27",
    "symbol": "FFIV",
    "eps": null,
    "epsEstimated": 3.96,
    "time": "bmo",
    "revenue": null,
    "revenueEstimated": 794058870,
    "updatedFromDate": "2025-09-28",
    "fiscalDateEnding": "2025-09-30"
  },
  {
    "date": "2025-07-30",
    "symbol": "FFIV",
    "eps": 4.16,
    "epsEstimated": 3.51,
    "time": "amc",
    "revenue": 780370000,
    "revenueEstimated": 753890609,
    "updatedFromDate": "2025-09-28",
    "fiscalDateEnding": "2025-06-30"
  },
  {
    "date": "2025-04-28",
    "symbol": "FFIV",
    "eps": 3.42,
    "epsEstimated": 3.1,
    "time": "amc",
    "revenue": 731123000,
    "revenueEstimated": 718461562,
    "updatedFromDate": "2025-07-28",
    "fiscalDateEnding": "2025-03-31"
  },
  {
    "date": "2025-01-28",
    "symbol": "FFIV",
    "eps": 3.84,
    "epsEstimated": 3.36,
    "time": "amc",
    "revenue": 766489000,
    "revenueEstimated": 715413588,
    "updatedFromDate": "2025-04-28",
    "fiscalDateEnding": "2024-12-31"
  },
  {
    "date": "2024-10-28",
    "symbol": "FFIV",
    "eps": 3.67,
    "epsEstimated": 3.45,
    "time": "amc",
    "revenue": 746674000,
    "revenueEstimated": 730428348,
    "updatedFromDate": "2025-04-25",
    "fiscalDateEnding": "2024-09-30"
  },
  {
    "date": "2024-07-29",
    "symbol": "FFIV",
    "eps": 3.36,
    "epsEstimated": 2.97,
    "time": "amc",
    "revenue": 695495000,
    "revenueEstimated": 686063978,
    "updatedFromDate": "2025-04-25",
    "fiscalDateEnding": "2024-06-30"
  },
  {
    "date": "2024-04-29",
    "symbol": "FFIV",
    "eps": 2.91,
    "epsEstimated": 2.87,
    "time": "amc",
    "revenue": 681354000,
    "revenueEstimated": 685469313,
    "updatedFromDate": "2025-04-25",
    "fiscalDateEnding": "2024-03-31"
  },
  {
    "date": "2024-01-29",
    "symbol": "FFIV",
    "eps": 3.43,
    "epsEstimated": 3.03,
    "time": "amc",
    "revenue": 692597000,
    "revenueEstimated": 685340000,
    "updatedFromDate": "2025-04-25",
    "fiscalDateEnding": "2023-12-31"
  },
  {
    "date": "2023-10-24",
    "symbol": "FFIV",
    "eps": 3.5,
    "epsEstimated": 3.22,
    "time": "amc",
    "revenue": 706974000,
    "revenueEstimated": 700880000,
    "updatedFromDate": "2025-04-25",
    "fiscalDateEnding": "2023-09-30"
  },
  {
    "date": "2023-07-24",
    "symbol": "FFIV",
    "eps": 3.21,
    "epsEstimated": 2.86,
    "time": "amc",
    "revenue": 702642000,
    "revenueEstimated": 699390000,
    "updatedFromDate": "2025-04-25",
    "fiscalDateEnding": "2023-06-30"
  },
  {
    "date": "2023-04-19",
    "symbol": "FFIV",
    "eps": 2.53,
    "epsEstimated": 2.42,
    "time": "amc",
    "revenue": 703175000,
    "revenueEstimated": 699040000,
    "updatedFromDate": "2025-04-25",
    "fiscalDateEnding": "2023-03-31"
  },
  {
    "date": "2023-01-24",
    "symbol": "FFIV",
    "eps": 2.47,
    "epsEstimated": 2.34,
    "time": "amc",
    "revenue": 700378000,
    "revenueEstimated": 700749002,
    "updatedFromDate": "2025-04-25",
    "fiscalDateEnding": "2022-12-31"
  },
  {
    "date": "2022-10-25",
    "symbol": "FFIV",
    "eps": 2.62,
    "epsEstimated": 2.54,
    "time": "amc",
    "revenue": 700033000,
    "revenueEstimated": 692028458,
    "updatedFromDate": "2025-04-25",
    "fiscalDateEnding": "2022-09-30"
  },
  {
    "date": "2022-07-25",
    "symbol": "FFIV",
    "eps": 2.57,
    "epsEstimated": 2.23,
    "time": "amc",
    "revenue": 674488000,
    "revenueEstimated": 667275783,
    "updatedFromDate": "2025-04-25",
    "fiscalDateEnding": "2022-06-30"
  },
  {
    "date": "2022-04-26",
    "symbol": "FFIV",
    "eps": 2.13,
    "epsEstimated": 2.01,
    "time": "amc",
    "revenue": 634224000,
    "revenueEstimated": 634212605,
    "updatedFromDate": "2025-04-25",
    "fiscalDateEnding": "2022-03-31"
  },
  {
    "date": "2022-01-25",
    "symbol": "FFIV",
    "eps": 2.89,
    "epsEstimated": 2.79,
    "time": "amc",
    "revenue": 687100000,
    "revenueEstimated": 677609958,
    "updatedFromDate": "2025-04-25",
    "fiscalDateEnding": "2021-12-31"
  },
  {
    "date": "2021-10-26",
    "symbol": "FFIV",
    "eps": 3.01,
    "epsEstimated": 2.77,
    "time": "amc",
    "revenue": 681997000,
    "revenueEstimated": 672200000,
    "updatedFromDate": "2025-04-25",
    "fiscalDateEnding": "2021-09-30"
  },
  {
    "date": "2021-07-26",
    "symbol": "FFIV",
    "eps": 2.76,
    "epsEstimated": 2.47,
    "time": "amc",
    "revenue": 651515000,
    "revenueEstimated": 672200000,
    "updatedFromDate": "2025-04-25",
    "fiscalDateEnding": "2021-06-30"
  },
  {
    "date": "2021-04-27",
    "symbol": "FFIV",
    "eps": 2.5,
    "epsEstimated": 2.39,
    "time": "amc",
    "revenue": 645287000,
    "revenueEstimated": 636130000,
    "updatedFromDate": "2025-04-25",
    "fiscalDateEnding": "2021-03-31"
  },
  {
    "date": "2021-01-26",
    "symbol": "FFIV",
    "eps": 2.59,
    "epsEstimated": 2.5,
    "time": "amc",
    "revenue": 624617000,
    "revenueEstimated": 594271234,
    "updatedFromDate": "2025-04-25",
    "fiscalDateEnding": "2020-12-31"
  },
  {
    "date": "2020-10-26",
    "symbol": "FFIV",
    "eps": 2.43,
    "epsEstimated": 2.38,
    "time": "amc",
    "revenue": 614816000,
    "revenueEstimated": 140453222,
    "updatedFromDate": "2025-04-25",
    "fiscalDateEnding": "2020-09-30"
  },
  {
    "date": "2020-07-27",
    "symbol": "FFIV",
    "eps": 2.18,
    "epsEstimated": 2.05,
    "time": "amc",
    "revenue": 583252000,
    "revenueEstimated": 545795449,
    "updatedFromDate": "2025-04-25",
    "fiscalDateEnding": "2020-06-30"
  },
  {
    "date": "2020-04-27",
    "symbol": "FFIV",
    "eps": 2.23,
    "epsEstimated": 1.99,
    "time": "amc",
    "revenue": 583449000,
    "revenueEstimated": 512807192,
    "updatedFromDate": "2025-04-25",
    "fiscalDateEnding": "2020-03-31"
  },
  {
    "date": "2020-01-27",
    "symbol": "FFIV",
    "eps": 2.55,
    "epsEstimated": 2.43,
    "time": "amc",
    "revenue": 569305000,
    "revenueEstimated": 542514176,
    "updatedFromDate": "2025-04-25",
    "fiscalDateEnding": "2019-12-31"
  },
  {
    "date": "2019-10-23",
    "symbol": "FFIV",
    "eps": 2.59,
    "epsEstimated": 2.55,
    "time": "amc",
    "revenue": 590388000,
    "revenueEstimated": 581270038,
    "updatedFromDate": "2025-04-25",
    "fiscalDateEnding": "2019-09-30"
  },
  {
    "date": "2019-07-24",
    "symbol": "FFIV",
    "eps": 2.52,
    "epsEstimated": 2.57,
    "time": "amc",
    "revenue": 563394000,
    "revenueEstimated": 572336761,
    "updatedFromDate": "2025-04-25",
    "fiscalDateEnding": "2019-06-30"
  },
  {
    "date": "2019-04-24",
    "symbol": "FFIV",
    "eps": 2.57,
    "epsEstimated": 2.55,
    "time": "amc",
    "revenue": 544895000,
    "revenueEstimated": 540654571,
    "updatedFromDate": "2025-04-25",
    "fiscalDateEnding": "2019-03-31"
  },
  {
    "date": "2019-01-23",
    "symbol": "FFIV",
    "eps": 2.7,
    "epsEstimated": 2.53,
    "time": "amc",
    "revenue": 543770000,
    "revenueEstimated": 511546592,
    "updatedFromDate": "2025-04-25",
    "fiscalDateEnding": "2018-12-31"
  },
  {
    "date": "2018-10-24",
    "symbol": "FFIV",
    "eps": 2.9,
    "epsEstimated": 2.63,
    "time": "amc",
    "revenue": 562709000,
    "revenueEstimated": 510310689,
    "updatedFromDate": "2025-04-25",
    "fiscalDateEnding": "2018-09-30"
  },
  {
    "date": "2018-07-25",
    "symbol": "FFIV",
    "eps": 2.44,
    "epsEstimated": 2.39,
    "time": "amc",
    "revenue": 542203000,
    "revenueEstimated": 531089344,
    "updatedFromDate": "2025-04-25",
    "fiscalDateEnding": "2018-06-30"
  },
  {
    "date": "2018-04-25",
    "symbol": "FFIV",
    "eps": 2.31,
    "epsEstimated": 2.27,
    "time": "amc",
    "revenue": 533304000,
    "revenueEstimated": 524065367,
    "updatedFromDate": "2025-04-25",
    "fiscalDateEnding": "2018-03-31"
  },
  {
    "date": "2018-01-24",
    "symbol": "FFIV",
    "eps": 2.26,
    "epsEstimated": 2.04,
    "time": "amc",
    "revenue": 523191000,
    "revenueEstimated": 472269026,
    "updatedFromDate": "2025-04-25",
    "fiscalDateEnding": "2017-12-31"
  },
  {
    "date": "2017-10-25",
    "symbol": "FFIV",
    "eps": 2.44,
    "epsEstimated": 2.21,
    "time": "amc",
    "revenue": 537998000,
    "revenueEstimated": 487286885,
    "updatedFromDate": "2025-04-25",
    "fiscalDateEnding": "2017-09-30"
  },
  {
    "date": "2017-07-26",
    "symbol": "FFIV",
    "eps": 2.03,
    "epsEstimated": 2.03,
    "time": "amc",
    "revenue": 517837000,
    "revenueEstimated": 517800000,
    "updatedFromDate": "2025-04-25",
    "fiscalDateEnding": "2017-06-30"
  },
  {
    "date": "2017-04-26",
    "symbol": "FFIV",
    "eps": 1.95,
    "epsEstimated": 1.97,
    "time": "amc",
    "revenue": 518248000,
    "revenueEstimated": 523514871,
    "updatedFromDate": "2025-04-25",
    "fiscalDateEnding": "2017-03-31"
  },
  {
    "date": "2017-01-25",
    "symbol": "FFIV",
    "eps": 1.98,
    "epsEstimated": 1.93,
    "time": "amc",
    "revenue": 515958000,
    "revenueEstimated": 505575757,
    "updatedFromDate": "2025-04-25",
    "fiscalDateEnding": "2016-12-31"
  },
  {
    "date": "2016-10-26",
    "symbol": "FFIV",
    "eps": 2.11,
    "epsEstimated": 1.94,
    "time": "amc",
    "revenue": 525349000,
    "revenueEstimated": 482977251,
    "updatedFromDate": "2025-04-25",
    "fiscalDateEnding": "2016-09-30"
  },
  {
    "date": "2016-07-20",
    "symbol": "FFIV",
    "eps": 1.81,
    "epsEstimated": 1.79,
    "time": "amc",
    "revenue": 496522000,
    "revenueEstimated": 491013812,
    "updatedFromDate": "2025-04-25",
    "fiscalDateEnding": "2016-06-30"
  }
]