[
  {
    "date": "2026-04-22",
    "symbol": "FI",
    "eps": null,
    "epsEstimated": null,
    "time": "bmo",
    "revenue": null,
    "revenueEstimated": null,
    "updatedFromDate": "2025-10-02",
    "fiscalDateEnding": "2026-03-30"
  },
  {
    "date": "2026-02-03",
    "symbol": "FI",
    "eps": null,
    "epsEstimated": null,
    "time": "bmo",
    "revenue": null,
    "revenueEstimated": null,
    "updatedFromDate": "2025-10-02",
    "fiscalDateEnding": "2025-12-30"
  },
  {
    "date": "2025-10-28",
    "symbol": "FI",
    "eps": null,
    "epsEstimated": 2.66,
    "time": "bmo",
    "revenue": null,
    "revenueEstimated": null,
    "updatedFromDate": "2025-10-02",
    "fiscalDateEnding": "2025-09-30"
  },
  {
    "date": "2025-07-23",
    "symbol": "FI",
    "eps": 2.47,
    "epsEstimated": 2.43,
    "time": "bmo",
    "revenue": 5516000000,
    "revenueEstimated": 5193664207,
    "updatedFromDate": "2025-10-02",
    "fiscalDateEnding": "2025-06-30"
  },
  {
    "date": "2025-04-24",
    "symbol": "FI",
    "eps": 2.14,
    "epsEstimated": 2.08,
    "time": "bmo",
    "revenue": 5130000000,
    "revenueEstimated": 4833268540,
    "updatedFromDate": "2025-07-24",
    "fiscalDateEnding": "2025-03-31"
  },
  {
    "date": "2025-02-05",
    "symbol": "FI",
    "eps": 2.51,
    "epsEstimated": 2.48,
    "time": "bmo",
    "revenue": 5251000000,
    "revenueEstimated": 4950915493,
    "updatedFromDate": "2025-04-30",
    "fiscalDateEnding": "2024-12-31"
  },
  {
    "date": "2024-10-22",
    "symbol": "FI",
    "eps": 2.3,
    "epsEstimated": 2.26,
    "time": "bmo",
    "revenue": 5215000000,
    "revenueEstimated": 4904056919,
    "updatedFromDate": "2025-04-25",
    "fiscalDateEnding": "2024-09-30"
  },
  {
    "date": "2024-07-24",
    "symbol": "FI",
    "eps": 2.13,
    "epsEstimated": 2.1,
    "time": "bmo",
    "revenue": 5107000000,
    "revenueEstimated": 4812360500,
    "updatedFromDate": "2025-04-25",
    "fiscalDateEnding": "2024-06-30"
  },
  {
    "date": "2024-04-23",
    "symbol": "FI",
    "eps": 1.88,
    "epsEstimated": 1.79,
    "time": "bmo",
    "revenue": 4883000000,
    "revenueEstimated": 4566427708,
    "updatedFromDate": "2025-04-25",
    "fiscalDateEnding": "2024-03-31"
  },
  {
    "date": "2024-02-06",
    "symbol": "FI",
    "eps": 2.19,
    "epsEstimated": 2.15,
    "time": "bmo",
    "revenue": 4917000000,
    "revenueEstimated": 4689190000,
    "updatedFromDate": "2025-04-25",
    "fiscalDateEnding": "2023-12-31"
  },
  {
    "date": "2023-10-24",
    "symbol": "FI",
    "eps": 1.96,
    "epsEstimated": 1.93,
    "time": "bmo",
    "revenue": 4873000000,
    "revenueEstimated": 4604440000,
    "updatedFromDate": "2025-04-25",
    "fiscalDateEnding": "2023-09-30"
  },
  {
    "date": "2023-07-26",
    "symbol": "FI",
    "eps": 1.81,
    "epsEstimated": 1.81,
    "time": "bmo",
    "revenue": 4756000000,
    "revenueEstimated": 4543250000,
    "updatedFromDate": "2025-04-25",
    "fiscalDateEnding": "2023-06-30"
  },
  {
    "date": "2023-04-25",
    "symbol": "FI",
    "eps": 1.58,
    "epsEstimated": 1.57,
    "time": "bmo",
    "revenue": 4547000000,
    "revenueEstimated": 4176425843,
    "updatedFromDate": "2025-04-25",
    "fiscalDateEnding": "2023-03-31"
  },
  {
    "date": "2023-02-07",
    "symbol": "FI",
    "eps": 1.91,
    "epsEstimated": 1.91,
    "time": "bmo",
    "revenue": 4631000000,
    "revenueEstimated": 4347124111,
    "updatedFromDate": "2025-04-25",
    "fiscalDateEnding": "2022-12-31"
  },
  {
    "date": "2022-09-30",
    "symbol": "FI",
    "eps": 0.746,
    "epsEstimated": 1.69,
    "time": "bmo",
    "revenue": 4518000000,
    "revenueEstimated": 4272893228,
    "updatedFromDate": "2025-04-25",
    "fiscalDateEnding": "2022-09-30"
  },
  {
    "date": "2022-06-30",
    "symbol": "FI",
    "eps": 0.919,
    "epsEstimated": 1.55,
    "time": "bmo",
    "revenue": 4450000000,
    "revenueEstimated": 4069385353,
    "updatedFromDate": "2025-04-25",
    "fiscalDateEnding": "2022-06-30"
  },
  {
    "date": "2022-03-31",
    "symbol": "FI",
    "eps": 1.02,
    "epsEstimated": 1.35,
    "time": "bmo",
    "revenue": 4138000000,
    "revenueEstimated": 3840737052,
    "updatedFromDate": "2025-04-25",
    "fiscalDateEnding": "2022-03-31"
  },
  {
    "date": "2021-12-31",
    "symbol": "FI",
    "eps": 0.502,
    "epsEstimated": 1.56,
    "time": "bmo",
    "revenue": 4257000000,
    "revenueEstimated": 4027176225,
    "updatedFromDate": "2025-04-25",
    "fiscalDateEnding": "2021-12-31"
  },
  {
    "date": "2021-10-27",
    "symbol": "FI",
    "eps": 1.47,
    "epsEstimated": 1.44,
    "time": "bmo",
    "revenue": 4163000000,
    "revenueEstimated": null,
    "updatedFromDate": "2025-04-25",
    "fiscalDateEnding": "2021-09-30"
  },
  {
    "date": "2021-07-27",
    "symbol": "FI",
    "eps": 1.37,
    "epsEstimated": 1.29,
    "time": "bmo",
    "revenue": 4051000000,
    "revenueEstimated": 107841000,
    "updatedFromDate": "2025-04-25",
    "fiscalDateEnding": "2021-06-30"
  },
  {
    "date": "2021-04-27",
    "symbol": "FI",
    "eps": 1.17,
    "epsEstimated": 1.13,
    "time": "bmo",
    "revenue": 3755000000,
    "revenueEstimated": 96270000,
    "updatedFromDate": "2025-04-25",
    "fiscalDateEnding": "2021-03-31"
  },
  {
    "date": "2021-02-09",
    "symbol": "FI",
    "eps": 1.3,
    "epsEstimated": 1.29,
    "time": "bmo",
    "revenue": 3832000000,
    "revenueEstimated": 88200000,
    "updatedFromDate": "2025-04-25",
    "fiscalDateEnding": "2020-12-31"
  },
  {
    "date": "2020-10-27",
    "symbol": "FI",
    "eps": 1.2,
    "epsEstimated": 1.15,
    "time": "bmo",
    "revenue": 3786000000,
    "revenueEstimated": 67533600,
    "updatedFromDate": "2025-04-25",
    "fiscalDateEnding": "2020-09-30"
  },
  {
    "date": "2020-08-05",
    "symbol": "FI",
    "eps": 0.93,
    "epsEstimated": 0.94,
    "time": "bmo",
    "revenue": 3465000000,
    "revenueEstimated": 59608384,
    "updatedFromDate": "2025-04-25",
    "fiscalDateEnding": "2020-06-30"
  },
  {
    "date": "2020-05-07",
    "symbol": "FI",
    "eps": 0.99,
    "epsEstimated": 0.99,
    "time": "bmo",
    "revenue": 3769000000,
    "revenueEstimated": 123492000,
    "updatedFromDate": "2025-04-25",
    "fiscalDateEnding": "2020-03-31"
  },
  {
    "date": "2020-02-04",
    "symbol": "FI",
    "eps": 1.13,
    "epsEstimated": 1.14,
    "time": "bmo",
    "revenue": 4045000000,
    "revenueEstimated": 92960666,
    "updatedFromDate": "2025-04-25",
    "fiscalDateEnding": "2019-12-31"
  },
  {
    "date": "2019-11-06",
    "symbol": "FI",
    "eps": 1.02,
    "epsEstimated": 1.03,
    "time": "bmo",
    "revenue": 3128000000,
    "revenueEstimated": 87760625,
    "updatedFromDate": "2025-04-25",
    "fiscalDateEnding": "2019-09-30"
  },
  {
    "date": "2019-07-25",
    "symbol": "FI",
    "eps": 0.82,
    "epsEstimated": 0.8,
    "time": "bmo",
    "revenue": 1512000000,
    "revenueEstimated": 129711666,
    "updatedFromDate": "2025-04-25",
    "fiscalDateEnding": "2019-06-30"
  },
  {
    "date": "2019-04-30",
    "symbol": "FI",
    "eps": 0.84,
    "epsEstimated": 0.82,
    "time": "bmo",
    "revenue": 1502000000,
    "revenueEstimated": 114881717,
    "updatedFromDate": "2025-04-25",
    "fiscalDateEnding": "2019-03-31"
  },
  {
    "date": "2019-02-07",
    "symbol": "FI",
    "eps": 0.84,
    "epsEstimated": 0.84,
    "time": "bmo",
    "revenue": 1551000000,
    "revenueEstimated": 145853000,
    "updatedFromDate": "2025-04-25",
    "fiscalDateEnding": "2018-12-31"
  },
  {
    "date": "2018-10-31",
    "symbol": "FI",
    "eps": 0.75,
    "epsEstimated": 0.77,
    "time": "bmo",
    "revenue": 1412000000,
    "revenueEstimated": 257972000,
    "updatedFromDate": "2025-04-25",
    "fiscalDateEnding": "2018-09-30"
  },
  {
    "date": "2018-07-31",
    "symbol": "FI",
    "eps": 0.75,
    "epsEstimated": 0.74,
    "time": "bmo",
    "revenue": 1420000000,
    "revenueEstimated": 132100000,
    "updatedFromDate": "2025-04-25",
    "fiscalDateEnding": "2018-06-30"
  },
  {
    "date": "2018-05-01",
    "symbol": "FI",
    "eps": 0.76,
    "epsEstimated": 0.73,
    "time": "bmo",
    "revenue": 1440000000,
    "revenueEstimated": 70644444,
    "updatedFromDate": "2025-04-25",
    "fiscalDateEnding": "2018-03-31"
  },
  {
    "date": "2018-02-07",
    "symbol": "FI",
    "eps": 0.71,
    "epsEstimated": 0.69,
    "time": "bmo",
    "revenue": 1516000000,
    "revenueEstimated": 45499999,
    "updatedFromDate": "2025-04-25",
    "fiscalDateEnding": "2017-12-31"
  },
  {
    "date": "2017-10-31",
    "symbol": "FI",
    "eps": 0.64,
    "epsEstimated": 0.65,
    "time": "bmo",
    "revenue": 1400000000,
    "revenueEstimated": 98272727,
    "updatedFromDate": "2025-04-25",
    "fiscalDateEnding": "2017-09-30"
  },
  {
    "date": "2017-08-01",
    "symbol": "FI",
    "eps": 0.6,
    "epsEstimated": 0.62,
    "time": "bmo",
    "revenue": 1386000000,
    "revenueEstimated": 107891666,
    "updatedFromDate": "2025-04-25",
    "fiscalDateEnding": "2017-06-30"
  },
  {
    "date": "2017-04-26",
    "symbol": "FI",
    "eps": 0.63,
    "epsEstimated": 0.59,
    "time": "bmo",
    "revenue": 1394000000,
    "revenueEstimated": 101475000,
    "updatedFromDate": "2025-04-25",
    "fiscalDateEnding": "2017-03-31"
  },
  {
    "date": "2017-02-08",
    "symbol": "FI",
    "eps": 0.58,
    "epsEstimated": 0.58,
    "time": "bmo",
    "revenue": 1431000000,
    "revenueEstimated": 78000000,
    "updatedFromDate": "2025-04-25",
    "fiscalDateEnding": "2016-12-31"
  },
  {
    "date": "2016-10-26",
    "symbol": "FI",
    "eps": 0.57,
    "epsEstimated": 0.57,
    "time": "bmo",
    "revenue": 1380000000,
    "revenueEstimated": 113184615,
    "updatedFromDate": "2025-04-25",
    "fiscalDateEnding": "2016-09-30"
  },
  {
    "date": "2016-08-02",
    "symbol": "FI",
    "eps": 0.54,
    "epsEstimated": 0.54,
    "time": "bmo",
    "revenue": 1363000000,
    "revenueEstimated": 10990909,
    "updatedFromDate": "2025-04-25",
    "fiscalDateEnding": "2016-06-30"
  }
]