[
  {
    "date": "2026-04-27",
    "symbol": "FICO",
    "eps": null,
    "epsEstimated": null,
    "time": "amc",
    "revenue": null,
    "revenueEstimated": null,
    "updatedFromDate": "2025-10-02",
    "fiscalDateEnding": "2026-03-30"
  },
  {
    "date": "2026-02-02",
    "symbol": "FICO",
    "eps": null,
    "epsEstimated": null,
    "time": "amc",
    "revenue": null,
    "revenueEstimated": null,
    "updatedFromDate": "2025-10-02",
    "fiscalDateEnding": "2025-12-30"
  },
  {
    "date": "2025-11-05",
    "symbol": "FICO",
    "eps": null,
    "epsEstimated": 7.46,
    "time": "bmo",
    "revenue": null,
    "revenueEstimated": 512383870,
    "updatedFromDate": "2025-10-02",
    "fiscalDateEnding": "2025-09-30"
  },
  {
    "date": "2025-07-30",
    "symbol": "FICO",
    "eps": 8.57,
    "epsEstimated": 7.71,
    "time": "amc",
    "revenue": 536415000,
    "revenueEstimated": 515335611,
    "updatedFromDate": "2025-10-02",
    "fiscalDateEnding": "2025-06-30"
  },
  {
    "date": "2025-04-29",
    "symbol": "FICO",
    "eps": 7.81,
    "epsEstimated": 7.48,
    "time": "amc",
    "revenue": 498735000,
    "revenueEstimated": 499779646,
    "updatedFromDate": "2025-07-28",
    "fiscalDateEnding": "2025-03-31"
  },
  {
    "date": "2025-02-04",
    "symbol": "FICO",
    "eps": 5.79,
    "epsEstimated": 6.09,
    "time": "amc",
    "revenue": 439968000,
    "revenueEstimated": 452227643,
    "updatedFromDate": "2025-05-04",
    "fiscalDateEnding": "2024-12-31"
  },
  {
    "date": "2024-11-06",
    "symbol": "FICO",
    "eps": 6.54,
    "epsEstimated": 6.39,
    "time": "amc",
    "revenue": 453809000,
    "revenueEstimated": 447895818,
    "updatedFromDate": "2025-04-24",
    "fiscalDateEnding": "2024-09-30"
  },
  {
    "date": "2024-07-31",
    "symbol": "FICO",
    "eps": 5.05,
    "epsEstimated": 6.32,
    "time": "amc",
    "revenue": 447849000,
    "revenueEstimated": 445469375,
    "updatedFromDate": "2024-10-31",
    "fiscalDateEnding": "2024-06-30"
  },
  {
    "date": "2024-04-25",
    "symbol": "FICO",
    "eps": 6.14,
    "epsEstimated": 5.81,
    "time": "amc",
    "revenue": 433809000,
    "revenueEstimated": 425752000,
    "updatedFromDate": "2025-04-24",
    "fiscalDateEnding": "2024-03-31"
  },
  {
    "date": "2024-01-25",
    "symbol": "FICO",
    "eps": 4.81,
    "epsEstimated": 5.06,
    "time": "amc",
    "revenue": 382059000,
    "revenueEstimated": 390890000,
    "updatedFromDate": "2025-04-24",
    "fiscalDateEnding": "2023-12-31"
  },
  {
    "date": "2023-11-08",
    "symbol": "FICO",
    "eps": 5.01,
    "epsEstimated": 5.21,
    "time": "amc",
    "revenue": 389733000,
    "revenueEstimated": 389420000,
    "updatedFromDate": "2025-04-24",
    "fiscalDateEnding": "2023-09-30"
  },
  {
    "date": "2023-08-02",
    "symbol": "FICO",
    "eps": 5.66,
    "epsEstimated": 5.25,
    "time": "amc",
    "revenue": 398688000,
    "revenueEstimated": 389530000,
    "updatedFromDate": "2025-04-24",
    "fiscalDateEnding": "2023-06-30"
  },
  {
    "date": "2023-04-27",
    "symbol": "FICO",
    "eps": 4.78,
    "epsEstimated": 5.04,
    "time": "amc",
    "revenue": 380266000,
    "revenueEstimated": 374930000,
    "updatedFromDate": "2025-04-24",
    "fiscalDateEnding": "2023-03-31"
  },
  {
    "date": "2023-01-26",
    "symbol": "FICO",
    "eps": 4.26,
    "epsEstimated": 4.18,
    "time": "amc",
    "revenue": 344870000,
    "revenueEstimated": 344354492,
    "updatedFromDate": "2025-04-24",
    "fiscalDateEnding": "2022-12-31"
  },
  {
    "date": "2022-11-09",
    "symbol": "FICO",
    "eps": 4.4,
    "epsEstimated": 4.12,
    "time": "amc",
    "revenue": 348748000,
    "revenueEstimated": 343953800,
    "updatedFromDate": "2025-04-24",
    "fiscalDateEnding": "2022-09-30"
  },
  {
    "date": "2022-08-03",
    "symbol": "FICO",
    "eps": 4.47,
    "epsEstimated": 3.98,
    "time": "amc",
    "revenue": 348966000,
    "revenueEstimated": 342520400,
    "updatedFromDate": "2025-04-24",
    "fiscalDateEnding": "2022-06-30"
  },
  {
    "date": "2022-04-27",
    "symbol": "FICO",
    "eps": 4.68,
    "epsEstimated": 3.73,
    "time": "amc",
    "revenue": 357195000,
    "revenueEstimated": 337625400,
    "updatedFromDate": "2025-04-24",
    "fiscalDateEnding": "2022-03-31"
  },
  {
    "date": "2022-01-27",
    "symbol": "FICO",
    "eps": 3.7,
    "epsEstimated": 3.36,
    "time": "amc",
    "revenue": 322361000,
    "revenueEstimated": 339650000,
    "updatedFromDate": "2025-04-24",
    "fiscalDateEnding": "2021-12-31"
  },
  {
    "date": "2021-11-10",
    "symbol": "FICO",
    "eps": 3.92,
    "epsEstimated": 3.13,
    "time": "amc",
    "revenue": 334577000,
    "revenueEstimated": 227286485,
    "updatedFromDate": "2025-04-24",
    "fiscalDateEnding": "2021-09-30"
  },
  {
    "date": "2021-08-03",
    "symbol": "FICO",
    "eps": 3.38,
    "epsEstimated": 2.78,
    "time": "amc",
    "revenue": 338184000,
    "revenueEstimated": 328250000,
    "updatedFromDate": "2025-04-24",
    "fiscalDateEnding": "2021-06-30"
  },
  {
    "date": "2021-05-05",
    "symbol": "FICO",
    "eps": 3.06,
    "epsEstimated": 2.6,
    "time": "amc",
    "revenue": 331361000,
    "revenueEstimated": 320050000,
    "updatedFromDate": "2025-04-24",
    "fiscalDateEnding": "2021-03-31"
  },
  {
    "date": "2021-01-28",
    "symbol": "FICO",
    "eps": 2.74,
    "epsEstimated": 2.27,
    "time": "amc",
    "revenue": 312414000,
    "revenueEstimated": 319900000,
    "updatedFromDate": "2025-04-24",
    "fiscalDateEnding": "2020-12-31"
  },
  {
    "date": "2020-11-10",
    "symbol": "FICO",
    "eps": 3.25,
    "epsEstimated": 2.26,
    "time": "amc",
    "revenue": 374356000,
    "revenueEstimated": 832679888,
    "updatedFromDate": "2025-04-24",
    "fiscalDateEnding": "2020-09-30"
  },
  {
    "date": "2020-07-29",
    "symbol": "FICO",
    "eps": 2.58,
    "epsEstimated": 2.16,
    "time": "amc",
    "revenue": 313731000,
    "revenueEstimated": 262658511,
    "updatedFromDate": "2025-04-24",
    "fiscalDateEnding": "2020-06-30"
  },
  {
    "date": "2020-04-29",
    "symbol": "FICO",
    "eps": 2.14,
    "epsEstimated": 1.76,
    "time": "amc",
    "revenue": 307971000,
    "revenueEstimated": 253284560,
    "updatedFromDate": "2025-04-24",
    "fiscalDateEnding": "2020-03-31"
  },
  {
    "date": "2020-01-30",
    "symbol": "FICO",
    "eps": 1.8,
    "epsEstimated": 1.86,
    "time": "amc",
    "revenue": 298504000,
    "revenueEstimated": 308454133,
    "updatedFromDate": "2025-04-24",
    "fiscalDateEnding": "2019-12-31"
  },
  {
    "date": "2019-11-04",
    "symbol": "FICO",
    "eps": 2.01,
    "epsEstimated": 1.68,
    "time": "amc",
    "revenue": 305344000,
    "revenueEstimated": 255212895,
    "updatedFromDate": "2025-04-24",
    "fiscalDateEnding": "2019-09-30"
  },
  {
    "date": "2019-07-31",
    "symbol": "FICO",
    "eps": 2.5,
    "epsEstimated": 1.88,
    "time": "amc",
    "revenue": 314249000,
    "revenueEstimated": 236315248,
    "updatedFromDate": "2025-04-24",
    "fiscalDateEnding": "2019-06-30"
  },
  {
    "date": "2019-04-30",
    "symbol": "FICO",
    "eps": 1.56,
    "epsEstimated": 1.63,
    "time": "amc",
    "revenue": 278234000,
    "revenueEstimated": 290718858,
    "updatedFromDate": "2025-04-24",
    "fiscalDateEnding": "2019-03-31"
  },
  {
    "date": "2019-01-30",
    "symbol": "FICO",
    "eps": 1.45,
    "epsEstimated": 1.42,
    "time": "amc",
    "revenue": 262256000,
    "revenueEstimated": 256830013,
    "updatedFromDate": "2025-04-24",
    "fiscalDateEnding": "2018-12-31"
  },
  {
    "date": "2018-11-01",
    "symbol": "FICO",
    "eps": 1.89,
    "epsEstimated": 2.02,
    "time": "amc",
    "revenue": 279791000,
    "revenueEstimated": 274142857,
    "updatedFromDate": "2025-04-24",
    "fiscalDateEnding": "2018-09-30"
  },
  {
    "date": "2018-07-26",
    "symbol": "FICO",
    "eps": 1.51,
    "epsEstimated": 1.66,
    "time": "amc",
    "revenue": 259505000,
    "revenueEstimated": 275264900,
    "updatedFromDate": "2025-04-24",
    "fiscalDateEnding": "2018-06-30"
  },
  {
    "date": "2018-04-26",
    "symbol": "FICO",
    "eps": 1.54,
    "epsEstimated": 1.39,
    "time": "amc",
    "revenue": 257858000,
    "revenueEstimated": 228007142,
    "updatedFromDate": "2025-04-24",
    "fiscalDateEnding": "2018-03-31"
  },
  {
    "date": "2018-01-25",
    "symbol": "FICO",
    "eps": 1.3,
    "epsEstimated": 1.09,
    "time": "amc",
    "revenue": 235321000,
    "revenueEstimated": 194858461,
    "updatedFromDate": "2025-04-24",
    "fiscalDateEnding": "2017-12-31"
  },
  {
    "date": "2017-11-01",
    "symbol": "FICO",
    "eps": 1.65,
    "epsEstimated": 1.69,
    "time": "amc",
    "revenue": 253205000,
    "revenueEstimated": 259338181,
    "updatedFromDate": "2025-04-24",
    "fiscalDateEnding": "2017-09-30"
  },
  {
    "date": "2017-07-31",
    "symbol": "FICO",
    "eps": 1.16,
    "epsEstimated": 1.34,
    "time": "amc",
    "revenue": 230986000,
    "revenueEstimated": 274810344,
    "updatedFromDate": "2025-04-24",
    "fiscalDateEnding": "2017-06-30"
  },
  {
    "date": "2017-04-27",
    "symbol": "FICO",
    "eps": 1.05,
    "epsEstimated": 1.1,
    "time": "amc",
    "revenue": 228378000,
    "revenueEstimated": 239276190,
    "updatedFromDate": "2025-04-24",
    "fiscalDateEnding": "2017-03-31"
  },
  {
    "date": "2017-01-31",
    "symbol": "FICO",
    "eps": 1.16,
    "epsEstimated": 0.67,
    "time": "amc",
    "revenue": 219600000,
    "revenueEstimated": 136450485,
    "updatedFromDate": "2025-04-24",
    "fiscalDateEnding": "2016-12-31"
  },
  {
    "date": "2016-11-07",
    "symbol": "FICO",
    "eps": 0.89,
    "epsEstimated": 0.75,
    "time": "amc",
    "revenue": 235824000,
    "revenueEstimated": 198707865,
    "updatedFromDate": "2025-04-24",
    "fiscalDateEnding": "2016-09-30"
  },
  {
    "date": "2016-07-28",
    "symbol": "FICO",
    "eps": 1.08,
    "epsEstimated": 0.72,
    "time": "amc",
    "revenue": 238778000,
    "revenueEstimated": 159199999,
    "updatedFromDate": "2025-04-24",
    "fiscalDateEnding": "2016-06-30"
  }
]