[
  {
    "date": "2026-05-04",
    "symbol": "FIS",
    "eps": null,
    "epsEstimated": null,
    "time": "bmo",
    "revenue": null,
    "revenueEstimated": null,
    "updatedFromDate": "2025-10-02",
    "fiscalDateEnding": "2026-03-30"
  },
  {
    "date": "2026-02-09",
    "symbol": "FIS",
    "eps": null,
    "epsEstimated": null,
    "time": "bmo",
    "revenue": null,
    "revenueEstimated": null,
    "updatedFromDate": "2025-10-02",
    "fiscalDateEnding": "2025-12-30"
  },
  {
    "date": "2025-11-03",
    "symbol": "FIS",
    "eps": null,
    "epsEstimated": 1.48,
    "time": "bmo",
    "revenue": null,
    "revenueEstimated": 2654683370,
    "updatedFromDate": "2025-10-02",
    "fiscalDateEnding": "2025-09-30"
  },
  {
    "date": "2025-08-05",
    "symbol": "FIS",
    "eps": 1.36,
    "epsEstimated": 1.36,
    "time": "bmo",
    "revenue": 2616000000,
    "revenueEstimated": 2581579425,
    "updatedFromDate": "2025-10-02",
    "fiscalDateEnding": "2025-06-30"
  },
  {
    "date": "2025-05-06",
    "symbol": "FIS",
    "eps": 1.21,
    "epsEstimated": 1.2,
    "time": "bmo",
    "revenue": 2532000000,
    "revenueEstimated": 2509995052,
    "updatedFromDate": "2025-08-06",
    "fiscalDateEnding": "2025-03-31"
  },
  {
    "date": "2025-02-11",
    "symbol": "FIS",
    "eps": 1.4,
    "epsEstimated": 1.36,
    "time": "bmo",
    "revenue": 2599000000,
    "revenueEstimated": 2631318039,
    "updatedFromDate": "2025-05-11",
    "fiscalDateEnding": "2024-12-31"
  },
  {
    "date": "2024-11-04",
    "symbol": "FIS",
    "eps": 1.4,
    "epsEstimated": 1.29,
    "time": "bmo",
    "revenue": 2570000000,
    "revenueEstimated": 2562224798,
    "updatedFromDate": "2025-04-24",
    "fiscalDateEnding": "2024-09-30"
  },
  {
    "date": "2024-08-06",
    "symbol": "FIS",
    "eps": 1.36,
    "epsEstimated": 1.23,
    "time": "bmo",
    "revenue": 2489000000,
    "revenueEstimated": 2485108900,
    "updatedFromDate": "2025-04-24",
    "fiscalDateEnding": "2024-06-30"
  },
  {
    "date": "2024-05-06",
    "symbol": "FIS",
    "eps": 1.1,
    "epsEstimated": 0.964,
    "time": "amc",
    "revenue": 2467000000,
    "revenueEstimated": 2444237435,
    "updatedFromDate": "2025-04-24",
    "fiscalDateEnding": "2024-03-31"
  },
  {
    "date": "2024-02-26",
    "symbol": "FIS",
    "eps": 0.94,
    "epsEstimated": 1.19,
    "time": "bmo",
    "revenue": 2510000000,
    "revenueEstimated": 2525104726,
    "updatedFromDate": "2025-04-24",
    "fiscalDateEnding": "2023-12-31"
  },
  {
    "date": "2023-11-07",
    "symbol": "FIS",
    "eps": 0.94,
    "epsEstimated": 1.59,
    "time": "bmo",
    "revenue": 2489000000,
    "revenueEstimated": 3652250000,
    "updatedFromDate": "2025-04-24",
    "fiscalDateEnding": "2023-09-30"
  },
  {
    "date": "2023-08-02",
    "symbol": "FIS",
    "eps": 1.55,
    "epsEstimated": 1.48,
    "time": "bmo",
    "revenue": 3746000000,
    "revenueEstimated": 3707980000,
    "updatedFromDate": "2025-04-24",
    "fiscalDateEnding": "2023-06-30"
  },
  {
    "date": "2023-04-27",
    "symbol": "FIS",
    "eps": 1.29,
    "epsEstimated": 1.2,
    "time": "bmo",
    "revenue": 2397000000,
    "revenueEstimated": 3705760000,
    "updatedFromDate": "2025-04-24",
    "fiscalDateEnding": "2023-03-31"
  },
  {
    "date": "2023-02-13",
    "symbol": "FIS",
    "eps": 1.71,
    "epsEstimated": 1.7,
    "time": "bmo",
    "revenue": 3714000000,
    "revenueEstimated": 3690608461,
    "updatedFromDate": "2025-04-24",
    "fiscalDateEnding": "2022-12-31"
  },
  {
    "date": "2022-11-03",
    "symbol": "FIS",
    "eps": 1.74,
    "epsEstimated": 1.75,
    "time": "bmo",
    "revenue": 2415000000,
    "revenueEstimated": 3606659902,
    "updatedFromDate": "2025-04-24",
    "fiscalDateEnding": "2022-09-30"
  },
  {
    "date": "2022-08-04",
    "symbol": "FIS",
    "eps": 1.73,
    "epsEstimated": 1.7,
    "time": "bmo",
    "revenue": 3719000000,
    "revenueEstimated": 3666950839,
    "updatedFromDate": "2025-04-24",
    "fiscalDateEnding": "2022-06-30"
  },
  {
    "date": "2022-05-03",
    "symbol": "FIS",
    "eps": 1.47,
    "epsEstimated": 1.46,
    "time": "bmo",
    "revenue": 3492000000,
    "revenueEstimated": 3435886135,
    "updatedFromDate": "2025-04-24",
    "fiscalDateEnding": "2022-03-31"
  },
  {
    "date": "2022-02-15",
    "symbol": "FIS",
    "eps": 1.92,
    "epsEstimated": 1.89,
    "time": "bmo",
    "revenue": 3672000000,
    "revenueEstimated": 3711841234,
    "updatedFromDate": "2025-04-24",
    "fiscalDateEnding": "2021-12-31"
  },
  {
    "date": "2021-11-04",
    "symbol": "FIS",
    "eps": 1.73,
    "epsEstimated": 1.68,
    "time": "bmo",
    "revenue": 3507000000,
    "revenueEstimated": 3523620000,
    "updatedFromDate": "2025-04-24",
    "fiscalDateEnding": "2021-09-30"
  },
  {
    "date": "2021-08-03",
    "symbol": "FIS",
    "eps": 1.61,
    "epsEstimated": 1.55,
    "time": "bmo",
    "revenue": 3475000000,
    "revenueEstimated": 3475000000,
    "updatedFromDate": "2025-04-24",
    "fiscalDateEnding": "2021-06-30"
  },
  {
    "date": "2021-05-06",
    "symbol": "FIS",
    "eps": 1.3,
    "epsEstimated": 1.25,
    "time": "bmo",
    "revenue": 3223000000,
    "revenueEstimated": 3159530000,
    "updatedFromDate": "2025-04-24",
    "fiscalDateEnding": "2021-03-31"
  },
  {
    "date": "2021-02-09",
    "symbol": "FIS",
    "eps": 1.62,
    "epsEstimated": 1.56,
    "time": "bmo",
    "revenue": 3316000000,
    "revenueEstimated": 3411990000,
    "updatedFromDate": "2025-04-24",
    "fiscalDateEnding": "2020-12-31"
  },
  {
    "date": "2020-10-29",
    "symbol": "FIS",
    "eps": 1.42,
    "epsEstimated": 1.42,
    "time": "bmo",
    "revenue": 3197000000,
    "revenueEstimated": 3174485915,
    "updatedFromDate": "2025-04-24",
    "fiscalDateEnding": "2020-09-30"
  },
  {
    "date": "2020-08-04",
    "symbol": "FIS",
    "eps": 1.15,
    "epsEstimated": 1.1,
    "time": "bmo",
    "revenue": 2962000000,
    "revenueEstimated": 2833217391,
    "updatedFromDate": "2025-04-24",
    "fiscalDateEnding": "2020-06-30"
  },
  {
    "date": "2020-05-07",
    "symbol": "FIS",
    "eps": 1.28,
    "epsEstimated": 1.27,
    "time": "bmo",
    "revenue": 3078000000,
    "revenueEstimated": 3078000000,
    "updatedFromDate": "2025-04-24",
    "fiscalDateEnding": "2020-03-31"
  },
  {
    "date": "2020-02-13",
    "symbol": "FIS",
    "eps": 1.57,
    "epsEstimated": 1.54,
    "time": "bmo",
    "revenue": 3341000000,
    "revenueEstimated": 3256853503,
    "updatedFromDate": "2025-04-24",
    "fiscalDateEnding": "2019-12-31"
  },
  {
    "date": "2019-11-05",
    "symbol": "FIS",
    "eps": 1.43,
    "epsEstimated": 1.35,
    "time": "bmo",
    "revenue": 2822000000,
    "revenueEstimated": 2683860139,
    "updatedFromDate": "2025-04-24",
    "fiscalDateEnding": "2019-09-30"
  },
  {
    "date": "2019-08-06",
    "symbol": "FIS",
    "eps": 1.78,
    "epsEstimated": 1.78,
    "time": "bmo",
    "revenue": 2112000000,
    "revenueEstimated": 2891815384,
    "updatedFromDate": "2025-04-24",
    "fiscalDateEnding": "2019-06-30"
  },
  {
    "date": "2019-04-30",
    "symbol": "FIS",
    "eps": 1.64,
    "epsEstimated": 1.57,
    "time": "bmo",
    "revenue": 2057000000,
    "revenueEstimated": 2730844827,
    "updatedFromDate": "2025-04-24",
    "fiscalDateEnding": "2019-03-31"
  },
  {
    "date": "2019-02-12",
    "symbol": "FIS",
    "eps": 1.6,
    "epsEstimated": 1.58,
    "time": "bmo",
    "revenue": 2167000000,
    "revenueEstimated": 2153456250,
    "updatedFromDate": "2025-04-24",
    "fiscalDateEnding": "2018-12-31"
  },
  {
    "date": "2018-10-30",
    "symbol": "FIS",
    "eps": 1.33,
    "epsEstimated": 1.3,
    "time": "bmo",
    "revenue": 2084000000,
    "revenueEstimated": 2036992481,
    "updatedFromDate": "2025-04-24",
    "fiscalDateEnding": "2018-09-30"
  },
  {
    "date": "2018-07-31",
    "symbol": "FIS",
    "eps": 1.23,
    "epsEstimated": 1.2,
    "time": "bmo",
    "revenue": 2106000000,
    "revenueEstimated": 2071756097,
    "updatedFromDate": "2025-04-24",
    "fiscalDateEnding": "2018-06-30"
  },
  {
    "date": "2018-05-01",
    "symbol": "FIS",
    "eps": 1.09,
    "epsEstimated": 1.04,
    "time": "bmo",
    "revenue": 2066000000,
    "revenueEstimated": 1990183486,
    "updatedFromDate": "2025-04-24",
    "fiscalDateEnding": "2018-03-31"
  },
  {
    "date": "2018-02-06",
    "symbol": "FIS",
    "eps": 1.36,
    "epsEstimated": 1.34,
    "time": "bmo",
    "revenue": 2329000000,
    "revenueEstimated": 2134147058,
    "updatedFromDate": "2025-04-24",
    "fiscalDateEnding": "2017-12-31"
  },
  {
    "date": "2017-10-31",
    "symbol": "FIS",
    "eps": 1.18,
    "epsEstimated": 1.06,
    "time": "bmo",
    "revenue": 2198000000,
    "revenueEstimated": 1882847457,
    "updatedFromDate": "2025-04-24",
    "fiscalDateEnding": "2017-09-30"
  },
  {
    "date": "2017-08-02",
    "symbol": "FIS",
    "eps": 1.02,
    "epsEstimated": 0.97,
    "time": "bmo",
    "revenue": 2341000000,
    "revenueEstimated": 2147313725,
    "updatedFromDate": "2025-04-24",
    "fiscalDateEnding": "2017-06-30"
  },
  {
    "date": "2017-05-02",
    "symbol": "FIS",
    "eps": 0.86,
    "epsEstimated": 0.82,
    "time": "bmo",
    "revenue": 2255000000,
    "revenueEstimated": 2048093023,
    "updatedFromDate": "2025-04-24",
    "fiscalDateEnding": "2017-03-31"
  },
  {
    "date": "2017-02-07",
    "symbol": "FIS",
    "eps": 1.14,
    "epsEstimated": 1.14,
    "time": "bmo",
    "revenue": 2446000000,
    "revenueEstimated": 2446000000,
    "updatedFromDate": "2025-04-24",
    "fiscalDateEnding": "2016-12-31"
  },
  {
    "date": "2016-11-01",
    "symbol": "FIS",
    "eps": 1,
    "epsEstimated": 0.98,
    "time": "bmo",
    "revenue": 2309000000,
    "revenueEstimated": 2262820000,
    "updatedFromDate": "2025-04-24",
    "fiscalDateEnding": "2016-09-30"
  },
  {
    "date": "2016-07-26",
    "symbol": "FIS",
    "eps": 0.91,
    "epsEstimated": 0.86,
    "time": "bmo",
    "revenue": 2305000000,
    "revenueEstimated": 2228166666,
    "updatedFromDate": "2025-04-24",
    "fiscalDateEnding": "2016-06-30"
  }
]