[
  {
    "date": "2026-05-11",
    "symbol": "FOX",
    "eps": null,
    "epsEstimated": null,
    "time": "bmo",
    "revenue": null,
    "revenueEstimated": null,
    "updatedFromDate": "2025-10-02",
    "fiscalDateEnding": "2026-03-30"
  },
  {
    "date": "2026-02-02",
    "symbol": "FOX",
    "eps": null,
    "epsEstimated": null,
    "time": "bmo",
    "revenue": null,
    "revenueEstimated": null,
    "updatedFromDate": "2025-10-02",
    "fiscalDateEnding": "2025-12-30"
  },
  {
    "date": "2025-11-03",
    "symbol": "FOX",
    "eps": null,
    "epsEstimated": 0.98,
    "time": "bmo",
    "revenue": null,
    "revenueEstimated": null,
    "updatedFromDate": "2025-10-02",
    "fiscalDateEnding": "2025-09-30"
  },
  {
    "date": "2025-08-05",
    "symbol": "FOX",
    "eps": 1.27,
    "epsEstimated": 0.995,
    "time": "bmo",
    "revenue": 3287000000,
    "revenueEstimated": 3124590722,
    "updatedFromDate": "2025-10-02",
    "fiscalDateEnding": "2025-06-30"
  },
  {
    "date": "2025-05-12",
    "symbol": "FOX",
    "eps": 1.1,
    "epsEstimated": 0.917,
    "time": "bmo",
    "revenue": 4371000000,
    "revenueEstimated": 4202364607,
    "updatedFromDate": "2025-08-12",
    "fiscalDateEnding": "2025-03-31"
  },
  {
    "date": "2025-02-04",
    "symbol": "FOX",
    "eps": 0.96,
    "epsEstimated": 0.692,
    "time": "bmo",
    "revenue": 5078000000,
    "revenueEstimated": 4870133437,
    "updatedFromDate": "2025-05-04",
    "fiscalDateEnding": "2024-12-31"
  },
  {
    "date": "2024-11-04",
    "symbol": "FOX",
    "eps": 1.45,
    "epsEstimated": 1.13,
    "time": "bmo",
    "revenue": 3564000000,
    "revenueEstimated": 3378051393,
    "updatedFromDate": "2025-04-25",
    "fiscalDateEnding": "2024-09-30"
  },
  {
    "date": "2024-08-06",
    "symbol": "FOX",
    "eps": 0.9,
    "epsEstimated": 0.82,
    "time": "bmo",
    "revenue": 3092000000,
    "revenueEstimated": 3099520018,
    "updatedFromDate": "2025-04-25",
    "fiscalDateEnding": "2024-06-30"
  },
  {
    "date": "2024-05-08",
    "symbol": "FOX",
    "eps": 1.09,
    "epsEstimated": 0.964,
    "time": "bmo",
    "revenue": 3447000000,
    "revenueEstimated": 3447733158,
    "updatedFromDate": "2025-04-25",
    "fiscalDateEnding": "2024-03-31"
  },
  {
    "date": "2024-02-07",
    "symbol": "FOX",
    "eps": 0.34,
    "epsEstimated": 0.1272,
    "time": "bmo",
    "revenue": 4234000000,
    "revenueEstimated": 4207977076,
    "updatedFromDate": "2025-04-25",
    "fiscalDateEnding": "2023-12-31"
  },
  {
    "date": "2023-11-02",
    "symbol": "FOX",
    "eps": 1.09,
    "epsEstimated": 0.997,
    "time": "bmo",
    "revenue": 3207000000,
    "revenueEstimated": 3181077848,
    "updatedFromDate": "2025-04-25",
    "fiscalDateEnding": "2023-09-30"
  },
  {
    "date": "2023-08-08",
    "symbol": "FOX",
    "eps": 0.88,
    "epsEstimated": 0.71,
    "time": "bmo",
    "revenue": 3032000000,
    "revenueEstimated": 3025010295,
    "updatedFromDate": "2025-04-25",
    "fiscalDateEnding": "2023-06-30"
  },
  {
    "date": "2023-05-09",
    "symbol": "FOX",
    "eps": 0.94,
    "epsEstimated": 0.877,
    "time": "bmo",
    "revenue": 4084000000,
    "revenueEstimated": 4033780581,
    "updatedFromDate": "2025-04-25",
    "fiscalDateEnding": "2023-03-31"
  },
  {
    "date": "2023-02-08",
    "symbol": "FOX",
    "eps": 0.48,
    "epsEstimated": 0.4712,
    "time": "bmo",
    "revenue": 4605000000,
    "revenueEstimated": 4575005500,
    "updatedFromDate": "2025-04-25",
    "fiscalDateEnding": "2022-12-31"
  },
  {
    "date": "2022-11-01",
    "symbol": "FOX",
    "eps": 1.21,
    "epsEstimated": 1.14,
    "time": "bmo",
    "revenue": 3192000000,
    "revenueEstimated": 3172659048,
    "updatedFromDate": "2025-04-25",
    "fiscalDateEnding": "2022-09-30"
  },
  {
    "date": "2022-08-10",
    "symbol": "FOX",
    "eps": 0.74,
    "epsEstimated": 0.752,
    "time": "bmo",
    "revenue": 3033000000,
    "revenueEstimated": 3049820387,
    "updatedFromDate": "2025-04-25",
    "fiscalDateEnding": "2022-06-30"
  },
  {
    "date": "2022-05-10",
    "symbol": "FOX",
    "eps": 0.81,
    "epsEstimated": 0.857,
    "time": "bmo",
    "revenue": 3455000000,
    "revenueEstimated": 3387054064,
    "updatedFromDate": "2025-04-25",
    "fiscalDateEnding": "2022-03-31"
  },
  {
    "date": "2022-02-09",
    "symbol": "FOX",
    "eps": 0.13,
    "epsEstimated": 0.03527,
    "time": "bmo",
    "revenue": 4441000000,
    "revenueEstimated": 4254053103,
    "updatedFromDate": "2025-04-25",
    "fiscalDateEnding": "2021-12-31"
  },
  {
    "date": "2021-11-03",
    "symbol": "FOX",
    "eps": 1.11,
    "epsEstimated": null,
    "time": "amc",
    "revenue": 3045000000,
    "revenueEstimated": null,
    "updatedFromDate": "2025-04-25",
    "fiscalDateEnding": "2021-09-30"
  },
  {
    "date": "2021-08-04",
    "symbol": "FOX",
    "eps": 0.65,
    "epsEstimated": null,
    "time": "amc",
    "revenue": 2890000000,
    "revenueEstimated": 7841530000,
    "updatedFromDate": "2025-04-25",
    "fiscalDateEnding": "2021-06-30"
  },
  {
    "date": "2021-05-05",
    "symbol": "FOX",
    "eps": 0.88,
    "epsEstimated": null,
    "time": "amc",
    "revenue": 3215000000,
    "revenueEstimated": null,
    "updatedFromDate": "2025-04-25",
    "fiscalDateEnding": "2021-03-31"
  },
  {
    "date": "2021-02-09",
    "symbol": "FOX",
    "eps": 0.16,
    "epsEstimated": null,
    "time": "bmo",
    "revenue": 4087000000,
    "revenueEstimated": null,
    "updatedFromDate": "2025-04-25",
    "fiscalDateEnding": "2020-12-31"
  },
  {
    "date": "2020-11-03",
    "symbol": "FOX",
    "eps": 1.18,
    "epsEstimated": null,
    "time": "bmo",
    "revenue": 2717000000,
    "revenueEstimated": null,
    "updatedFromDate": "2025-04-25",
    "fiscalDateEnding": "2020-09-30"
  },
  {
    "date": "2020-08-04",
    "symbol": "FOX",
    "eps": 0.62,
    "epsEstimated": null,
    "time": "amc",
    "revenue": 2418000000,
    "revenueEstimated": null,
    "updatedFromDate": "2025-04-25",
    "fiscalDateEnding": "2020-06-30"
  },
  {
    "date": "2020-05-06",
    "symbol": "FOX",
    "eps": 0.93,
    "epsEstimated": null,
    "time": "amc",
    "revenue": 3440000000,
    "revenueEstimated": null,
    "updatedFromDate": "2025-04-25",
    "fiscalDateEnding": "2020-03-31"
  },
  {
    "date": "2020-02-05",
    "symbol": "FOX",
    "eps": 0.1,
    "epsEstimated": null,
    "time": "amc",
    "revenue": 3778000000,
    "revenueEstimated": null,
    "updatedFromDate": "2025-04-25",
    "fiscalDateEnding": "2019-12-31"
  },
  {
    "date": "2019-11-06",
    "symbol": "FOX",
    "eps": 0.83,
    "epsEstimated": null,
    "time": "amc",
    "revenue": 2667000000,
    "revenueEstimated": null,
    "updatedFromDate": "2025-04-25",
    "fiscalDateEnding": "2019-09-30"
  },
  {
    "date": "2019-08-07",
    "symbol": "FOX",
    "eps": 0.62,
    "epsEstimated": null,
    "time": "amc",
    "revenue": 2513000000,
    "revenueEstimated": null,
    "updatedFromDate": "2025-04-25",
    "fiscalDateEnding": "2019-06-30"
  },
  {
    "date": "2019-05-10",
    "symbol": "FOX",
    "eps": 0.852,
    "epsEstimated": null,
    "time": "bmo",
    "revenue": 2752000000,
    "revenueEstimated": null,
    "updatedFromDate": "2025-04-25",
    "fiscalDateEnding": "2019-03-31"
  },
  {
    "date": "2019-05-08",
    "symbol": "FOX",
    "eps": 0.76,
    "epsEstimated": null,
    "time": "amc",
    "revenue": 3583000000,
    "revenueEstimated": null,
    "updatedFromDate": "2025-04-25",
    "fiscalDateEnding": "2018-12-31"
  },
  {
    "date": "2018-09-29",
    "symbol": "FOX",
    "eps": 0.974,
    "epsEstimated": null,
    "time": "bmo",
    "revenue": 2541000000,
    "revenueEstimated": null,
    "updatedFromDate": "2025-04-25",
    "fiscalDateEnding": "2018-09-30"
  },
  {
    "date": "2018-06-29",
    "symbol": "FOX",
    "eps": 0.76,
    "epsEstimated": null,
    "time": "bmo",
    "revenue": 2394000000,
    "revenueEstimated": null,
    "updatedFromDate": "2025-04-25",
    "fiscalDateEnding": "2018-06-30"
  },
  {
    "date": "2018-03-30",
    "symbol": "FOX",
    "eps": 0.737,
    "epsEstimated": null,
    "time": "bmo",
    "revenue": 2463000000,
    "revenueEstimated": null,
    "updatedFromDate": "2025-04-25",
    "fiscalDateEnding": "2018-03-31"
  },
  {
    "date": "2017-12-30",
    "symbol": "FOX",
    "eps": 1.4,
    "epsEstimated": null,
    "time": "bmo",
    "revenue": 3108000000,
    "revenueEstimated": null,
    "updatedFromDate": "2025-04-25",
    "fiscalDateEnding": "2017-12-31"
  },
  {
    "date": "2017-09-29",
    "symbol": "FOX",
    "eps": 0.629,
    "epsEstimated": null,
    "time": "bmo",
    "revenue": 2188000000,
    "revenueEstimated": null,
    "updatedFromDate": "2025-04-25",
    "fiscalDateEnding": "2017-09-30"
  }
]