[
  {
    "date": "2025-10-31",
    "symbol": "FRT",
    "eps": null,
    "epsEstimated": 1.79,
    "time": "bmo",
    "revenue": null,
    "revenueEstimated": 318731530,
    "updatedFromDate": "2025-10-02",
    "fiscalDateEnding": "2025-09-30"
  },
  {
    "date": "2025-08-06",
    "symbol": "FRT",
    "eps": 1.91,
    "epsEstimated": 1.73,
    "time": "amc",
    "revenue": 311523000,
    "revenueEstimated": 314938780,
    "updatedFromDate": "2025-10-02",
    "fiscalDateEnding": "2025-06-30"
  },
  {
    "date": "2025-05-08",
    "symbol": "FRT",
    "eps": 1.7,
    "epsEstimated": 1.69,
    "time": "amc",
    "revenue": 309154000,
    "revenueEstimated": 309199100,
    "updatedFromDate": "2025-08-07",
    "fiscalDateEnding": "2025-03-31"
  },
  {
    "date": "2025-02-13",
    "symbol": "FRT",
    "eps": 1.73,
    "epsEstimated": 1.73,
    "time": "amc",
    "revenue": 311444000,
    "revenueEstimated": 307547850,
    "updatedFromDate": "2025-05-13",
    "fiscalDateEnding": "2024-12-31"
  },
  {
    "date": "2024-10-30",
    "symbol": "FRT",
    "eps": 1.71,
    "epsEstimated": 1.72,
    "time": "amc",
    "revenue": 303633000,
    "revenueEstimated": 311530220,
    "updatedFromDate": "2025-04-24",
    "fiscalDateEnding": "2024-09-30"
  },
  {
    "date": "2024-08-01",
    "symbol": "FRT",
    "eps": 1.69,
    "epsEstimated": 1.68,
    "time": "amc",
    "revenue": 296052000,
    "revenueEstimated": 300620000,
    "updatedFromDate": "2025-04-24",
    "fiscalDateEnding": "2024-06-30"
  },
  {
    "date": "2024-05-02",
    "symbol": "FRT",
    "eps": 1.64,
    "epsEstimated": 1.65,
    "time": "amc",
    "revenue": 291323000,
    "revenueEstimated": 293600000,
    "updatedFromDate": "2025-04-24",
    "fiscalDateEnding": "2024-03-31"
  },
  {
    "date": "2024-02-12",
    "symbol": "FRT",
    "eps": 1.64,
    "epsEstimated": 1.64,
    "time": "amc",
    "revenue": 291812000,
    "revenueEstimated": 290510000,
    "updatedFromDate": "2025-04-24",
    "fiscalDateEnding": "2023-12-31"
  },
  {
    "date": "2023-11-02",
    "symbol": "FRT",
    "eps": 1.65,
    "epsEstimated": 1.62,
    "time": "amc",
    "revenue": 286604000,
    "revenueEstimated": 277124361,
    "updatedFromDate": "2025-04-24",
    "fiscalDateEnding": "2023-09-30"
  },
  {
    "date": "2023-08-02",
    "symbol": "FRT",
    "eps": 1.67,
    "epsEstimated": 1.62,
    "time": "amc",
    "revenue": 280679000,
    "revenueEstimated": 276799199,
    "updatedFromDate": "2025-04-24",
    "fiscalDateEnding": "2023-06-30"
  },
  {
    "date": "2023-05-04",
    "symbol": "FRT",
    "eps": 1.59,
    "epsEstimated": 1.57,
    "time": "amc",
    "revenue": 273059000,
    "revenueEstimated": 276901958,
    "updatedFromDate": "2025-04-24",
    "fiscalDateEnding": "2023-03-31"
  },
  {
    "date": "2023-02-08",
    "symbol": "FRT",
    "eps": 1.58,
    "epsEstimated": 1.57,
    "time": "amc",
    "revenue": 280057000,
    "revenueEstimated": 283790000,
    "updatedFromDate": "2025-04-24",
    "fiscalDateEnding": "2022-12-31"
  },
  {
    "date": "2022-11-03",
    "symbol": "FRT",
    "eps": 1.89,
    "epsEstimated": 0.63,
    "time": "amc",
    "revenue": 273451000,
    "revenueEstimated": 260663611,
    "updatedFromDate": "2025-04-24",
    "fiscalDateEnding": "2022-09-30"
  },
  {
    "date": "2022-08-04",
    "symbol": "FRT",
    "eps": 1.65,
    "epsEstimated": 1.5,
    "time": "bmo",
    "revenue": 264099000,
    "revenueEstimated": 252354192,
    "updatedFromDate": "2025-04-24",
    "fiscalDateEnding": "2022-06-30"
  },
  {
    "date": "2022-05-05",
    "symbol": "FRT",
    "eps": 1.5,
    "epsEstimated": 1.44,
    "time": "bmo",
    "revenue": 256771000,
    "revenueEstimated": 249523055,
    "updatedFromDate": "2025-04-24",
    "fiscalDateEnding": "2022-03-31"
  },
  {
    "date": "2022-02-10",
    "symbol": "FRT",
    "eps": 1.44,
    "epsEstimated": 0.52,
    "time": "amc",
    "revenue": 254154000,
    "revenueEstimated": 247608282,
    "updatedFromDate": "2025-04-24",
    "fiscalDateEnding": "2021-12-31"
  },
  {
    "date": "2021-11-04",
    "symbol": "FRT",
    "eps": 1.51,
    "epsEstimated": 1.28,
    "time": "amc",
    "revenue": 247284000,
    "revenueEstimated": 227840000,
    "updatedFromDate": "2025-04-24",
    "fiscalDateEnding": "2021-09-30"
  },
  {
    "date": "2021-08-04",
    "symbol": "FRT",
    "eps": 1.41,
    "epsEstimated": 1.16,
    "time": "amc",
    "revenue": 231625000,
    "revenueEstimated": 231625000,
    "updatedFromDate": "2025-04-24",
    "fiscalDateEnding": "2021-06-30"
  },
  {
    "date": "2021-05-05",
    "symbol": "FRT",
    "eps": 1.17,
    "epsEstimated": 1.02,
    "time": "amc",
    "revenue": 218161000,
    "revenueEstimated": 207260000,
    "updatedFromDate": "2025-04-24",
    "fiscalDateEnding": "2021-03-31"
  },
  {
    "date": "2021-02-11",
    "symbol": "FRT",
    "eps": 1.22,
    "epsEstimated": 0.29,
    "time": "amc",
    "revenue": 219513000,
    "revenueEstimated": 212350000,
    "updatedFromDate": "2025-04-24",
    "fiscalDateEnding": "2020-12-31"
  },
  {
    "date": "2020-11-05",
    "symbol": "FRT",
    "eps": 1.12,
    "epsEstimated": 1.1,
    "time": "amc",
    "revenue": 208197000,
    "revenueEstimated": 213980250,
    "updatedFromDate": "2025-04-24",
    "fiscalDateEnding": "2020-09-30"
  },
  {
    "date": "2020-08-05",
    "symbol": "FRT",
    "eps": 0.77,
    "epsEstimated": 1.21,
    "time": "amc",
    "revenue": 176227000,
    "revenueEstimated": 881135000,
    "updatedFromDate": "2025-04-24",
    "fiscalDateEnding": "2020-06-30"
  },
  {
    "date": "2020-05-06",
    "symbol": "FRT",
    "eps": 1.5,
    "epsEstimated": 1.53,
    "time": "amc",
    "revenue": 231557000,
    "revenueEstimated": 238172914,
    "updatedFromDate": "2025-04-24",
    "fiscalDateEnding": "2020-03-31"
  },
  {
    "date": "2020-02-10",
    "symbol": "FRT",
    "eps": 1.92,
    "epsEstimated": 0.82,
    "time": "amc",
    "revenue": 239149000,
    "revenueEstimated": 202110068,
    "updatedFromDate": "2025-04-24",
    "fiscalDateEnding": "2019-12-31"
  },
  {
    "date": "2019-10-30",
    "symbol": "FRT",
    "eps": 1.59,
    "epsEstimated": 1.59,
    "time": "amc",
    "revenue": 233947000,
    "revenueEstimated": 225591750,
    "updatedFromDate": "2025-04-24",
    "fiscalDateEnding": "2019-09-30"
  },
  {
    "date": "2019-08-01",
    "symbol": "FRT",
    "eps": 1.6,
    "epsEstimated": 1.58,
    "time": "amc",
    "revenue": 230465000,
    "revenueEstimated": 179982190,
    "updatedFromDate": "2025-04-24",
    "fiscalDateEnding": "2019-06-30"
  },
  {
    "date": "2019-05-02",
    "symbol": "FRT",
    "eps": 1.56,
    "epsEstimated": 1.55,
    "time": "amc",
    "revenue": 232227000,
    "revenueEstimated": 223295192,
    "updatedFromDate": "2025-04-24",
    "fiscalDateEnding": "2019-03-31"
  },
  {
    "date": "2019-02-13",
    "symbol": "FRT",
    "eps": 1.57,
    "epsEstimated": 1.57,
    "time": "amc",
    "revenue": 235376000,
    "revenueEstimated": 255266929,
    "updatedFromDate": "2025-04-24",
    "fiscalDateEnding": "2018-12-31"
  },
  {
    "date": "2018-10-31",
    "symbol": "FRT",
    "eps": 1.58,
    "epsEstimated": 1.55,
    "time": "amc",
    "revenue": 229753000,
    "revenueEstimated": 221392682,
    "updatedFromDate": "2025-04-24",
    "fiscalDateEnding": "2018-09-30"
  },
  {
    "date": "2018-08-01",
    "symbol": "FRT",
    "eps": 1.55,
    "epsEstimated": 1.53,
    "time": "amc",
    "revenue": 224902000,
    "revenueEstimated": 206158333,
    "updatedFromDate": "2025-04-24",
    "fiscalDateEnding": "2018-06-30"
  },
  {
    "date": "2018-05-02",
    "symbol": "FRT",
    "eps": 1.52,
    "epsEstimated": 1.5,
    "time": "amc",
    "revenue": 225405000,
    "revenueEstimated": 217051851,
    "updatedFromDate": "2025-04-24",
    "fiscalDateEnding": "2018-03-31"
  },
  {
    "date": "2018-02-13",
    "symbol": "FRT",
    "eps": 1.47,
    "epsEstimated": 1.47,
    "time": "amc",
    "revenue": 223957000,
    "revenueEstimated": 244059701,
    "updatedFromDate": "2025-04-24",
    "fiscalDateEnding": "2017-12-31"
  },
  {
    "date": "2017-11-01",
    "symbol": "FRT",
    "eps": 1.47,
    "epsEstimated": 0.72,
    "time": "amc",
    "revenue": 217953000,
    "revenueEstimated": 170680177,
    "updatedFromDate": "2025-04-24",
    "fiscalDateEnding": "2017-09-30"
  },
  {
    "date": "2017-08-02",
    "symbol": "FRT",
    "eps": 1.05,
    "epsEstimated": 0.8,
    "time": "amc",
    "revenue": 208049000,
    "revenueEstimated": 158476190,
    "updatedFromDate": "2025-04-24",
    "fiscalDateEnding": "2017-06-30"
  },
  {
    "date": "2017-05-03",
    "symbol": "FRT",
    "eps": 1.45,
    "epsEstimated": 1.43,
    "time": "amc",
    "revenue": 207389000,
    "revenueEstimated": 207400000,
    "updatedFromDate": "2025-04-24",
    "fiscalDateEnding": "2017-03-31"
  },
  {
    "date": "2017-02-13",
    "symbol": "FRT",
    "eps": 1.45,
    "epsEstimated": 1.44,
    "time": "amc",
    "revenue": 204109000,
    "revenueEstimated": 198997500,
    "updatedFromDate": "2025-04-24",
    "fiscalDateEnding": "2016-12-31"
  },
  {
    "date": "2016-11-02",
    "symbol": "FRT",
    "eps": 1.41,
    "epsEstimated": 1.42,
    "time": "amc",
    "revenue": 201157000,
    "revenueEstimated": 186478048,
    "updatedFromDate": "2025-04-24",
    "fiscalDateEnding": "2016-09-30"
  },
  {
    "date": "2016-08-04",
    "symbol": "FRT",
    "eps": 1.42,
    "epsEstimated": 1.41,
    "time": "amc",
    "revenue": 197981000,
    "revenueEstimated": 192923076,
    "updatedFromDate": "2025-04-24",
    "fiscalDateEnding": "2016-06-30"
  },
  {
    "date": "2016-05-04",
    "symbol": "FRT",
    "eps": 1.1,
    "epsEstimated": 0.71,
    "time": "amc",
    "revenue": 198344000,
    "revenueEstimated": 127993636,
    "updatedFromDate": "2025-04-24",
    "fiscalDateEnding": "2016-03-31"
  },
  {
    "date": "2016-02-09",
    "symbol": "FRT",
    "eps": 0.97,
    "epsEstimated": 0.76,
    "time": "amc",
    "revenue": 192507000,
    "revenueEstimated": 150824742,
    "updatedFromDate": "2025-04-24",
    "fiscalDateEnding": "2015-12-31"
  }
]