[
  {
    "date": "2026-04-27",
    "symbol": "FSLR",
    "eps": null,
    "epsEstimated": null,
    "time": "amc",
    "revenue": null,
    "revenueEstimated": null,
    "updatedFromDate": "2025-10-02",
    "fiscalDateEnding": "2026-03-30"
  },
  {
    "date": "2026-02-23",
    "symbol": "FSLR",
    "eps": null,
    "epsEstimated": null,
    "time": "amc",
    "revenue": null,
    "revenueEstimated": null,
    "updatedFromDate": "2025-10-02",
    "fiscalDateEnding": "2025-12-30"
  },
  {
    "date": "2025-11-04",
    "symbol": "FSLR",
    "eps": null,
    "epsEstimated": 4.29,
    "time": "bmo",
    "revenue": null,
    "revenueEstimated": null,
    "updatedFromDate": "2025-10-02",
    "fiscalDateEnding": "2025-09-30"
  },
  {
    "date": "2025-07-31",
    "symbol": "FSLR",
    "eps": 3.18,
    "epsEstimated": 2.66,
    "time": "amc",
    "revenue": 1097170000,
    "revenueEstimated": 1041163389,
    "updatedFromDate": "2025-10-02",
    "fiscalDateEnding": "2025-06-30"
  },
  {
    "date": "2025-04-29",
    "symbol": "FSLR",
    "eps": 1.95,
    "epsEstimated": 2.49,
    "time": "amc",
    "revenue": 844568000,
    "revenueEstimated": 842509122,
    "updatedFromDate": "2025-07-29",
    "fiscalDateEnding": "2025-03-31"
  },
  {
    "date": "2025-02-25",
    "symbol": "FSLR",
    "eps": 3.65,
    "epsEstimated": 4.81,
    "time": "amc",
    "revenue": 1514031000,
    "revenueEstimated": 1483135216,
    "updatedFromDate": "2025-05-13",
    "fiscalDateEnding": "2024-12-31"
  },
  {
    "date": "2024-10-29",
    "symbol": "FSLR",
    "eps": 2.91,
    "epsEstimated": 3.14,
    "time": "amc",
    "revenue": 887668000,
    "revenueEstimated": 1062361171,
    "updatedFromDate": "2025-04-20",
    "fiscalDateEnding": "2024-09-30"
  },
  {
    "date": "2024-07-30",
    "symbol": "FSLR",
    "eps": 3.25,
    "epsEstimated": 2.69,
    "time": "amc",
    "revenue": 1010482000,
    "revenueEstimated": 939713412,
    "updatedFromDate": "2025-04-20",
    "fiscalDateEnding": "2024-06-30"
  },
  {
    "date": "2024-05-01",
    "symbol": "FSLR",
    "eps": 2.2,
    "epsEstimated": 1.99,
    "time": "amc",
    "revenue": 794108000,
    "revenueEstimated": 720300423,
    "updatedFromDate": "2025-04-20",
    "fiscalDateEnding": "2024-03-31"
  },
  {
    "date": "2024-02-27",
    "symbol": "FSLR",
    "eps": 3.25,
    "epsEstimated": 3.13,
    "time": "amc",
    "revenue": 1158553000,
    "revenueEstimated": 1317920000,
    "updatedFromDate": "2025-04-20",
    "fiscalDateEnding": "2023-12-31"
  },
  {
    "date": "2023-10-31",
    "symbol": "FSLR",
    "eps": 2.5,
    "epsEstimated": 2.06,
    "time": "amc",
    "revenue": 801090000,
    "revenueEstimated": 1320370000,
    "updatedFromDate": "2025-04-20",
    "fiscalDateEnding": "2023-09-30"
  },
  {
    "date": "2023-07-27",
    "symbol": "FSLR",
    "eps": 1.59,
    "epsEstimated": 0.96,
    "time": "amc",
    "revenue": 810673000,
    "revenueEstimated": 720550000,
    "updatedFromDate": "2025-04-20",
    "fiscalDateEnding": "2023-06-30"
  },
  {
    "date": "2023-04-27",
    "symbol": "FSLR",
    "eps": 0.4,
    "epsEstimated": 1.02,
    "time": "amc",
    "revenue": 548286000,
    "revenueEstimated": 654420000,
    "updatedFromDate": "2025-04-20",
    "fiscalDateEnding": "2023-03-31"
  },
  {
    "date": "2023-02-28",
    "symbol": "FSLR",
    "eps": -0.07,
    "epsEstimated": -0.18,
    "time": "amc",
    "revenue": 1002391000,
    "revenueEstimated": 1004651570,
    "updatedFromDate": "2025-04-20",
    "fiscalDateEnding": "2022-12-31"
  },
  {
    "date": "2022-10-27",
    "symbol": "FSLR",
    "eps": -0.46,
    "epsEstimated": -0.23,
    "time": "amc",
    "revenue": 628933000,
    "revenueEstimated": 727176208,
    "updatedFromDate": "2025-04-20",
    "fiscalDateEnding": "2022-09-30"
  },
  {
    "date": "2022-07-28",
    "symbol": "FSLR",
    "eps": 0.52,
    "epsEstimated": 0.3,
    "time": "amc",
    "revenue": 620955000,
    "revenueEstimated": 614087192,
    "updatedFromDate": "2025-04-20",
    "fiscalDateEnding": "2022-06-30"
  },
  {
    "date": "2022-04-28",
    "symbol": "FSLR",
    "eps": -0.41,
    "epsEstimated": -0.41,
    "time": "amc",
    "revenue": 367040000,
    "revenueEstimated": 588727412,
    "updatedFromDate": "2025-04-20",
    "fiscalDateEnding": "2022-03-31"
  },
  {
    "date": "2022-03-01",
    "symbol": "FSLR",
    "eps": 1.23,
    "epsEstimated": 1.06,
    "time": "amc",
    "revenue": 907319000,
    "revenueEstimated": 917694666,
    "updatedFromDate": "2025-04-20",
    "fiscalDateEnding": "2021-12-31"
  },
  {
    "date": "2021-11-04",
    "symbol": "FSLR",
    "eps": 0.42,
    "epsEstimated": 0.59,
    "time": "amc",
    "revenue": 583504000,
    "revenueEstimated": 689870000,
    "updatedFromDate": "2025-04-20",
    "fiscalDateEnding": "2021-09-30"
  },
  {
    "date": "2021-07-29",
    "symbol": "FSLR",
    "eps": 0.77,
    "epsEstimated": 0.54,
    "time": "amc",
    "revenue": 629180000,
    "revenueEstimated": 629180000,
    "updatedFromDate": "2025-04-20",
    "fiscalDateEnding": "2021-06-30"
  },
  {
    "date": "2021-04-29",
    "symbol": "FSLR",
    "eps": 1.96,
    "epsEstimated": 1,
    "time": "amc",
    "revenue": 803374000,
    "revenueEstimated": 738060000,
    "updatedFromDate": "2025-04-20",
    "fiscalDateEnding": "2021-03-31"
  },
  {
    "date": "2021-02-25",
    "symbol": "FSLR",
    "eps": 1.08,
    "epsEstimated": 1.24,
    "time": "amc",
    "revenue": 609232000,
    "revenueEstimated": 726400000,
    "updatedFromDate": "2025-04-20",
    "fiscalDateEnding": "2020-12-31"
  },
  {
    "date": "2020-10-27",
    "symbol": "FSLR",
    "eps": 1.45,
    "epsEstimated": 0.61,
    "time": "amc",
    "revenue": 927565000,
    "revenueEstimated": 390216999,
    "updatedFromDate": "2025-04-20",
    "fiscalDateEnding": "2020-09-30"
  },
  {
    "date": "2020-08-06",
    "symbol": "FSLR",
    "eps": 0.39,
    "epsEstimated": 0.23,
    "time": "amc",
    "revenue": 642411000,
    "revenueEstimated": 422155800,
    "updatedFromDate": "2025-04-20",
    "fiscalDateEnding": "2020-06-30"
  },
  {
    "date": "2020-05-07",
    "symbol": "FSLR",
    "eps": 0.85,
    "epsEstimated": 0.27,
    "time": "amc",
    "revenue": 532124000,
    "revenueEstimated": 169027623,
    "updatedFromDate": "2025-04-20",
    "fiscalDateEnding": "2020-03-31"
  },
  {
    "date": "2020-02-20",
    "symbol": "FSLR",
    "eps": 2.02,
    "epsEstimated": 2.79,
    "time": "amc",
    "revenue": 1399377000,
    "revenueEstimated": 1884309623,
    "updatedFromDate": "2025-04-20",
    "fiscalDateEnding": "2019-12-31"
  },
  {
    "date": "2019-10-24",
    "symbol": "FSLR",
    "eps": 0.29,
    "epsEstimated": 1.15,
    "time": "amc",
    "revenue": 546806000,
    "revenueEstimated": 2168368620,
    "updatedFromDate": "2025-04-20",
    "fiscalDateEnding": "2019-09-30"
  },
  {
    "date": "2019-08-01",
    "symbol": "FSLR",
    "eps": -0.18,
    "epsEstimated": -0.02144,
    "time": "amc",
    "revenue": 584956000,
    "revenueEstimated": 97492666,
    "updatedFromDate": "2025-04-20",
    "fiscalDateEnding": "2019-06-30"
  },
  {
    "date": "2019-05-02",
    "symbol": "FSLR",
    "eps": -0.64,
    "epsEstimated": -0.13,
    "time": "amc",
    "revenue": 531978000,
    "revenueEstimated": 116370187,
    "updatedFromDate": "2025-04-20",
    "fiscalDateEnding": "2019-03-31"
  },
  {
    "date": "2019-02-21",
    "symbol": "FSLR",
    "eps": 0.49,
    "epsEstimated": 0.64,
    "time": "amc",
    "revenue": 691241000,
    "revenueEstimated": 902845387,
    "updatedFromDate": "2025-04-20",
    "fiscalDateEnding": "2018-12-31"
  },
  {
    "date": "2018-10-25",
    "symbol": "FSLR",
    "eps": 0.54,
    "epsEstimated": 0.41,
    "time": "amc",
    "revenue": 676220000,
    "revenueEstimated": 513426296,
    "updatedFromDate": "2025-04-20",
    "fiscalDateEnding": "2018-09-30"
  },
  {
    "date": "2018-07-26",
    "symbol": "FSLR",
    "eps": -0.46,
    "epsEstimated": -0.02118,
    "time": "amc",
    "revenue": 309318000,
    "revenueEstimated": 13448608,
    "updatedFromDate": "2025-04-20",
    "fiscalDateEnding": "2018-06-30"
  },
  {
    "date": "2018-04-26",
    "symbol": "FSLR",
    "eps": 0.78,
    "epsEstimated": -0.08,
    "time": "amc",
    "revenue": 567265000,
    "revenueEstimated": 58181025,
    "updatedFromDate": "2025-04-20",
    "fiscalDateEnding": "2018-03-31"
  },
  {
    "date": "2018-02-22",
    "symbol": "FSLR",
    "eps": -0.25,
    "epsEstimated": -0.32,
    "time": "amc",
    "revenue": 339181000,
    "revenueEstimated": 420584440,
    "updatedFromDate": "2025-04-20",
    "fiscalDateEnding": "2017-12-31"
  },
  {
    "date": "2017-10-26",
    "symbol": "FSLR",
    "eps": 1.95,
    "epsEstimated": 0.84,
    "time": "amc",
    "revenue": 1087026000,
    "revenueEstimated": 864768003,
    "updatedFromDate": "2025-04-20",
    "fiscalDateEnding": "2017-09-30"
  },
  {
    "date": "2017-07-27",
    "symbol": "FSLR",
    "eps": 0.64,
    "epsEstimated": 0.03785,
    "time": "amc",
    "revenue": 623326000,
    "revenueEstimated": 38957875,
    "updatedFromDate": "2025-04-20",
    "fiscalDateEnding": "2017-06-30"
  },
  {
    "date": "2017-05-02",
    "symbol": "FSLR",
    "eps": 0.25,
    "epsEstimated": -0.13,
    "time": "amc",
    "revenue": 891791000,
    "revenueEstimated": 463731320,
    "updatedFromDate": "2025-04-20",
    "fiscalDateEnding": "2017-03-31"
  },
  {
    "date": "2017-02-21",
    "symbol": "FSLR",
    "eps": 1.24,
    "epsEstimated": 0.97,
    "time": "amc",
    "revenue": 480434000,
    "revenueEstimated": 375823370,
    "updatedFromDate": "2025-04-20",
    "fiscalDateEnding": "2016-12-31"
  },
  {
    "date": "2016-11-02",
    "symbol": "FSLR",
    "eps": 1.22,
    "epsEstimated": 0.74,
    "time": "amc",
    "revenue": 688029000,
    "revenueEstimated": 598306297,
    "updatedFromDate": "2025-04-20",
    "fiscalDateEnding": "2016-09-30"
  },
  {
    "date": "2016-08-03",
    "symbol": "FSLR",
    "eps": 0.87,
    "epsEstimated": 0.58,
    "time": "amc",
    "revenue": 934381000,
    "revenueEstimated": 590700632,
    "updatedFromDate": "2025-04-20",
    "fiscalDateEnding": "2016-06-30"
  }
]