[
  {
    "date": "2026-05-05",
    "symbol": "FTNT",
    "eps": null,
    "epsEstimated": null,
    "time": "amc",
    "revenue": null,
    "revenueEstimated": null,
    "updatedFromDate": "2025-09-30",
    "fiscalDateEnding": "2026-03-30"
  },
  {
    "date": "2026-02-04",
    "symbol": "FTNT",
    "eps": null,
    "epsEstimated": null,
    "time": "amc",
    "revenue": null,
    "revenueEstimated": null,
    "updatedFromDate": "2025-09-30",
    "fiscalDateEnding": "2025-12-30"
  },
  {
    "date": "2025-11-06",
    "symbol": "FTNT",
    "eps": null,
    "epsEstimated": 0.63,
    "time": "bmo",
    "revenue": null,
    "revenueEstimated": 1704750670,
    "updatedFromDate": "2025-09-30",
    "fiscalDateEnding": "2025-09-30"
  },
  {
    "date": "2025-08-06",
    "symbol": "FTNT",
    "eps": 0.64,
    "epsEstimated": 0.59,
    "time": "amc",
    "revenue": 1630000000,
    "revenueEstimated": 1625077101,
    "updatedFromDate": "2025-09-30",
    "fiscalDateEnding": "2025-06-30"
  },
  {
    "date": "2025-05-07",
    "symbol": "FTNT",
    "eps": 0.58,
    "epsEstimated": 0.531,
    "time": "amc",
    "revenue": 1539700000,
    "revenueEstimated": 1538489501,
    "updatedFromDate": "2025-08-07",
    "fiscalDateEnding": "2025-03-31"
  },
  {
    "date": "2025-02-06",
    "symbol": "FTNT",
    "eps": 0.74,
    "epsEstimated": 0.6,
    "time": "amc",
    "revenue": 1660100000,
    "revenueEstimated": 1592625790,
    "updatedFromDate": "2025-05-06",
    "fiscalDateEnding": "2024-12-31"
  },
  {
    "date": "2024-11-07",
    "symbol": "FTNT",
    "eps": 0.63,
    "epsEstimated": 0.52,
    "time": "amc",
    "revenue": 1508100000,
    "revenueEstimated": 1479698979,
    "updatedFromDate": "2025-04-25",
    "fiscalDateEnding": "2024-09-30"
  },
  {
    "date": "2024-08-06",
    "symbol": "FTNT",
    "eps": 0.57,
    "epsEstimated": 0.41,
    "time": "amc",
    "revenue": 1434300000,
    "revenueEstimated": 1404891079,
    "updatedFromDate": "2025-04-25",
    "fiscalDateEnding": "2024-06-30"
  },
  {
    "date": "2024-05-02",
    "symbol": "FTNT",
    "eps": 0.43,
    "epsEstimated": 0.38,
    "time": "amc",
    "revenue": 1353300000,
    "revenueEstimated": 1338062943,
    "updatedFromDate": "2025-04-25",
    "fiscalDateEnding": "2024-03-31"
  },
  {
    "date": "2024-02-06",
    "symbol": "FTNT",
    "eps": 0.51,
    "epsEstimated": 0.43,
    "time": "amc",
    "revenue": 1415100000,
    "revenueEstimated": 1409130437,
    "updatedFromDate": "2025-04-25",
    "fiscalDateEnding": "2023-12-31"
  },
  {
    "date": "2023-11-02",
    "symbol": "FTNT",
    "eps": 0.41,
    "epsEstimated": 0.36,
    "time": "amc",
    "revenue": 1334600000,
    "revenueEstimated": 1348830000,
    "updatedFromDate": "2025-04-25",
    "fiscalDateEnding": "2023-09-30"
  },
  {
    "date": "2023-08-03",
    "symbol": "FTNT",
    "eps": 0.38,
    "epsEstimated": 0.34,
    "time": "amc",
    "revenue": 1292800000,
    "revenueEstimated": 1304380000,
    "updatedFromDate": "2025-04-25",
    "fiscalDateEnding": "2023-06-30"
  },
  {
    "date": "2023-05-04",
    "symbol": "FTNT",
    "eps": 0.34,
    "epsEstimated": 0.29,
    "time": "amc",
    "revenue": 1262300000,
    "revenueEstimated": 1200630000,
    "updatedFromDate": "2025-04-25",
    "fiscalDateEnding": "2023-03-31"
  },
  {
    "date": "2023-02-07",
    "symbol": "FTNT",
    "eps": 0.44,
    "epsEstimated": 0.39,
    "time": "amc",
    "revenue": 1283000000,
    "revenueEstimated": 1295295643,
    "updatedFromDate": "2025-04-25",
    "fiscalDateEnding": "2022-12-31"
  },
  {
    "date": "2022-11-02",
    "symbol": "FTNT",
    "eps": 0.33,
    "epsEstimated": 0.27,
    "time": "amc",
    "revenue": 1149500000,
    "revenueEstimated": 1124558750,
    "updatedFromDate": "2025-04-25",
    "fiscalDateEnding": "2022-09-30"
  },
  {
    "date": "2022-08-03",
    "symbol": "FTNT",
    "eps": 0.24,
    "epsEstimated": 0.22,
    "time": "amc",
    "revenue": 1030100000,
    "revenueEstimated": 1026702524,
    "updatedFromDate": "2025-04-25",
    "fiscalDateEnding": "2022-06-30"
  },
  {
    "date": "2022-05-04",
    "symbol": "FTNT",
    "eps": 0.19,
    "epsEstimated": 0.16,
    "time": "amc",
    "revenue": 954800000,
    "revenueEstimated": 884926131,
    "updatedFromDate": "2025-04-25",
    "fiscalDateEnding": "2022-03-31"
  },
  {
    "date": "2022-02-03",
    "symbol": "FTNT",
    "eps": 0.25,
    "epsEstimated": 0.23,
    "time": "amc",
    "revenue": 963600000,
    "revenueEstimated": 960237579,
    "updatedFromDate": "2025-04-25",
    "fiscalDateEnding": "2021-12-31"
  },
  {
    "date": "2021-11-04",
    "symbol": "FTNT",
    "eps": 0.2,
    "epsEstimated": 0.19,
    "time": "amc",
    "revenue": 867200000,
    "revenueEstimated": 810540000,
    "updatedFromDate": "2025-04-25",
    "fiscalDateEnding": "2021-09-30"
  },
  {
    "date": "2021-07-29",
    "symbol": "FTNT",
    "eps": 0.19,
    "epsEstimated": 0.18,
    "time": "amc",
    "revenue": 801100000,
    "revenueEstimated": 801100000,
    "updatedFromDate": "2025-04-25",
    "fiscalDateEnding": "2021-06-30"
  },
  {
    "date": "2021-04-29",
    "symbol": "FTNT",
    "eps": 0.16,
    "epsEstimated": 0.15,
    "time": "amc",
    "revenue": 710300000,
    "revenueEstimated": 681270000,
    "updatedFromDate": "2025-04-25",
    "fiscalDateEnding": "2021-03-31"
  },
  {
    "date": "2021-02-04",
    "symbol": "FTNT",
    "eps": 0.21,
    "epsEstimated": 0.19,
    "time": "amc",
    "revenue": 748000000,
    "revenueEstimated": 678597938,
    "updatedFromDate": "2025-04-25",
    "fiscalDateEnding": "2020-12-31"
  },
  {
    "date": "2020-10-29",
    "symbol": "FTNT",
    "eps": 0.18,
    "epsEstimated": 0.16,
    "time": "amc",
    "revenue": 651100000,
    "revenueEstimated": 577022727,
    "updatedFromDate": "2025-04-25",
    "fiscalDateEnding": "2020-09-30"
  },
  {
    "date": "2020-08-06",
    "symbol": "FTNT",
    "eps": 0.16,
    "epsEstimated": 0.13,
    "time": "amc",
    "revenue": 615500000,
    "revenueEstimated": 487896341,
    "updatedFromDate": "2025-04-25",
    "fiscalDateEnding": "2020-06-30"
  },
  {
    "date": "2020-05-06",
    "symbol": "FTNT",
    "eps": 0.12,
    "epsEstimated": 0.1,
    "time": "amc",
    "revenue": 576900000,
    "revenueEstimated": 490365000,
    "updatedFromDate": "2025-04-25",
    "fiscalDateEnding": "2020-03-31"
  },
  {
    "date": "2020-02-06",
    "symbol": "FTNT",
    "eps": 0.15,
    "epsEstimated": 0.14,
    "time": "amc",
    "revenue": 614400000,
    "revenueEstimated": 565894736,
    "updatedFromDate": "2025-04-25",
    "fiscalDateEnding": "2019-12-31"
  },
  {
    "date": "2019-10-31",
    "symbol": "FTNT",
    "eps": 0.13,
    "epsEstimated": 0.11,
    "time": "amc",
    "revenue": 547500000,
    "revenueEstimated": 457611940,
    "updatedFromDate": "2025-04-25",
    "fiscalDateEnding": "2019-09-30"
  },
  {
    "date": "2019-08-01",
    "symbol": "FTNT",
    "eps": 0.12,
    "epsEstimated": 0.1,
    "time": "amc",
    "revenue": 521700000,
    "revenueEstimated": 449741379,
    "updatedFromDate": "2025-04-25",
    "fiscalDateEnding": "2019-06-30"
  },
  {
    "date": "2019-05-02",
    "symbol": "FTNT",
    "eps": 0.09,
    "epsEstimated": 0.08,
    "time": "amc",
    "revenue": 472600000,
    "revenueEstimated": 400682608,
    "updatedFromDate": "2025-04-25",
    "fiscalDateEnding": "2019-03-31"
  },
  {
    "date": "2019-02-06",
    "symbol": "FTNT",
    "eps": 0.12,
    "epsEstimated": 0.1,
    "time": "amc",
    "revenue": 507000000,
    "revenueEstimated": 446847457,
    "updatedFromDate": "2025-04-25",
    "fiscalDateEnding": "2018-12-31"
  },
  {
    "date": "2018-11-01",
    "symbol": "FTNT",
    "eps": 0.09,
    "epsEstimated": 0.08,
    "time": "amc",
    "revenue": 453900000,
    "revenueEstimated": 389057142,
    "updatedFromDate": "2025-04-25",
    "fiscalDateEnding": "2018-09-30"
  },
  {
    "date": "2018-08-01",
    "symbol": "FTNT",
    "eps": 0.08,
    "epsEstimated": 0.07,
    "time": "amc",
    "revenue": 441300000,
    "revenueEstimated": 387482926,
    "updatedFromDate": "2025-04-25",
    "fiscalDateEnding": "2018-06-30"
  },
  {
    "date": "2018-05-03",
    "symbol": "FTNT",
    "eps": 0.07,
    "epsEstimated": 0.05,
    "time": "amc",
    "revenue": 399000000,
    "revenueEstimated": 290181818,
    "updatedFromDate": "2025-04-25",
    "fiscalDateEnding": "2018-03-31"
  },
  {
    "date": "2018-02-05",
    "symbol": "FTNT",
    "eps": 0.06,
    "epsEstimated": 0.06,
    "time": "amc",
    "revenue": 416668000,
    "revenueEstimated": 377634374,
    "updatedFromDate": "2025-04-25",
    "fiscalDateEnding": "2017-12-31"
  },
  {
    "date": "2017-10-26",
    "symbol": "FTNT",
    "eps": 0.06,
    "epsEstimated": 0.05,
    "time": "amc",
    "revenue": 374217000,
    "revenueEstimated": 307378571,
    "updatedFromDate": "2025-04-25",
    "fiscalDateEnding": "2017-09-30"
  },
  {
    "date": "2017-07-26",
    "symbol": "FTNT",
    "eps": 0.05,
    "epsEstimated": 0.03675,
    "time": "amc",
    "revenue": 363469000,
    "revenueEstimated": 269259259,
    "updatedFromDate": "2025-04-25",
    "fiscalDateEnding": "2017-06-30"
  },
  {
    "date": "2017-04-27",
    "symbol": "FTNT",
    "eps": 0.03,
    "epsEstimated": 0.02722,
    "time": "amc",
    "revenue": 340576000,
    "revenueEstimated": 300529411,
    "updatedFromDate": "2025-04-25",
    "fiscalDateEnding": "2017-03-31"
  },
  {
    "date": "2017-02-02",
    "symbol": "FTNT",
    "eps": 0.06,
    "epsEstimated": 0.04107,
    "time": "amc",
    "revenue": 362830000,
    "revenueEstimated": 253959999,
    "updatedFromDate": "2025-04-25",
    "fiscalDateEnding": "2016-12-31"
  },
  {
    "date": "2016-10-27",
    "symbol": "FTNT",
    "eps": 0.04,
    "epsEstimated": 0.03414,
    "time": "amc",
    "revenue": 316646000,
    "revenueEstimated": 263833333,
    "updatedFromDate": "2025-04-25",
    "fiscalDateEnding": "2016-09-30"
  },
  {
    "date": "2016-07-28",
    "symbol": "FTNT",
    "eps": 0.03,
    "epsEstimated": 0.03015,
    "time": "amc",
    "revenue": 311391000,
    "revenueEstimated": 311400000,
    "updatedFromDate": "2025-04-25",
    "fiscalDateEnding": "2016-06-30"
  }
]