[
  {
    "date": "2026-04-29",
    "symbol": "FTV",
    "eps": null,
    "epsEstimated": null,
    "time": "bmo",
    "revenue": null,
    "revenueEstimated": null,
    "updatedFromDate": "2025-10-02",
    "fiscalDateEnding": "2026-03-27"
  },
  {
    "date": "2026-02-05",
    "symbol": "FTV",
    "eps": null,
    "epsEstimated": null,
    "time": "bmo",
    "revenue": null,
    "revenueEstimated": null,
    "updatedFromDate": "2025-10-02",
    "fiscalDateEnding": "2025-12-27"
  },
  {
    "date": "2025-10-29",
    "symbol": "FTV",
    "eps": null,
    "epsEstimated": 0.58,
    "time": "bmo",
    "revenue": null,
    "revenueEstimated": 1010718330,
    "updatedFromDate": "2025-10-02",
    "fiscalDateEnding": "2025-09-27"
  },
  {
    "date": "2025-07-30",
    "symbol": "FTV",
    "eps": 0.58,
    "epsEstimated": 0.585,
    "time": "bmo",
    "revenue": 1518800000,
    "revenueEstimated": 1013400080,
    "updatedFromDate": "2025-10-02",
    "fiscalDateEnding": "2025-06-27"
  },
  {
    "date": "2025-05-01",
    "symbol": "FTV",
    "eps": 0.85,
    "epsEstimated": 0.641,
    "time": "bmo",
    "revenue": 1474200000,
    "revenueEstimated": 1492779213,
    "updatedFromDate": "2025-08-01",
    "fiscalDateEnding": "2025-03-28"
  },
  {
    "date": "2025-02-07",
    "symbol": "FTV",
    "eps": 1.17,
    "epsEstimated": 1.12,
    "time": "bmo",
    "revenue": 1620300000,
    "revenueEstimated": 1629023930,
    "updatedFromDate": "2025-05-07",
    "fiscalDateEnding": "2024-12-31"
  },
  {
    "date": "2024-10-30",
    "symbol": "FTV",
    "eps": 0.97,
    "epsEstimated": 0.931,
    "time": "bmo",
    "revenue": 1534600000,
    "revenueEstimated": 1552842432,
    "updatedFromDate": "2025-04-25",
    "fiscalDateEnding": "2024-09-27"
  },
  {
    "date": "2024-07-24",
    "symbol": "FTV",
    "eps": 0.93,
    "epsEstimated": 0.919,
    "time": "bmo",
    "revenue": 1552400000,
    "revenueEstimated": 1565690724,
    "updatedFromDate": "2025-04-25",
    "fiscalDateEnding": "2024-06-28"
  },
  {
    "date": "2024-04-24",
    "symbol": "FTV",
    "eps": 0.83,
    "epsEstimated": 0.797,
    "time": "bmo",
    "revenue": 1524500000,
    "revenueEstimated": 1527671747,
    "updatedFromDate": "2025-04-25",
    "fiscalDateEnding": "2024-03-29"
  },
  {
    "date": "2024-01-31",
    "symbol": "FTV",
    "eps": 0.98,
    "epsEstimated": 0.93,
    "time": "bmo",
    "revenue": 947500000,
    "revenueEstimated": 1564700000,
    "updatedFromDate": "2025-04-25",
    "fiscalDateEnding": "2023-12-31"
  },
  {
    "date": "2023-10-25",
    "symbol": "FTV",
    "eps": 0.85,
    "epsEstimated": 0.86,
    "time": "bmo",
    "revenue": 1494500000,
    "revenueEstimated": 1518960000,
    "updatedFromDate": "2025-04-25",
    "fiscalDateEnding": "2023-09-29"
  },
  {
    "date": "2023-07-26",
    "symbol": "FTV",
    "eps": 0.85,
    "epsEstimated": 0.81,
    "time": "bmo",
    "revenue": 1526400000,
    "revenueEstimated": 1507580000,
    "updatedFromDate": "2025-04-25",
    "fiscalDateEnding": "2023-06-30"
  },
  {
    "date": "2023-04-26",
    "symbol": "FTV",
    "eps": 0.75,
    "epsEstimated": 0.73,
    "time": "bmo",
    "revenue": 1460700000,
    "revenueEstimated": 1422190000,
    "updatedFromDate": "2025-04-25",
    "fiscalDateEnding": "2023-03-31"
  },
  {
    "date": "2023-02-01",
    "symbol": "FTV",
    "eps": 0.88,
    "epsEstimated": 0.84,
    "time": "bmo",
    "revenue": 1529900000,
    "revenueEstimated": 1501584236,
    "updatedFromDate": "2025-04-25",
    "fiscalDateEnding": "2022-12-31"
  },
  {
    "date": "2022-10-26",
    "symbol": "FTV",
    "eps": 0.79,
    "epsEstimated": 0.76,
    "time": "bmo",
    "revenue": 1456000000,
    "revenueEstimated": 1442770240,
    "updatedFromDate": "2025-04-25",
    "fiscalDateEnding": "2022-09-30"
  },
  {
    "date": "2022-07-28",
    "symbol": "FTV",
    "eps": 0.78,
    "epsEstimated": 0.72,
    "time": "bmo",
    "revenue": 1463300000,
    "revenueEstimated": 1403453118,
    "updatedFromDate": "2025-04-25",
    "fiscalDateEnding": "2022-07-01"
  },
  {
    "date": "2022-04-28",
    "symbol": "FTV",
    "eps": 0.7,
    "epsEstimated": 0.68,
    "time": "bmo",
    "revenue": 1376500000,
    "revenueEstimated": 1347020330,
    "updatedFromDate": "2025-04-25",
    "fiscalDateEnding": "2022-04-01"
  },
  {
    "date": "2022-02-03",
    "symbol": "FTV",
    "eps": 0.79,
    "epsEstimated": 0.78,
    "time": "bmo",
    "revenue": 1374800000,
    "revenueEstimated": 1437606094,
    "updatedFromDate": "2025-04-25",
    "fiscalDateEnding": "2021-12-31"
  },
  {
    "date": "2021-10-28",
    "symbol": "FTV",
    "eps": 0.66,
    "epsEstimated": 0.65,
    "time": "amc",
    "revenue": 1299500000,
    "revenueEstimated": 1317660000,
    "updatedFromDate": "2025-04-25",
    "fiscalDateEnding": "2021-10-01"
  },
  {
    "date": "2021-07-29",
    "symbol": "FTV",
    "eps": 0.66,
    "epsEstimated": 0.61,
    "time": "amc",
    "revenue": 1319700000,
    "revenueEstimated": 1319700000,
    "updatedFromDate": "2025-04-25",
    "fiscalDateEnding": "2021-07-02"
  },
  {
    "date": "2021-04-29",
    "symbol": "FTV",
    "eps": 0.63,
    "epsEstimated": 0.6,
    "time": "amc",
    "revenue": 1259200000,
    "revenueEstimated": 1219330000,
    "updatedFromDate": "2025-04-25",
    "fiscalDateEnding": "2021-04-02"
  },
  {
    "date": "2021-02-04",
    "symbol": "FTV",
    "eps": 0.7,
    "epsEstimated": 0.61,
    "time": "amc",
    "revenue": 1324900000,
    "revenueEstimated": 1288020000,
    "updatedFromDate": "2025-04-25",
    "fiscalDateEnding": "2020-12-31"
  },
  {
    "date": "2020-10-27",
    "symbol": "FTV",
    "eps": 0.94,
    "epsEstimated": 0.88,
    "time": "amc",
    "revenue": 1902300000,
    "revenueEstimated": 1749241379,
    "updatedFromDate": "2025-04-25",
    "fiscalDateEnding": "2020-09-25"
  },
  {
    "date": "2020-07-28",
    "symbol": "FTV",
    "eps": 0.68,
    "epsEstimated": 0.58,
    "time": "amc",
    "revenue": 1571200000,
    "revenueEstimated": 1340141176,
    "updatedFromDate": "2025-04-25",
    "fiscalDateEnding": "2020-06-26"
  },
  {
    "date": "2020-04-30",
    "symbol": "FTV",
    "eps": 0.74,
    "epsEstimated": 0.72,
    "time": "amc",
    "revenue": 1713500000,
    "revenueEstimated": 1644033783,
    "updatedFromDate": "2025-04-25",
    "fiscalDateEnding": "2020-03-27"
  },
  {
    "date": "2020-02-06",
    "symbol": "FTV",
    "eps": 1.03,
    "epsEstimated": 0.97,
    "time": "amc",
    "revenue": 2002400000,
    "revenueEstimated": 1885755339,
    "updatedFromDate": "2025-04-25",
    "fiscalDateEnding": "2019-12-31"
  },
  {
    "date": "2019-10-24",
    "symbol": "FTV",
    "eps": 0.87,
    "epsEstimated": 0.87,
    "time": "amc",
    "revenue": 1860000000,
    "revenueEstimated": 1860000000,
    "updatedFromDate": "2025-04-25",
    "fiscalDateEnding": "2019-09-27"
  },
  {
    "date": "2019-07-25",
    "symbol": "FTV",
    "eps": 0.9,
    "epsEstimated": 0.89,
    "time": "amc",
    "revenue": 1864700000,
    "revenueEstimated": 1864700000,
    "updatedFromDate": "2025-04-25",
    "fiscalDateEnding": "2019-06-28"
  },
  {
    "date": "2019-04-25",
    "symbol": "FTV",
    "eps": 0.69,
    "epsEstimated": 0.68,
    "time": "amc",
    "revenue": 1592900000,
    "revenueEstimated": 1592900000,
    "updatedFromDate": "2025-04-25",
    "fiscalDateEnding": "2019-03-29"
  },
  {
    "date": "2019-02-07",
    "symbol": "FTV",
    "eps": 0.91,
    "epsEstimated": 0.86,
    "time": "amc",
    "revenue": 1757500000,
    "revenueEstimated": 948917582,
    "updatedFromDate": "2025-04-25",
    "fiscalDateEnding": "2018-12-31"
  },
  {
    "date": "2018-10-25",
    "symbol": "FTV",
    "eps": 0.86,
    "epsEstimated": 0.88,
    "time": "amc",
    "revenue": 1840100000,
    "revenueEstimated": 1882491891,
    "updatedFromDate": "2025-04-25",
    "fiscalDateEnding": "2018-09-28"
  },
  {
    "date": "2018-07-26",
    "symbol": "FTV",
    "eps": 0.91,
    "epsEstimated": 0.89,
    "time": "amc",
    "revenue": 1856000000,
    "revenueEstimated": 1875792105,
    "updatedFromDate": "2025-04-25",
    "fiscalDateEnding": "2018-06-29"
  },
  {
    "date": "2018-04-26",
    "symbol": "FTV",
    "eps": 0.78,
    "epsEstimated": 0.75,
    "time": "amc",
    "revenue": 1740700000,
    "revenueEstimated": 1721769230,
    "updatedFromDate": "2025-04-25",
    "fiscalDateEnding": "2018-03-30"
  },
  {
    "date": "2018-02-08",
    "symbol": "FTV",
    "eps": 0.82,
    "epsEstimated": 0.78,
    "time": "amc",
    "revenue": 1806700000,
    "revenueEstimated": 862565853,
    "updatedFromDate": "2025-04-25",
    "fiscalDateEnding": "2017-12-31"
  },
  {
    "date": "2017-10-26",
    "symbol": "FTV",
    "eps": 0.77,
    "epsEstimated": 0.73,
    "time": "amc",
    "revenue": 1685300000,
    "revenueEstimated": 1597751948,
    "updatedFromDate": "2025-04-25",
    "fiscalDateEnding": "2017-09-29"
  },
  {
    "date": "2017-07-27",
    "symbol": "FTV",
    "eps": 0.71,
    "epsEstimated": 0.69,
    "time": "amc",
    "revenue": 1628800000,
    "revenueEstimated": 1582918309,
    "updatedFromDate": "2025-04-25",
    "fiscalDateEnding": "2017-06-30"
  },
  {
    "date": "2017-04-27",
    "symbol": "FTV",
    "eps": 0.6,
    "epsEstimated": 0.57,
    "time": "amc",
    "revenue": 1535200000,
    "revenueEstimated": 1458440000,
    "updatedFromDate": "2025-04-25",
    "fiscalDateEnding": "2017-03-31"
  },
  {
    "date": "2017-02-07",
    "symbol": "FTV",
    "eps": 0.68,
    "epsEstimated": 0.67,
    "time": "amc",
    "revenue": 1627100000,
    "revenueEstimated": 769514705,
    "updatedFromDate": "2025-04-25",
    "fiscalDateEnding": "2016-12-31"
  },
  {
    "date": "2016-10-27",
    "symbol": "FTV",
    "eps": 0.67,
    "epsEstimated": 0.59,
    "time": "amc",
    "revenue": 1567400000,
    "revenueEstimated": 1380247761,
    "updatedFromDate": "2025-04-25",
    "fiscalDateEnding": "2016-09-30"
  },
  {
    "date": "2016-08-02",
    "symbol": "FTV",
    "eps": 0.64,
    "epsEstimated": 0.61,
    "time": "amc",
    "revenue": 1555100000,
    "revenueEstimated": 1478619672,
    "updatedFromDate": "2025-04-25",
    "fiscalDateEnding": "2016-07-01"
  }
]