[
  {
    "date": "2026-04-21",
    "symbol": "GD",
    "eps": null,
    "epsEstimated": null,
    "time": "bmo",
    "revenue": null,
    "revenueEstimated": null,
    "updatedFromDate": "2025-10-02",
    "fiscalDateEnding": "2026-03-29"
  },
  {
    "date": "2026-01-27",
    "symbol": "GD",
    "eps": null,
    "epsEstimated": null,
    "time": "bmo",
    "revenue": null,
    "revenueEstimated": null,
    "updatedFromDate": "2025-10-02",
    "fiscalDateEnding": "2025-12-29"
  },
  {
    "date": "2025-10-22",
    "symbol": "GD",
    "eps": null,
    "epsEstimated": 3.68,
    "time": "bmo",
    "revenue": null,
    "revenueEstimated": 12487705160,
    "updatedFromDate": "2025-10-02",
    "fiscalDateEnding": "2025-09-29"
  },
  {
    "date": "2025-07-23",
    "symbol": "GD",
    "eps": 3.74,
    "epsEstimated": 3.55,
    "time": "bmo",
    "revenue": 13041000000,
    "revenueEstimated": 12385203486,
    "updatedFromDate": "2025-10-02",
    "fiscalDateEnding": "2025-06-29"
  },
  {
    "date": "2025-04-23",
    "symbol": "GD",
    "eps": 3.66,
    "epsEstimated": 3.49,
    "time": "bmo",
    "revenue": 12223000000,
    "revenueEstimated": 11981124230,
    "updatedFromDate": "2025-07-23",
    "fiscalDateEnding": "2025-03-30"
  },
  {
    "date": "2025-01-29",
    "symbol": "GD",
    "eps": 4.15,
    "epsEstimated": 4.07,
    "time": "bmo",
    "revenue": 13338000000,
    "revenueEstimated": 12807690226,
    "updatedFromDate": "2025-04-29",
    "fiscalDateEnding": "2024-12-31"
  },
  {
    "date": "2024-10-23",
    "symbol": "GD",
    "eps": 3.35,
    "epsEstimated": 3.48,
    "time": "bmo",
    "revenue": 11671000000,
    "revenueEstimated": 11678361572,
    "updatedFromDate": "2025-04-25",
    "fiscalDateEnding": "2024-09-29"
  },
  {
    "date": "2024-07-24",
    "symbol": "GD",
    "eps": 3.26,
    "epsEstimated": 3.27,
    "time": "bmo",
    "revenue": 11976000000,
    "revenueEstimated": 11462610840,
    "updatedFromDate": "2025-04-25",
    "fiscalDateEnding": "2024-06-30"
  },
  {
    "date": "2024-04-24",
    "symbol": "GD",
    "eps": 2.88,
    "epsEstimated": 2.93,
    "time": "bmo",
    "revenue": 10731000000,
    "revenueEstimated": 10299295171,
    "updatedFromDate": "2025-04-25",
    "fiscalDateEnding": "2024-03-31"
  },
  {
    "date": "2024-01-24",
    "symbol": "GD",
    "eps": 3.64,
    "epsEstimated": 3.68,
    "time": "bmo",
    "revenue": 11668000000,
    "revenueEstimated": 11372100000,
    "updatedFromDate": "2025-04-25",
    "fiscalDateEnding": "2023-12-31"
  },
  {
    "date": "2023-10-25",
    "symbol": "GD",
    "eps": 3.04,
    "epsEstimated": 2.91,
    "time": "bmo",
    "revenue": 10571000000,
    "revenueEstimated": 9477020000,
    "updatedFromDate": "2025-04-25",
    "fiscalDateEnding": "2023-10-01"
  },
  {
    "date": "2023-07-26",
    "symbol": "GD",
    "eps": 2.7,
    "epsEstimated": 2.56,
    "time": "bmo",
    "revenue": 10152000000,
    "revenueEstimated": 9456490000,
    "updatedFromDate": "2025-04-25",
    "fiscalDateEnding": "2023-07-02"
  },
  {
    "date": "2023-04-26",
    "symbol": "GD",
    "eps": 2.64,
    "epsEstimated": 2.59,
    "time": "bmo",
    "revenue": 9881000000,
    "revenueEstimated": 9330000000,
    "updatedFromDate": "2025-04-25",
    "fiscalDateEnding": "2023-04-02"
  },
  {
    "date": "2023-01-25",
    "symbol": "GD",
    "eps": 3.58,
    "epsEstimated": 3.54,
    "time": "bmo",
    "revenue": 10851000000,
    "revenueEstimated": 10684663439,
    "updatedFromDate": "2025-04-25",
    "fiscalDateEnding": "2022-12-31"
  },
  {
    "date": "2022-10-26",
    "symbol": "GD",
    "eps": 3.26,
    "epsEstimated": 3.15,
    "time": "bmo",
    "revenue": 9975000000,
    "revenueEstimated": 9923229515,
    "updatedFromDate": "2025-04-25",
    "fiscalDateEnding": "2022-10-02"
  },
  {
    "date": "2022-07-27",
    "symbol": "GD",
    "eps": 2.75,
    "epsEstimated": 2.72,
    "time": "bmo",
    "revenue": 9189000000,
    "revenueEstimated": 9408872075,
    "updatedFromDate": "2025-04-25",
    "fiscalDateEnding": "2022-07-03"
  },
  {
    "date": "2022-04-27",
    "symbol": "GD",
    "eps": 2.61,
    "epsEstimated": 2.51,
    "time": "bmo",
    "revenue": 9392000000,
    "revenueEstimated": 8996318665,
    "updatedFromDate": "2025-04-25",
    "fiscalDateEnding": "2022-04-03"
  },
  {
    "date": "2022-01-26",
    "symbol": "GD",
    "eps": 3.39,
    "epsEstimated": 3.37,
    "time": "bmo",
    "revenue": 10292000000,
    "revenueEstimated": 10683800000,
    "updatedFromDate": "2025-04-25",
    "fiscalDateEnding": "2021-12-31"
  },
  {
    "date": "2021-10-27",
    "symbol": "GD",
    "eps": 3.07,
    "epsEstimated": 2.98,
    "time": "bmo",
    "revenue": 9568000000,
    "revenueEstimated": 9843560000,
    "updatedFromDate": "2025-04-25",
    "fiscalDateEnding": "2021-10-03"
  },
  {
    "date": "2021-07-28",
    "symbol": "GD",
    "eps": 2.61,
    "epsEstimated": 2.55,
    "time": "bmo",
    "revenue": 9220000000,
    "revenueEstimated": 9849500000,
    "updatedFromDate": "2025-04-25",
    "fiscalDateEnding": "2021-07-04"
  },
  {
    "date": "2021-04-28",
    "symbol": "GD",
    "eps": 2.48,
    "epsEstimated": 2.3,
    "time": "bmo",
    "revenue": 9389000000,
    "revenueEstimated": 8920000000,
    "updatedFromDate": "2025-04-25",
    "fiscalDateEnding": "2021-04-04"
  },
  {
    "date": "2021-01-27",
    "symbol": "GD",
    "eps": 3.49,
    "epsEstimated": 3.54,
    "time": "bmo",
    "revenue": 10481000000,
    "revenueEstimated": 10799500000,
    "updatedFromDate": "2025-04-25",
    "fiscalDateEnding": "2020-12-31"
  },
  {
    "date": "2020-10-28",
    "symbol": "GD",
    "eps": 2.9,
    "epsEstimated": 2.86,
    "time": "bmo",
    "revenue": 9431000000,
    "revenueEstimated": 5378772413,
    "updatedFromDate": "2025-04-25",
    "fiscalDateEnding": "2020-09-27"
  },
  {
    "date": "2020-07-29",
    "symbol": "GD",
    "eps": 2.18,
    "epsEstimated": 2.15,
    "time": "bmo",
    "revenue": 9264000000,
    "revenueEstimated": 9136513761,
    "updatedFromDate": "2025-04-25",
    "fiscalDateEnding": "2020-06-28"
  },
  {
    "date": "2020-04-29",
    "symbol": "GD",
    "eps": 2.43,
    "epsEstimated": 2.57,
    "time": "bmo",
    "revenue": 8749000000,
    "revenueEstimated": 9253057613,
    "updatedFromDate": "2025-04-25",
    "fiscalDateEnding": "2020-03-29"
  },
  {
    "date": "2020-01-29",
    "symbol": "GD",
    "eps": 3.51,
    "epsEstimated": 3.44,
    "time": "bmo",
    "revenue": 10773000000,
    "revenueEstimated": 10558153846,
    "updatedFromDate": "2025-04-25",
    "fiscalDateEnding": "2019-12-31"
  },
  {
    "date": "2019-10-23",
    "symbol": "GD",
    "eps": 3.14,
    "epsEstimated": 3.06,
    "time": "bmo",
    "revenue": 9761000000,
    "revenueEstimated": 9512312101,
    "updatedFromDate": "2025-04-25",
    "fiscalDateEnding": "2019-09-29"
  },
  {
    "date": "2019-07-24",
    "symbol": "GD",
    "eps": 2.77,
    "epsEstimated": 2.68,
    "time": "bmo",
    "revenue": 9555000000,
    "revenueEstimated": 9279043321,
    "updatedFromDate": "2025-04-25",
    "fiscalDateEnding": "2019-06-30"
  },
  {
    "date": "2019-04-24",
    "symbol": "GD",
    "eps": 2.56,
    "epsEstimated": 2.42,
    "time": "bmo",
    "revenue": 9261000000,
    "revenueEstimated": 8754539062,
    "updatedFromDate": "2025-04-25",
    "fiscalDateEnding": "2019-03-31"
  },
  {
    "date": "2019-01-30",
    "symbol": "GD",
    "eps": 3.07,
    "epsEstimated": 2.99,
    "time": "bmo",
    "revenue": 10378000000,
    "revenueEstimated": 10107563517,
    "updatedFromDate": "2025-04-25",
    "fiscalDateEnding": "2018-12-31"
  },
  {
    "date": "2018-10-24",
    "symbol": "GD",
    "eps": 2.89,
    "epsEstimated": 2.76,
    "time": "bmo",
    "revenue": 9094000000,
    "revenueEstimated": 8684927335,
    "updatedFromDate": "2025-04-25",
    "fiscalDateEnding": "2018-09-30"
  },
  {
    "date": "2018-07-25",
    "symbol": "GD",
    "eps": 2.82,
    "epsEstimated": 2.49,
    "time": "bmo",
    "revenue": 9186000000,
    "revenueEstimated": 8730206106,
    "updatedFromDate": "2025-04-25",
    "fiscalDateEnding": "2018-07-01"
  },
  {
    "date": "2018-04-25",
    "symbol": "GD",
    "eps": 2.65,
    "epsEstimated": 2.49,
    "time": "bmo",
    "revenue": 7535000000,
    "revenueEstimated": 7080056603,
    "updatedFromDate": "2025-04-25",
    "fiscalDateEnding": "2018-04-01"
  },
  {
    "date": "2018-01-24",
    "symbol": "GD",
    "eps": 2.5,
    "epsEstimated": 2.38,
    "time": "bmo",
    "revenue": 8277000000,
    "revenueEstimated": 7879704000,
    "updatedFromDate": "2025-04-25",
    "fiscalDateEnding": "2017-12-31"
  },
  {
    "date": "2017-10-25",
    "symbol": "GD",
    "eps": 2.52,
    "epsEstimated": 2.44,
    "time": "bmo",
    "revenue": 7580000000,
    "revenueEstimated": 7339365079,
    "updatedFromDate": "2025-04-25",
    "fiscalDateEnding": "2017-10-01"
  },
  {
    "date": "2017-07-26",
    "symbol": "GD",
    "eps": 2.45,
    "epsEstimated": 2.43,
    "time": "bmo",
    "revenue": 7675000000,
    "revenueEstimated": 7612346938,
    "updatedFromDate": "2025-04-25",
    "fiscalDateEnding": "2017-07-02"
  },
  {
    "date": "2017-04-26",
    "symbol": "GD",
    "eps": 2.48,
    "epsEstimated": 2.32,
    "time": "bmo",
    "revenue": 7441000000,
    "revenueEstimated": 6960935483,
    "updatedFromDate": "2025-04-25",
    "fiscalDateEnding": "2017-04-02"
  },
  {
    "date": "2017-01-27",
    "symbol": "GD",
    "eps": 2.62,
    "epsEstimated": 2.52,
    "time": "bmo",
    "revenue": 8233000000,
    "revenueEstimated": 7361862595,
    "updatedFromDate": "2025-04-25",
    "fiscalDateEnding": "2016-12-31"
  },
  {
    "date": "2016-10-26",
    "symbol": "GD",
    "eps": 2.48,
    "epsEstimated": 2.38,
    "time": "bmo",
    "revenue": 7731000000,
    "revenueEstimated": 7348249999,
    "updatedFromDate": "2025-04-25",
    "fiscalDateEnding": "2016-10-02"
  },
  {
    "date": "2016-07-27",
    "symbol": "GD",
    "eps": 2.44,
    "epsEstimated": 2.31,
    "time": "bmo",
    "revenue": 7665000000,
    "revenueEstimated": 7359811475,
    "updatedFromDate": "2025-04-25",
    "fiscalDateEnding": "2016-07-03"
  }
]