[
  {
    "date": "2026-04-29",
    "symbol": "GDDY",
    "eps": null,
    "epsEstimated": null,
    "time": "amc",
    "revenue": null,
    "revenueEstimated": null,
    "updatedFromDate": "2025-10-02",
    "fiscalDateEnding": "2026-03-30"
  },
  {
    "date": "2026-02-11",
    "symbol": "GDDY",
    "eps": null,
    "epsEstimated": null,
    "time": "amc",
    "revenue": null,
    "revenueEstimated": null,
    "updatedFromDate": "2025-10-02",
    "fiscalDateEnding": "2025-12-30"
  },
  {
    "date": "2025-10-29",
    "symbol": "GDDY",
    "eps": null,
    "epsEstimated": 1.5,
    "time": "bmo",
    "revenue": null,
    "revenueEstimated": null,
    "updatedFromDate": "2025-10-02",
    "fiscalDateEnding": "2025-09-30"
  },
  {
    "date": "2025-08-07",
    "symbol": "GDDY",
    "eps": 1.41,
    "epsEstimated": 1.35,
    "time": "amc",
    "revenue": 1217600000,
    "revenueEstimated": 1207163905,
    "updatedFromDate": "2025-10-02",
    "fiscalDateEnding": "2025-06-30"
  },
  {
    "date": "2025-05-01",
    "symbol": "GDDY",
    "eps": 1.27,
    "epsEstimated": 1.38,
    "time": "amc",
    "revenue": 1194300000,
    "revenueEstimated": 1189346728,
    "updatedFromDate": "2025-08-01",
    "fiscalDateEnding": "2025-03-31"
  },
  {
    "date": "2025-02-13",
    "symbol": "GDDY",
    "eps": 1.42,
    "epsEstimated": 1.43,
    "time": "amc",
    "revenue": 1192600000,
    "revenueEstimated": 1177303961,
    "updatedFromDate": "2025-05-13",
    "fiscalDateEnding": "2024-12-31"
  },
  {
    "date": "2024-10-30",
    "symbol": "GDDY",
    "eps": 1.32,
    "epsEstimated": 1.23,
    "time": "amc",
    "revenue": 1146900000,
    "revenueEstimated": 1143770260,
    "updatedFromDate": "2025-04-25",
    "fiscalDateEnding": "2024-09-30"
  },
  {
    "date": "2024-08-01",
    "symbol": "GDDY",
    "eps": 1.01,
    "epsEstimated": 1.07,
    "time": "amc",
    "revenue": 1123200000,
    "revenueEstimated": 1113983387,
    "updatedFromDate": "2025-04-25",
    "fiscalDateEnding": "2024-06-30"
  },
  {
    "date": "2024-05-02",
    "symbol": "GDDY",
    "eps": 1.08,
    "epsEstimated": 0.951,
    "time": "amc",
    "revenue": 1106900000,
    "revenueEstimated": 1096600665,
    "updatedFromDate": "2025-04-25",
    "fiscalDateEnding": "2024-03-31"
  },
  {
    "date": "2024-02-13",
    "symbol": "GDDY",
    "eps": 1.08,
    "epsEstimated": 1.03,
    "time": "amc",
    "revenue": 1100300000,
    "revenueEstimated": 1102100000,
    "updatedFromDate": "2025-04-25",
    "fiscalDateEnding": "2023-12-31"
  },
  {
    "date": "2023-11-02",
    "symbol": "GDDY",
    "eps": 0.9,
    "epsEstimated": 0.72,
    "time": "amc",
    "revenue": 1069700000,
    "revenueEstimated": 1065360000,
    "updatedFromDate": "2025-04-25",
    "fiscalDateEnding": "2023-09-30"
  },
  {
    "date": "2023-08-03",
    "symbol": "GDDY",
    "eps": 0.54,
    "epsEstimated": 0.57,
    "time": "amc",
    "revenue": 1048100000,
    "revenueEstimated": 1055490000,
    "updatedFromDate": "2025-04-25",
    "fiscalDateEnding": "2023-06-30"
  },
  {
    "date": "2023-05-04",
    "symbol": "GDDY",
    "eps": 0.3,
    "epsEstimated": 0.5,
    "time": "amc",
    "revenue": 1036000000,
    "revenueEstimated": 1040090000,
    "updatedFromDate": "2025-04-25",
    "fiscalDateEnding": "2023-03-31"
  },
  {
    "date": "2023-02-14",
    "symbol": "GDDY",
    "eps": 0.62,
    "epsEstimated": 0.62,
    "time": "amc",
    "revenue": 1039900000,
    "revenueEstimated": 1044258963,
    "updatedFromDate": "2025-04-25",
    "fiscalDateEnding": "2022-12-31"
  },
  {
    "date": "2022-11-03",
    "symbol": "GDDY",
    "eps": 0.63,
    "epsEstimated": 0.58,
    "time": "amc",
    "revenue": 1033200000,
    "revenueEstimated": 1036051525,
    "updatedFromDate": "2025-04-25",
    "fiscalDateEnding": "2022-09-30"
  },
  {
    "date": "2022-08-03",
    "symbol": "GDDY",
    "eps": 0.56,
    "epsEstimated": 0.49,
    "time": "amc",
    "revenue": 1015500000,
    "revenueEstimated": 1016516250,
    "updatedFromDate": "2025-04-25",
    "fiscalDateEnding": "2022-06-30"
  },
  {
    "date": "2022-05-04",
    "symbol": "GDDY",
    "eps": 0.41,
    "epsEstimated": 0.42,
    "time": "amc",
    "revenue": 1002700000,
    "revenueEstimated": 989197090,
    "updatedFromDate": "2025-04-25",
    "fiscalDateEnding": "2022-03-31"
  },
  {
    "date": "2022-02-10",
    "symbol": "GDDY",
    "eps": 0.52,
    "epsEstimated": 0.41,
    "time": "amc",
    "revenue": 1019300000,
    "revenueEstimated": 973100609,
    "updatedFromDate": "2025-04-25",
    "fiscalDateEnding": "2021-12-31"
  },
  {
    "date": "2021-11-03",
    "symbol": "GDDY",
    "eps": 0.58,
    "epsEstimated": 0.4,
    "time": "amc",
    "revenue": 964000000,
    "revenueEstimated": 818022856,
    "updatedFromDate": "2025-04-25",
    "fiscalDateEnding": "2021-09-30"
  },
  {
    "date": "2021-08-04",
    "symbol": "GDDY",
    "eps": 0.27,
    "epsEstimated": 0.32,
    "time": "amc",
    "revenue": 931300000,
    "revenueEstimated": 919770000,
    "updatedFromDate": "2025-04-25",
    "fiscalDateEnding": "2021-06-30"
  },
  {
    "date": "2021-05-05",
    "symbol": "GDDY",
    "eps": 0.06,
    "epsEstimated": 0.32,
    "time": "amc",
    "revenue": 901100000,
    "revenueEstimated": 885380000,
    "updatedFromDate": "2025-04-25",
    "fiscalDateEnding": "2021-03-31"
  },
  {
    "date": "2021-02-11",
    "symbol": "GDDY",
    "eps": 0.41,
    "epsEstimated": 0.36,
    "time": "amc",
    "revenue": 873900000,
    "revenueEstimated": 752525000,
    "updatedFromDate": "2025-04-25",
    "fiscalDateEnding": "2020-12-31"
  },
  {
    "date": "2020-11-04",
    "symbol": "GDDY",
    "eps": 0.38,
    "epsEstimated": 0.33,
    "time": "amc",
    "revenue": 844400000,
    "revenueEstimated": 732947368,
    "updatedFromDate": "2025-04-25",
    "fiscalDateEnding": "2020-09-30"
  },
  {
    "date": "2020-08-05",
    "symbol": "GDDY",
    "eps": 0.2,
    "epsEstimated": 0.17,
    "time": "amc",
    "revenue": 806400000,
    "revenueEstimated": 29793103,
    "updatedFromDate": "2025-04-25",
    "fiscalDateEnding": "2020-06-30"
  },
  {
    "date": "2020-05-06",
    "symbol": "GDDY",
    "eps": 0.24,
    "epsEstimated": 0.17,
    "time": "amc",
    "revenue": 792000000,
    "revenueEstimated": 561000000,
    "updatedFromDate": "2025-04-25",
    "fiscalDateEnding": "2020-03-31"
  },
  {
    "date": "2020-02-13",
    "symbol": "GDDY",
    "eps": 0.34,
    "epsEstimated": 0.31,
    "time": "amc",
    "revenue": 780400000,
    "revenueEstimated": 711541176,
    "updatedFromDate": "2025-04-25",
    "fiscalDateEnding": "2019-12-31"
  },
  {
    "date": "2019-11-06",
    "symbol": "GDDY",
    "eps": 0.31,
    "epsEstimated": 0.21,
    "time": "amc",
    "revenue": 760500000,
    "revenueEstimated": 380250000,
    "updatedFromDate": "2025-04-25",
    "fiscalDateEnding": "2019-09-30"
  },
  {
    "date": "2019-08-01",
    "symbol": "GDDY",
    "eps": 0.13,
    "epsEstimated": 0.16,
    "time": "amc",
    "revenue": 737200000,
    "revenueEstimated": 1685028571,
    "updatedFromDate": "2025-04-25",
    "fiscalDateEnding": "2019-06-30"
  },
  {
    "date": "2019-05-02",
    "symbol": "GDDY",
    "eps": 0.07,
    "epsEstimated": 0.1,
    "time": "amc",
    "revenue": 710000000,
    "revenueEstimated": 1115714285,
    "updatedFromDate": "2025-04-25",
    "fiscalDateEnding": "2019-03-31"
  },
  {
    "date": "2019-02-20",
    "symbol": "GDDY",
    "eps": 0.24,
    "epsEstimated": 0.13,
    "time": "amc",
    "revenue": 695800000,
    "revenueEstimated": 596113268,
    "updatedFromDate": "2025-04-25",
    "fiscalDateEnding": "2018-12-31"
  },
  {
    "date": "2018-11-06",
    "symbol": "GDDY",
    "eps": 0.08,
    "epsEstimated": 0.17,
    "time": "amc",
    "revenue": 679500000,
    "revenueEstimated": 1443937500,
    "updatedFromDate": "2025-04-25",
    "fiscalDateEnding": "2018-09-30"
  },
  {
    "date": "2018-08-02",
    "symbol": "GDDY",
    "eps": 0.11,
    "epsEstimated": 0.08,
    "time": "amc",
    "revenue": 651600000,
    "revenueEstimated": 473890909,
    "updatedFromDate": "2025-04-25",
    "fiscalDateEnding": "2018-06-30"
  },
  {
    "date": "2018-05-08",
    "symbol": "GDDY",
    "eps": 0.02,
    "epsEstimated": 0.01385,
    "time": "amc",
    "revenue": 633200000,
    "revenueEstimated": 316600000,
    "updatedFromDate": "2025-04-25",
    "fiscalDateEnding": "2018-03-31"
  },
  {
    "date": "2018-02-22",
    "symbol": "GDDY",
    "eps": 0.11,
    "epsEstimated": 0.09,
    "time": "amc",
    "revenue": 602200000,
    "revenueEstimated": 602200000,
    "updatedFromDate": "2025-04-25",
    "fiscalDateEnding": "2017-12-31"
  },
  {
    "date": "2017-11-06",
    "symbol": "GDDY",
    "eps": 0.07,
    "epsEstimated": 0.07,
    "time": "amc",
    "revenue": 582200000,
    "revenueEstimated": 582200000,
    "updatedFromDate": "2025-04-25",
    "fiscalDateEnding": "2017-09-30"
  },
  {
    "date": "2017-08-08",
    "symbol": "GDDY",
    "eps": 0.13,
    "epsEstimated": 0.01462,
    "time": "amc",
    "revenue": 557800000,
    "revenueEstimated": 42907692,
    "updatedFromDate": "2025-04-25",
    "fiscalDateEnding": "2017-06-30"
  },
  {
    "date": "2017-05-02",
    "symbol": "GDDY",
    "eps": 0.01,
    "epsEstimated": -0.06,
    "time": "amc",
    "revenue": 489700000,
    "revenueEstimated": 2938199999,
    "updatedFromDate": "2025-04-25",
    "fiscalDateEnding": "2017-03-31"
  },
  {
    "date": "2017-02-15",
    "symbol": "GDDY",
    "eps": 0.1,
    "epsEstimated": 0.08,
    "time": "amc",
    "revenue": 485900000,
    "revenueEstimated": 2186550000,
    "updatedFromDate": "2025-04-25",
    "fiscalDateEnding": "2016-12-31"
  },
  {
    "date": "2016-11-02",
    "symbol": "GDDY",
    "eps": 0.05,
    "epsEstimated": 0.03273,
    "time": "amc",
    "revenue": 472100000,
    "revenueEstimated": 389482499,
    "updatedFromDate": "2025-04-25",
    "fiscalDateEnding": "2016-09-30"
  },
  {
    "date": "2016-08-03",
    "symbol": "GDDY",
    "eps": -0.11,
    "epsEstimated": -0.1,
    "time": "amc",
    "revenue": 456200000,
    "revenueEstimated": 290309090,
    "updatedFromDate": "2025-04-25",
    "fiscalDateEnding": "2016-06-30"
  }
]