[
  {
    "date": "2026-04-20",
    "symbol": "GE",
    "eps": null,
    "epsEstimated": null,
    "time": "bmo",
    "revenue": null,
    "revenueEstimated": null,
    "updatedFromDate": "2025-10-02",
    "fiscalDateEnding": "2026-03-30"
  },
  {
    "date": "2026-01-21",
    "symbol": "GE",
    "eps": null,
    "epsEstimated": null,
    "time": "bmo",
    "revenue": null,
    "revenueEstimated": null,
    "updatedFromDate": "2025-10-02",
    "fiscalDateEnding": "2025-12-30"
  },
  {
    "date": "2025-10-21",
    "symbol": "GE",
    "eps": null,
    "epsEstimated": 1.45,
    "time": "bmo",
    "revenue": null,
    "revenueEstimated": 10293452520,
    "updatedFromDate": "2025-10-02",
    "fiscalDateEnding": "2025-09-30"
  },
  {
    "date": "2025-07-17",
    "symbol": "GE",
    "eps": 1.66,
    "epsEstimated": 1.43,
    "time": "bmo",
    "revenue": 11023000000,
    "revenueEstimated": 9548242585,
    "updatedFromDate": "2025-10-02",
    "fiscalDateEnding": "2025-06-30"
  },
  {
    "date": "2025-04-22",
    "symbol": "GE",
    "eps": 1.49,
    "epsEstimated": 1.27,
    "time": "bmo",
    "revenue": 9934000000,
    "revenueEstimated": 9050512582,
    "updatedFromDate": "2025-07-22",
    "fiscalDateEnding": "2025-03-31"
  },
  {
    "date": "2025-01-23",
    "symbol": "GE",
    "eps": 1.32,
    "epsEstimated": 1.05,
    "time": "bmo",
    "revenue": 10811000000,
    "revenueEstimated": 9487126505,
    "updatedFromDate": "2025-04-25",
    "fiscalDateEnding": "2024-12-31"
  },
  {
    "date": "2024-10-22",
    "symbol": "GE",
    "eps": 1.15,
    "epsEstimated": 1.13,
    "time": "bmo",
    "revenue": 9842000000,
    "revenueEstimated": 9022205631,
    "updatedFromDate": "2025-04-25",
    "fiscalDateEnding": "2024-09-30"
  },
  {
    "date": "2024-07-23",
    "symbol": "GE",
    "eps": 1.2,
    "epsEstimated": 0.99,
    "time": "bmo",
    "revenue": 9094000000,
    "revenueEstimated": 8461881434,
    "updatedFromDate": "2025-04-25",
    "fiscalDateEnding": "2024-06-30"
  },
  {
    "date": "2024-04-23",
    "symbol": "GE",
    "eps": 0.82,
    "epsEstimated": 0.711,
    "time": "bmo",
    "revenue": 16053000000,
    "revenueEstimated": 15249553054,
    "updatedFromDate": "2025-04-25",
    "fiscalDateEnding": "2024-03-31"
  },
  {
    "date": "2024-01-23",
    "symbol": "GE",
    "eps": 1.03,
    "epsEstimated": 0.91,
    "time": "bmo",
    "revenue": 19423000000,
    "revenueEstimated": 17391900000,
    "updatedFromDate": "2025-04-25",
    "fiscalDateEnding": "2023-12-31"
  },
  {
    "date": "2023-10-24",
    "symbol": "GE",
    "eps": 0.82,
    "epsEstimated": 0.56,
    "time": "bmo",
    "revenue": 17346000000,
    "revenueEstimated": 15707100000,
    "updatedFromDate": "2025-04-25",
    "fiscalDateEnding": "2023-09-30"
  },
  {
    "date": "2023-07-25",
    "symbol": "GE",
    "eps": 0.68,
    "epsEstimated": 0.46,
    "time": "bmo",
    "revenue": 8754000000,
    "revenueEstimated": 15000100000,
    "updatedFromDate": "2025-04-25",
    "fiscalDateEnding": "2023-06-30"
  },
  {
    "date": "2023-04-25",
    "symbol": "GE",
    "eps": 0.27,
    "epsEstimated": 0.13,
    "time": "bmo",
    "revenue": 14485000000,
    "revenueEstimated": 13362700000,
    "updatedFromDate": "2025-04-25",
    "fiscalDateEnding": "2023-03-31"
  },
  {
    "date": "2023-01-24",
    "symbol": "GE",
    "eps": 1.24,
    "epsEstimated": 1.13,
    "time": "bmo",
    "revenue": 21787000000,
    "revenueEstimated": 21209818432,
    "updatedFromDate": "2025-04-25",
    "fiscalDateEnding": "2022-12-31"
  },
  {
    "date": "2022-10-25",
    "symbol": "GE",
    "eps": 0.35,
    "epsEstimated": 0.47,
    "time": "bmo",
    "revenue": 19084000000,
    "revenueEstimated": 18404114485,
    "updatedFromDate": "2025-04-25",
    "fiscalDateEnding": "2022-09-30"
  },
  {
    "date": "2022-07-26",
    "symbol": "GE",
    "eps": 0.78,
    "epsEstimated": 0.38,
    "time": "bmo",
    "revenue": 18645000000,
    "revenueEstimated": 17356138471,
    "updatedFromDate": "2025-04-25",
    "fiscalDateEnding": "2022-06-30"
  },
  {
    "date": "2022-04-26",
    "symbol": "GE",
    "eps": 0.24,
    "epsEstimated": 0.2,
    "time": "bmo",
    "revenue": 17039000000,
    "revenueEstimated": 16892925077,
    "updatedFromDate": "2025-04-25",
    "fiscalDateEnding": "2022-03-31"
  },
  {
    "date": "2022-01-25",
    "symbol": "GE",
    "eps": 0.92,
    "epsEstimated": 0.83,
    "time": "bmo",
    "revenue": 20303000000,
    "revenueEstimated": 17355100000,
    "updatedFromDate": "2025-04-25",
    "fiscalDateEnding": "2021-12-31"
  },
  {
    "date": "2021-10-26",
    "symbol": "GE",
    "eps": 0.57,
    "epsEstimated": 0.41,
    "time": "bmo",
    "revenue": 18429000000,
    "revenueEstimated": 19554000000,
    "updatedFromDate": "2025-04-25",
    "fiscalDateEnding": "2021-09-30"
  },
  {
    "date": "2021-07-27",
    "symbol": "GE",
    "eps": 0.4,
    "epsEstimated": 0.24,
    "time": "bmo",
    "revenue": 18280000000,
    "revenueEstimated": 15080999998,
    "updatedFromDate": "2025-04-25",
    "fiscalDateEnding": "2021-06-30"
  },
  {
    "date": "2021-04-27",
    "symbol": "GE",
    "eps": 0.24,
    "epsEstimated": 0.16,
    "time": "bmo",
    "revenue": 17119000000,
    "revenueEstimated": 17842600000,
    "updatedFromDate": "2025-04-25",
    "fiscalDateEnding": "2021-03-31"
  },
  {
    "date": "2021-01-26",
    "symbol": "GE",
    "eps": 0.64,
    "epsEstimated": 0.64,
    "time": "bmo",
    "revenue": 21928000000,
    "revenueEstimated": 24365555555,
    "updatedFromDate": "2025-04-25",
    "fiscalDateEnding": "2020-12-31"
  },
  {
    "date": "2020-10-28",
    "symbol": "GE",
    "eps": 0.48,
    "epsEstimated": -0.48,
    "time": "bmo",
    "revenue": 19417000000,
    "revenueEstimated": 12944666666,
    "updatedFromDate": "2025-04-25",
    "fiscalDateEnding": "2020-09-30"
  },
  {
    "date": "2020-07-29",
    "symbol": "GE",
    "eps": -1.2,
    "epsEstimated": -1.12,
    "time": "bmo",
    "revenue": 17750000000,
    "revenueEstimated": 11833333333,
    "updatedFromDate": "2025-04-25",
    "fiscalDateEnding": "2020-06-30"
  },
  {
    "date": "2020-04-29",
    "symbol": "GE",
    "eps": 0.4,
    "epsEstimated": 0.48,
    "time": "bmo",
    "revenue": 20523000000,
    "revenueEstimated": 32836800000,
    "updatedFromDate": "2025-04-25",
    "fiscalDateEnding": "2020-03-31"
  },
  {
    "date": "2020-01-29",
    "symbol": "GE",
    "eps": 1.68,
    "epsEstimated": 1.44,
    "time": "bmo",
    "revenue": 26238000000,
    "revenueEstimated": 22489714285,
    "updatedFromDate": "2025-04-25",
    "fiscalDateEnding": "2019-12-31"
  },
  {
    "date": "2019-10-30",
    "symbol": "GE",
    "eps": 1.2,
    "epsEstimated": 0.96,
    "time": "bmo",
    "revenue": 23360000000,
    "revenueEstimated": 17130666666,
    "updatedFromDate": "2025-04-25",
    "fiscalDateEnding": "2019-09-30"
  },
  {
    "date": "2019-07-31",
    "symbol": "GE",
    "eps": 1.36,
    "epsEstimated": 0.96,
    "time": "bmo",
    "revenue": 28830000000,
    "revenueEstimated": 16526823529,
    "updatedFromDate": "2025-04-25",
    "fiscalDateEnding": "2019-06-30"
  },
  {
    "date": "2019-04-30",
    "symbol": "GE",
    "eps": 1.12,
    "epsEstimated": 0.72,
    "time": "bmo",
    "revenue": 27286000000,
    "revenueEstimated": 14272714285,
    "updatedFromDate": "2025-04-25",
    "fiscalDateEnding": "2019-03-31"
  },
  {
    "date": "2019-01-31",
    "symbol": "GE",
    "eps": 1.36,
    "epsEstimated": 1.44,
    "time": "bmo",
    "revenue": 33278000000,
    "revenueEstimated": 34294117647,
    "updatedFromDate": "2025-04-25",
    "fiscalDateEnding": "2018-12-31"
  },
  {
    "date": "2018-10-30",
    "symbol": "GE",
    "eps": 1.12,
    "epsEstimated": 1.68,
    "time": "bmo",
    "revenue": 29574000000,
    "revenueEstimated": 33417142857,
    "updatedFromDate": "2025-04-25",
    "fiscalDateEnding": "2018-09-30"
  },
  {
    "date": "2018-07-20",
    "symbol": "GE",
    "eps": 1.52,
    "epsEstimated": 1.44,
    "time": "bmo",
    "revenue": 30104000000,
    "revenueEstimated": 18314526315,
    "updatedFromDate": "2025-04-25",
    "fiscalDateEnding": "2018-06-30"
  },
  {
    "date": "2018-04-20",
    "symbol": "GE",
    "eps": 1.28,
    "epsEstimated": 0.88,
    "time": "bmo",
    "revenue": 28660000000,
    "revenueEstimated": 19104250000,
    "updatedFromDate": "2025-04-25",
    "fiscalDateEnding": "2018-03-31"
  },
  {
    "date": "2018-01-24",
    "symbol": "GE",
    "eps": 2.16,
    "epsEstimated": 2.24,
    "time": "bmo",
    "revenue": 32388000000,
    "revenueEstimated": 33943962962,
    "updatedFromDate": "2025-04-25",
    "fiscalDateEnding": "2017-12-31"
  },
  {
    "date": "2017-10-20",
    "symbol": "GE",
    "eps": 2.32,
    "epsEstimated": 3.92,
    "time": "bmo",
    "revenue": 31327000000,
    "revenueEstimated": 51809896551,
    "updatedFromDate": "2025-04-25",
    "fiscalDateEnding": "2017-09-30"
  },
  {
    "date": "2017-07-21",
    "symbol": "GE",
    "eps": 2.24,
    "epsEstimated": 2,
    "time": "bmo",
    "revenue": 29261000000,
    "revenueEstimated": 25979464285,
    "updatedFromDate": "2025-04-25",
    "fiscalDateEnding": "2017-06-30"
  },
  {
    "date": "2017-04-21",
    "symbol": "GE",
    "eps": 1.68,
    "epsEstimated": 1.36,
    "time": "bmo",
    "revenue": 27492000000,
    "revenueEstimated": 21760000000,
    "updatedFromDate": "2025-04-25",
    "fiscalDateEnding": "2017-03-31"
  },
  {
    "date": "2017-01-20",
    "symbol": "GE",
    "eps": 3.68,
    "epsEstimated": 3.68,
    "time": "bmo",
    "revenue": 32469000000,
    "revenueEstimated": 32468000000,
    "updatedFromDate": "2025-04-25",
    "fiscalDateEnding": "2016-12-31"
  },
  {
    "date": "2016-10-21",
    "symbol": "GE",
    "eps": 2.56,
    "epsEstimated": 2.48,
    "time": "bmo",
    "revenue": 29038000000,
    "revenueEstimated": 27223125000,
    "updatedFromDate": "2025-04-25",
    "fiscalDateEnding": "2016-09-30"
  },
  {
    "date": "2016-07-22",
    "symbol": "GE",
    "eps": 4.08,
    "epsEstimated": 3.68,
    "time": "bmo",
    "revenue": 30344000000,
    "revenueEstimated": 27369098039,
    "updatedFromDate": "2025-04-25",
    "fiscalDateEnding": "2016-06-30"
  }
]