[
  {
    "date": "2025-10-29",
    "symbol": "GEHC",
    "eps": null,
    "epsEstimated": 1.05,
    "time": "bmo",
    "revenue": null,
    "revenueEstimated": 5073880150,
    "updatedFromDate": "2025-10-02",
    "fiscalDateEnding": "2025-09-30"
  },
  {
    "date": "2025-07-30",
    "symbol": "GEHC",
    "eps": 1.06,
    "epsEstimated": 0.918,
    "time": "bmo",
    "revenue": 5006000000,
    "revenueEstimated": 4973403180,
    "updatedFromDate": "2025-10-02",
    "fiscalDateEnding": "2025-06-30"
  },
  {
    "date": "2025-04-30",
    "symbol": "GEHC",
    "eps": 1.01,
    "epsEstimated": 0.914,
    "time": "bmo",
    "revenue": 4777000000,
    "revenueEstimated": 4659792733,
    "updatedFromDate": "2025-07-30",
    "fiscalDateEnding": "2025-03-31"
  },
  {
    "date": "2025-02-13",
    "symbol": "GEHC",
    "eps": 1.45,
    "epsEstimated": 1.26,
    "time": "bmo",
    "revenue": 5319000000,
    "revenueEstimated": 5331287892,
    "updatedFromDate": "2025-05-13",
    "fiscalDateEnding": "2024-12-31"
  },
  {
    "date": "2024-10-30",
    "symbol": "GEHC",
    "eps": 1.14,
    "epsEstimated": 1.05,
    "time": "bmo",
    "revenue": 4863000000,
    "revenueEstimated": 4868338823,
    "updatedFromDate": "2025-04-25",
    "fiscalDateEnding": "2024-09-30"
  },
  {
    "date": "2024-07-31",
    "symbol": "GEHC",
    "eps": 1,
    "epsEstimated": 0.98,
    "time": "bmo",
    "revenue": 4839000000,
    "revenueEstimated": 4875676818,
    "updatedFromDate": "2025-04-25",
    "fiscalDateEnding": "2024-06-30"
  },
  {
    "date": "2024-04-30",
    "symbol": "GEHC",
    "eps": 0.9,
    "epsEstimated": 0.91,
    "time": "bmo",
    "revenue": 4650000000,
    "revenueEstimated": 4801373440,
    "updatedFromDate": "2025-04-25",
    "fiscalDateEnding": "2024-03-31"
  },
  {
    "date": "2024-02-06",
    "symbol": "GEHC",
    "eps": 1.18,
    "epsEstimated": 1.07,
    "time": "bmo",
    "revenue": 5206000000,
    "revenueEstimated": 5093599885,
    "updatedFromDate": "2025-04-25",
    "fiscalDateEnding": "2023-12-31"
  },
  {
    "date": "2023-10-31",
    "symbol": "GEHC",
    "eps": 0.99,
    "epsEstimated": 0.9,
    "time": "bmo",
    "revenue": 4822000000,
    "revenueEstimated": 4804396462,
    "updatedFromDate": "2025-04-25",
    "fiscalDateEnding": "2023-09-30"
  },
  {
    "date": "2023-07-25",
    "symbol": "GEHC",
    "eps": 0.92,
    "epsEstimated": 0.87,
    "time": "bmo",
    "revenue": 4817000000,
    "revenueEstimated": 4792289429,
    "updatedFromDate": "2025-04-25",
    "fiscalDateEnding": "2023-06-30"
  },
  {
    "date": "2023-04-25",
    "symbol": "GEHC",
    "eps": 0.85,
    "epsEstimated": 0.79,
    "time": "bmo",
    "revenue": 4707000000,
    "revenueEstimated": 4634000000,
    "updatedFromDate": "2025-04-25",
    "fiscalDateEnding": "2023-03-31"
  },
  {
    "date": "2023-01-30",
    "symbol": "GEHC",
    "eps": 1.31,
    "epsEstimated": null,
    "time": "bmo",
    "revenue": 4938000000,
    "revenueEstimated": 4900000000,
    "updatedFromDate": "2025-04-25",
    "fiscalDateEnding": "2022-12-31"
  },
  {
    "date": "2022-12-08",
    "symbol": "GEHC",
    "eps": 1.07,
    "epsEstimated": null,
    "time": "bmo",
    "revenue": 4484000000,
    "revenueEstimated": null,
    "updatedFromDate": "2025-04-25",
    "fiscalDateEnding": "2022-06-30"
  },
  {
    "date": "2022-09-30",
    "symbol": "GEHC",
    "eps": 1.07,
    "epsEstimated": null,
    "time": "bmo",
    "revenue": 4576000000,
    "revenueEstimated": null,
    "updatedFromDate": "2025-04-25",
    "fiscalDateEnding": "2022-09-30"
  },
  {
    "date": "2022-03-31",
    "symbol": "GEHC",
    "eps": 0.855,
    "epsEstimated": null,
    "time": "bmo",
    "revenue": 4343000000,
    "revenueEstimated": null,
    "updatedFromDate": "2025-04-25",
    "fiscalDateEnding": "2022-03-31"
  },
  {
    "date": "2021-12-31",
    "symbol": "GEHC",
    "eps": 1.24,
    "epsEstimated": null,
    "time": "bmo",
    "revenue": 4589000000,
    "revenueEstimated": null,
    "updatedFromDate": "2025-04-25",
    "fiscalDateEnding": "2021-12-31"
  },
  {
    "date": "2021-09-29",
    "symbol": "GEHC",
    "eps": 1.11,
    "epsEstimated": null,
    "time": "bmo",
    "revenue": 4305000000,
    "revenueEstimated": null,
    "updatedFromDate": "2025-04-25",
    "fiscalDateEnding": "2021-09-30"
  },
  {
    "date": "2021-06-29",
    "symbol": "GEHC",
    "eps": 1.28,
    "epsEstimated": null,
    "time": "bmo",
    "revenue": 4346000000,
    "revenueEstimated": null,
    "updatedFromDate": "2025-04-25",
    "fiscalDateEnding": "2021-06-30"
  },
  {
    "date": "2021-03-30",
    "symbol": "GEHC",
    "eps": 1.28,
    "epsEstimated": null,
    "time": "bmo",
    "revenue": 4346000000,
    "revenueEstimated": null,
    "updatedFromDate": "2025-04-25",
    "fiscalDateEnding": "2021-03-31"
  }
]