[
  {
    "date": "2026-05-04",
    "symbol": "GEN",
    "eps": null,
    "epsEstimated": null,
    "time": "amc",
    "revenue": null,
    "revenueEstimated": null,
    "updatedFromDate": "2025-10-02",
    "fiscalDateEnding": "2026-04-04"
  },
  {
    "date": "2026-01-28",
    "symbol": "GEN",
    "eps": null,
    "epsEstimated": null,
    "time": "amc",
    "revenue": null,
    "revenueEstimated": null,
    "updatedFromDate": "2025-10-02",
    "fiscalDateEnding": "2026-01-04"
  },
  {
    "date": "2025-10-29",
    "symbol": "GEN",
    "eps": null,
    "epsEstimated": 0.61,
    "time": "bmo",
    "revenue": null,
    "revenueEstimated": 1196267900,
    "updatedFromDate": "2025-10-02",
    "fiscalDateEnding": "2025-10-04"
  },
  {
    "date": "2025-08-07",
    "symbol": "GEN",
    "eps": 0.64,
    "epsEstimated": 0.6,
    "time": "amc",
    "revenue": 1257000000,
    "revenueEstimated": 1186838188,
    "updatedFromDate": "2025-10-02",
    "fiscalDateEnding": "2025-07-04"
  },
  {
    "date": "2025-05-06",
    "symbol": "GEN",
    "eps": 0.59,
    "epsEstimated": 0.58,
    "time": "amc",
    "revenue": 1010000000,
    "revenueEstimated": 996673596,
    "updatedFromDate": "2025-08-05",
    "fiscalDateEnding": "2025-03-28"
  },
  {
    "date": "2025-01-30",
    "symbol": "GEN",
    "eps": 0.56,
    "epsEstimated": 0.55,
    "time": "amc",
    "revenue": 986000000,
    "revenueEstimated": 999474880,
    "updatedFromDate": "2025-04-30",
    "fiscalDateEnding": "2024-12-27"
  },
  {
    "date": "2024-10-30",
    "symbol": "GEN",
    "eps": 0.54,
    "epsEstimated": 0.539,
    "time": "amc",
    "revenue": 974000000,
    "revenueEstimated": 970010000,
    "updatedFromDate": "2025-04-25",
    "fiscalDateEnding": "2024-09-27"
  },
  {
    "date": "2024-08-01",
    "symbol": "GEN",
    "eps": 0.53,
    "epsEstimated": 0.527,
    "time": "amc",
    "revenue": 965000000,
    "revenueEstimated": 965443451,
    "updatedFromDate": "2025-04-25",
    "fiscalDateEnding": "2024-06-28"
  },
  {
    "date": "2024-05-09",
    "symbol": "GEN",
    "eps": 0.53,
    "epsEstimated": 0.517,
    "time": "amc",
    "revenue": 967000000,
    "revenueEstimated": 965032198,
    "updatedFromDate": "2025-04-25",
    "fiscalDateEnding": "2024-03-29"
  },
  {
    "date": "2024-02-01",
    "symbol": "GEN",
    "eps": 0.49,
    "epsEstimated": 0.5,
    "time": "amc",
    "revenue": 951000000,
    "revenueEstimated": 965020000,
    "updatedFromDate": "2025-04-25",
    "fiscalDateEnding": "2023-12-29"
  },
  {
    "date": "2023-11-07",
    "symbol": "GEN",
    "eps": 0.47,
    "epsEstimated": 0.47,
    "time": "bmo",
    "revenue": 948000000,
    "revenueEstimated": 945100000,
    "updatedFromDate": "2025-04-25",
    "fiscalDateEnding": "2023-09-29"
  },
  {
    "date": "2023-08-03",
    "symbol": "GEN",
    "eps": 0.47,
    "epsEstimated": 0.46,
    "time": "amc",
    "revenue": 946000000,
    "revenueEstimated": 961170000,
    "updatedFromDate": "2025-04-25",
    "fiscalDateEnding": "2023-06-30"
  },
  {
    "date": "2023-05-11",
    "symbol": "GEN",
    "eps": 0.46,
    "epsEstimated": 0.43,
    "time": "amc",
    "revenue": 947000000,
    "revenueEstimated": 940050000,
    "updatedFromDate": "2025-04-25",
    "fiscalDateEnding": "2023-03-31"
  },
  {
    "date": "2023-02-02",
    "symbol": "GEN",
    "eps": 0.45,
    "epsEstimated": 0.42,
    "time": "amc",
    "revenue": 936000000,
    "revenueEstimated": 933000000,
    "updatedFromDate": "2025-04-25",
    "fiscalDateEnding": "2022-12-30"
  },
  {
    "date": "2022-11-08",
    "symbol": "GEN",
    "eps": 0.45,
    "epsEstimated": 0.45,
    "time": "amc",
    "revenue": 748000000,
    "revenueEstimated": 700000000,
    "updatedFromDate": "2025-04-25",
    "fiscalDateEnding": "2022-09-30"
  },
  {
    "date": "2022-08-04",
    "symbol": "GEN",
    "eps": 0.45,
    "epsEstimated": 0.43,
    "time": "amc",
    "revenue": 707000000,
    "revenueEstimated": 710000000,
    "updatedFromDate": "2025-04-25",
    "fiscalDateEnding": "2022-06-30"
  },
  {
    "date": "2022-05-05",
    "symbol": "GEN",
    "eps": 0.46,
    "epsEstimated": 0.45,
    "time": "amc",
    "revenue": 716000000,
    "revenueEstimated": 709615500,
    "updatedFromDate": "2025-04-25",
    "fiscalDateEnding": "2022-03-31"
  },
  {
    "date": "2022-02-03",
    "symbol": "GEN",
    "eps": 0.44,
    "epsEstimated": 0.43,
    "time": "amc",
    "revenue": 702000000,
    "revenueEstimated": 701421000,
    "updatedFromDate": "2025-04-25",
    "fiscalDateEnding": "2021-12-31"
  },
  {
    "date": "2021-11-04",
    "symbol": "GEN",
    "eps": 0.43,
    "epsEstimated": 0.42,
    "time": "amc",
    "revenue": 692000000,
    "revenueEstimated": null,
    "updatedFromDate": "2025-04-25",
    "fiscalDateEnding": "2021-09-30"
  },
  {
    "date": "2021-07-27",
    "symbol": "GEN",
    "eps": 0.42,
    "epsEstimated": 0.41,
    "time": "amc",
    "revenue": 686000000,
    "revenueEstimated": null,
    "updatedFromDate": "2025-04-25",
    "fiscalDateEnding": "2021-06-30"
  },
  {
    "date": "2021-05-10",
    "symbol": "GEN",
    "eps": 0.4,
    "epsEstimated": 0.38,
    "time": "bmo",
    "revenue": 672000000,
    "revenueEstimated": null,
    "updatedFromDate": "2025-04-25",
    "fiscalDateEnding": "2021-03-31"
  },
  {
    "date": "2021-02-04",
    "symbol": "GEN",
    "eps": 0.38,
    "epsEstimated": 0.37,
    "time": "bmo",
    "revenue": 639000000,
    "revenueEstimated": 923490000,
    "updatedFromDate": "2025-04-25",
    "fiscalDateEnding": "2020-12-31"
  },
  {
    "date": "2020-11-05",
    "symbol": "GEN",
    "eps": 0.36,
    "epsEstimated": 0.33,
    "time": "bmo",
    "revenue": 626000000,
    "revenueEstimated": null,
    "updatedFromDate": "2025-04-25",
    "fiscalDateEnding": "2020-09-30"
  },
  {
    "date": "2020-08-06",
    "symbol": "GEN",
    "eps": 0.31,
    "epsEstimated": 0.21,
    "time": "amc",
    "revenue": 614000000,
    "revenueEstimated": 143438850,
    "updatedFromDate": "2025-04-25",
    "fiscalDateEnding": "2020-06-30"
  },
  {
    "date": "2020-05-14",
    "symbol": "GEN",
    "eps": 0.26,
    "epsEstimated": 0.19,
    "time": "bmo",
    "revenue": 614000000,
    "revenueEstimated": 91020833,
    "updatedFromDate": "2025-04-25",
    "fiscalDateEnding": "2020-03-31"
  },
  {
    "date": "2020-02-06",
    "symbol": "GEN",
    "eps": 0.25,
    "epsEstimated": 0.08,
    "time": "amc",
    "revenue": 618000000,
    "revenueEstimated": 1248980699,
    "updatedFromDate": "2025-04-25",
    "fiscalDateEnding": "2019-12-31"
  },
  {
    "date": "2019-11-07",
    "symbol": "GEN",
    "eps": 0.18,
    "epsEstimated": 0.42,
    "time": "bmo",
    "revenue": 608000000,
    "revenueEstimated": 337111500,
    "updatedFromDate": "2025-04-25",
    "fiscalDateEnding": "2019-09-30"
  },
  {
    "date": "2019-08-08",
    "symbol": "GEN",
    "eps": 0.43,
    "epsEstimated": 0.32,
    "time": "bmo",
    "revenue": 1247000000,
    "revenueEstimated": 2977135199,
    "updatedFromDate": "2025-04-25",
    "fiscalDateEnding": "2019-06-30"
  },
  {
    "date": "2019-05-09",
    "symbol": "GEN",
    "eps": 0.39,
    "epsEstimated": 0.39,
    "time": "amc",
    "revenue": 1189000000,
    "revenueEstimated": 1548853333,
    "updatedFromDate": "2025-04-25",
    "fiscalDateEnding": "2019-03-31"
  },
  {
    "date": "2019-01-31",
    "symbol": "GEN",
    "eps": 0.44,
    "epsEstimated": 0.39,
    "time": "bmo",
    "revenue": 1211000000,
    "revenueEstimated": 424816835,
    "updatedFromDate": "2025-04-25",
    "fiscalDateEnding": "2018-12-31"
  },
  {
    "date": "2018-11-01",
    "symbol": "GEN",
    "eps": 0.42,
    "epsEstimated": 0.33,
    "time": "bmo",
    "revenue": 1175000000,
    "revenueEstimated": 747447105,
    "updatedFromDate": "2025-04-25",
    "fiscalDateEnding": "2018-09-30"
  },
  {
    "date": "2018-08-02",
    "symbol": "GEN",
    "eps": 0.34,
    "epsEstimated": 0.33,
    "time": "amc",
    "revenue": 1156000000,
    "revenueEstimated": 848240000,
    "updatedFromDate": "2025-04-25",
    "fiscalDateEnding": "2018-06-30"
  },
  {
    "date": "2018-05-10",
    "symbol": "GEN",
    "eps": 0.46,
    "epsEstimated": 0.4,
    "time": "bmo",
    "revenue": 1222000000,
    "revenueEstimated": 650536000,
    "updatedFromDate": "2025-04-25",
    "fiscalDateEnding": "2018-03-31"
  },
  {
    "date": "2018-01-31",
    "symbol": "GEN",
    "eps": 0.49,
    "epsEstimated": 0.44,
    "time": "bmo",
    "revenue": 1209000000,
    "revenueEstimated": 389703913,
    "updatedFromDate": "2025-04-25",
    "fiscalDateEnding": "2017-12-31"
  },
  {
    "date": "2017-11-01",
    "symbol": "GEN",
    "eps": 0.4,
    "epsEstimated": 0.43,
    "time": "bmo",
    "revenue": 1240000000,
    "revenueEstimated": 60096791,
    "updatedFromDate": "2025-04-25",
    "fiscalDateEnding": "2017-09-30"
  },
  {
    "date": "2017-08-02",
    "symbol": "GEN",
    "eps": 0.33,
    "epsEstimated": 0.3,
    "time": "bmo",
    "revenue": 1175000000,
    "revenueEstimated": 479027142,
    "updatedFromDate": "2025-04-25",
    "fiscalDateEnding": "2017-06-30"
  },
  {
    "date": "2017-05-10",
    "symbol": "GEN",
    "eps": 0.28,
    "epsEstimated": 0.28,
    "time": "bmo",
    "revenue": 1115000000,
    "revenueEstimated": 1031430510,
    "updatedFromDate": "2025-04-25",
    "fiscalDateEnding": "2017-03-31"
  },
  {
    "date": "2017-02-01",
    "symbol": "GEN",
    "eps": 0.32,
    "epsEstimated": 0.28,
    "time": "bmo",
    "revenue": 1041000000,
    "revenueEstimated": 423084761,
    "updatedFromDate": "2025-04-25",
    "fiscalDateEnding": "2016-12-31"
  },
  {
    "date": "2016-11-03",
    "symbol": "GEN",
    "eps": 0.3,
    "epsEstimated": 0.2,
    "time": "amc",
    "revenue": 979000000,
    "revenueEstimated": 2467815652,
    "updatedFromDate": "2025-04-25",
    "fiscalDateEnding": "2016-09-30"
  },
  {
    "date": "2016-08-04",
    "symbol": "GEN",
    "eps": 0.29,
    "epsEstimated": 0.25,
    "time": "amc",
    "revenue": 884000000,
    "revenueEstimated": 55321461,
    "updatedFromDate": "2025-04-25",
    "fiscalDateEnding": "2016-06-30"
  }
]