[
  {
    "date": "2026-04-21",
    "symbol": "GEV",
    "eps": null,
    "epsEstimated": null,
    "time": "bmo",
    "revenue": null,
    "revenueEstimated": null,
    "updatedFromDate": "2025-10-02",
    "fiscalDateEnding": "2026-03-30"
  },
  {
    "date": "2026-01-20",
    "symbol": "GEV",
    "eps": null,
    "epsEstimated": null,
    "time": "bmo",
    "revenue": null,
    "revenueEstimated": null,
    "updatedFromDate": "2025-10-02",
    "fiscalDateEnding": "2025-12-30"
  },
  {
    "date": "2025-10-22",
    "symbol": "GEV",
    "eps": null,
    "epsEstimated": 1.76,
    "time": "bmo",
    "revenue": null,
    "revenueEstimated": 9151074810,
    "updatedFromDate": "2025-10-02",
    "fiscalDateEnding": "2025-09-30"
  },
  {
    "date": "2025-07-23",
    "symbol": "GEV",
    "eps": 1.86,
    "epsEstimated": 1.48,
    "time": "bmo",
    "revenue": 9111000000,
    "revenueEstimated": 8807816550,
    "updatedFromDate": "2025-10-02",
    "fiscalDateEnding": "2025-06-30"
  },
  {
    "date": "2025-04-23",
    "symbol": "GEV",
    "eps": 0.91,
    "epsEstimated": 0.4686,
    "time": "bmo",
    "revenue": 8032000000,
    "revenueEstimated": 7552568339,
    "updatedFromDate": "2025-07-22",
    "fiscalDateEnding": "2025-03-31"
  },
  {
    "date": "2025-01-22",
    "symbol": "GEV",
    "eps": 1.73,
    "epsEstimated": 2.28,
    "time": "bmo",
    "revenue": 10558000000,
    "revenueEstimated": 10701878075,
    "updatedFromDate": "2025-04-24",
    "fiscalDateEnding": "2024-12-31"
  },
  {
    "date": "2024-10-23",
    "symbol": "GEV",
    "eps": 0.35,
    "epsEstimated": 0.1916,
    "time": "bmo",
    "revenue": 8913000000,
    "revenueEstimated": 8751641413,
    "updatedFromDate": "2025-04-24",
    "fiscalDateEnding": "2024-09-30"
  },
  {
    "date": "2024-07-24",
    "symbol": "GEV",
    "eps": 0.71,
    "epsEstimated": 0.742,
    "time": "bmo",
    "revenue": 8214000000,
    "revenueEstimated": 8259031182,
    "updatedFromDate": "2025-04-24",
    "fiscalDateEnding": "2024-06-30"
  },
  {
    "date": "2024-04-25",
    "symbol": "GEV",
    "eps": -0.41,
    "epsEstimated": -0.47993,
    "time": "bmo",
    "revenue": 7260000000,
    "revenueEstimated": 7283545421,
    "updatedFromDate": "2025-04-24",
    "fiscalDateEnding": "2024-03-31"
  },
  {
    "date": "2024-03-13",
    "symbol": "GEV",
    "eps": 0.3492,
    "epsEstimated": null,
    "time": "bmo",
    "revenue": 10045000000,
    "revenueEstimated": null,
    "updatedFromDate": "2025-04-24",
    "fiscalDateEnding": "2023-12-31"
  },
  {
    "date": "2023-09-29",
    "symbol": "GEV",
    "eps": -0.62481,
    "epsEstimated": null,
    "time": "bmo",
    "revenue": 8252000000,
    "revenueEstimated": null,
    "updatedFromDate": "2025-04-24",
    "fiscalDateEnding": "2023-09-30"
  },
  {
    "date": "2023-06-29",
    "symbol": "GEV",
    "eps": -0.5513,
    "epsEstimated": null,
    "time": "bmo",
    "revenue": 8120000000,
    "revenueEstimated": null,
    "updatedFromDate": "2025-04-24",
    "fiscalDateEnding": "2023-06-30"
  },
  {
    "date": "2023-03-30",
    "symbol": "GEV",
    "eps": -1.14964,
    "epsEstimated": null,
    "time": "bmo",
    "revenue": 6822000000,
    "revenueEstimated": null,
    "updatedFromDate": "2025-04-24",
    "fiscalDateEnding": "2023-03-31"
  }
]