[
  {
    "date": "2026-04-22",
    "symbol": "GILD",
    "eps": null,
    "epsEstimated": null,
    "time": "amc",
    "revenue": null,
    "revenueEstimated": null,
    "updatedFromDate": "2025-10-02",
    "fiscalDateEnding": "2026-03-30"
  },
  {
    "date": "2026-02-09",
    "symbol": "GILD",
    "eps": null,
    "epsEstimated": null,
    "time": "amc",
    "revenue": null,
    "revenueEstimated": null,
    "updatedFromDate": "2025-10-02",
    "fiscalDateEnding": "2025-12-30"
  },
  {
    "date": "2025-11-05",
    "symbol": "GILD",
    "eps": null,
    "epsEstimated": 2.15,
    "time": "bmo",
    "revenue": null,
    "revenueEstimated": 7411661360,
    "updatedFromDate": "2025-10-02",
    "fiscalDateEnding": "2025-09-30"
  },
  {
    "date": "2025-08-07",
    "symbol": "GILD",
    "eps": 2.01,
    "epsEstimated": 1.96,
    "time": "amc",
    "revenue": 7081000000,
    "revenueEstimated": 6981500332,
    "updatedFromDate": "2025-10-02",
    "fiscalDateEnding": "2025-06-30"
  },
  {
    "date": "2025-04-24",
    "symbol": "GILD",
    "eps": 1.81,
    "epsEstimated": 1.78,
    "time": "amc",
    "revenue": 6667000000,
    "revenueEstimated": 6810869756,
    "updatedFromDate": "2025-07-23",
    "fiscalDateEnding": "2025-03-31"
  },
  {
    "date": "2025-02-11",
    "symbol": "GILD",
    "eps": 1.9,
    "epsEstimated": 1.74,
    "time": "amc",
    "revenue": 7569000000,
    "revenueEstimated": 7152453803,
    "updatedFromDate": "2025-05-11",
    "fiscalDateEnding": "2024-12-31"
  },
  {
    "date": "2024-11-06",
    "symbol": "GILD",
    "eps": 2.02,
    "epsEstimated": 1.53,
    "time": "amc",
    "revenue": 7545000000,
    "revenueEstimated": 7015641333,
    "updatedFromDate": "2025-04-25",
    "fiscalDateEnding": "2024-09-30"
  },
  {
    "date": "2024-08-08",
    "symbol": "GILD",
    "eps": 2.01,
    "epsEstimated": 1.61,
    "time": "amc",
    "revenue": 6949000000,
    "revenueEstimated": 6702531294,
    "updatedFromDate": "2025-04-25",
    "fiscalDateEnding": "2024-06-30"
  },
  {
    "date": "2024-04-25",
    "symbol": "GILD",
    "eps": -1.32,
    "epsEstimated": -1.49,
    "time": "amc",
    "revenue": 6686000000,
    "revenueEstimated": 6357085459,
    "updatedFromDate": "2025-04-25",
    "fiscalDateEnding": "2024-03-31"
  },
  {
    "date": "2024-02-06",
    "symbol": "GILD",
    "eps": 1.72,
    "epsEstimated": 1.76,
    "time": "amc",
    "revenue": 7115000000,
    "revenueEstimated": 7100950000,
    "updatedFromDate": "2025-04-25",
    "fiscalDateEnding": "2023-12-31"
  },
  {
    "date": "2023-11-07",
    "symbol": "GILD",
    "eps": 2.29,
    "epsEstimated": 1.91,
    "time": "amc",
    "revenue": 7050000000,
    "revenueEstimated": 6417070000,
    "updatedFromDate": "2025-04-25",
    "fiscalDateEnding": "2023-09-30"
  },
  {
    "date": "2023-08-03",
    "symbol": "GILD",
    "eps": 1.34,
    "epsEstimated": 1.6,
    "time": "amc",
    "revenue": 6599000000,
    "revenueEstimated": 6457610000,
    "updatedFromDate": "2025-04-25",
    "fiscalDateEnding": "2023-06-30"
  },
  {
    "date": "2023-04-27",
    "symbol": "GILD",
    "eps": 1.37,
    "epsEstimated": 1.63,
    "time": "amc",
    "revenue": 6352000000,
    "revenueEstimated": 6455360000,
    "updatedFromDate": "2025-04-25",
    "fiscalDateEnding": "2023-03-31"
  },
  {
    "date": "2023-02-02",
    "symbol": "GILD",
    "eps": 1.67,
    "epsEstimated": 1.5,
    "time": "amc",
    "revenue": 7389000000,
    "revenueEstimated": 6635309926,
    "updatedFromDate": "2025-04-25",
    "fiscalDateEnding": "2022-12-31"
  },
  {
    "date": "2022-10-27",
    "symbol": "GILD",
    "eps": 1.9,
    "epsEstimated": 1.44,
    "time": "amc",
    "revenue": 7042000000,
    "revenueEstimated": 6130636275,
    "updatedFromDate": "2025-04-25",
    "fiscalDateEnding": "2022-09-30"
  },
  {
    "date": "2022-08-02",
    "symbol": "GILD",
    "eps": 1.58,
    "epsEstimated": 1.51,
    "time": "amc",
    "revenue": 6260000000,
    "revenueEstimated": 5861179441,
    "updatedFromDate": "2025-04-25",
    "fiscalDateEnding": "2022-06-30"
  },
  {
    "date": "2022-04-28",
    "symbol": "GILD",
    "eps": 2.12,
    "epsEstimated": 1.77,
    "time": "amc",
    "revenue": 6590000000,
    "revenueEstimated": 6285114427,
    "updatedFromDate": "2025-04-25",
    "fiscalDateEnding": "2022-03-31"
  },
  {
    "date": "2022-02-01",
    "symbol": "GILD",
    "eps": 0.69,
    "epsEstimated": 1.53,
    "time": "amc",
    "revenue": 7244000000,
    "revenueEstimated": 6614780097,
    "updatedFromDate": "2025-04-25",
    "fiscalDateEnding": "2021-12-31"
  },
  {
    "date": "2021-10-28",
    "symbol": "GILD",
    "eps": 2.65,
    "epsEstimated": 1.75,
    "time": "amc",
    "revenue": 7421000000,
    "revenueEstimated": 6154330000,
    "updatedFromDate": "2025-04-25",
    "fiscalDateEnding": "2021-09-30"
  },
  {
    "date": "2021-07-29",
    "symbol": "GILD",
    "eps": 1.87,
    "epsEstimated": 1.76,
    "time": "amc",
    "revenue": 6217000000,
    "revenueEstimated": 6217000000,
    "updatedFromDate": "2025-04-25",
    "fiscalDateEnding": "2021-06-30"
  },
  {
    "date": "2021-04-29",
    "symbol": "GILD",
    "eps": 2.08,
    "epsEstimated": 2.06,
    "time": "amc",
    "revenue": 6423000000,
    "revenueEstimated": 6683840000,
    "updatedFromDate": "2025-04-25",
    "fiscalDateEnding": "2021-03-31"
  },
  {
    "date": "2021-02-04",
    "symbol": "GILD",
    "eps": 2.19,
    "epsEstimated": 2.15,
    "time": "amc",
    "revenue": 7421000000,
    "revenueEstimated": 6731450000,
    "updatedFromDate": "2025-04-25",
    "fiscalDateEnding": "2020-12-31"
  },
  {
    "date": "2020-10-28",
    "symbol": "GILD",
    "eps": 2.11,
    "epsEstimated": 1.83,
    "time": "amc",
    "revenue": 6577000000,
    "revenueEstimated": 5922417061,
    "updatedFromDate": "2025-04-25",
    "fiscalDateEnding": "2020-09-30"
  },
  {
    "date": "2020-07-30",
    "symbol": "GILD",
    "eps": 1.11,
    "epsEstimated": 1.46,
    "time": "amc",
    "revenue": 5143000000,
    "revenueEstimated": 6718333333,
    "updatedFromDate": "2025-04-25",
    "fiscalDateEnding": "2020-06-30"
  },
  {
    "date": "2020-04-30",
    "symbol": "GILD",
    "eps": 1.68,
    "epsEstimated": 1.58,
    "time": "amc",
    "revenue": 5548000000,
    "revenueEstimated": 5217761904,
    "updatedFromDate": "2025-04-25",
    "fiscalDateEnding": "2020-03-31"
  },
  {
    "date": "2020-02-04",
    "symbol": "GILD",
    "eps": 1.3,
    "epsEstimated": 1.68,
    "time": "amc",
    "revenue": 5879000000,
    "revenueEstimated": 7552253846,
    "updatedFromDate": "2025-04-25",
    "fiscalDateEnding": "2019-12-31"
  },
  {
    "date": "2019-10-24",
    "symbol": "GILD",
    "eps": 1.75,
    "epsEstimated": 1.76,
    "time": "amc",
    "revenue": 5604000000,
    "revenueEstimated": 5571977142,
    "updatedFromDate": "2025-04-25",
    "fiscalDateEnding": "2019-09-30"
  },
  {
    "date": "2019-07-30",
    "symbol": "GILD",
    "eps": 1.82,
    "epsEstimated": 1.72,
    "time": "amc",
    "revenue": 5685000000,
    "revenueEstimated": 5372637362,
    "updatedFromDate": "2025-04-25",
    "fiscalDateEnding": "2019-06-30"
  },
  {
    "date": "2019-05-02",
    "symbol": "GILD",
    "eps": 1.76,
    "epsEstimated": 1.61,
    "time": "amc",
    "revenue": 5281000000,
    "revenueEstimated": 4830914772,
    "updatedFromDate": "2025-04-25",
    "fiscalDateEnding": "2019-03-31"
  },
  {
    "date": "2019-02-04",
    "symbol": "GILD",
    "eps": 1.44,
    "epsEstimated": 1.7,
    "time": "amc",
    "revenue": 5795000000,
    "revenueEstimated": 6841319444,
    "updatedFromDate": "2025-04-25",
    "fiscalDateEnding": "2018-12-31"
  },
  {
    "date": "2018-10-25",
    "symbol": "GILD",
    "eps": 1.84,
    "epsEstimated": 1.63,
    "time": "amc",
    "revenue": 5596000000,
    "revenueEstimated": 4957326086,
    "updatedFromDate": "2025-04-25",
    "fiscalDateEnding": "2018-09-30"
  },
  {
    "date": "2018-07-25",
    "symbol": "GILD",
    "eps": 1.91,
    "epsEstimated": 1.55,
    "time": "amc",
    "revenue": 5648000000,
    "revenueEstimated": 4613026178,
    "updatedFromDate": "2025-04-25",
    "fiscalDateEnding": "2018-06-30"
  },
  {
    "date": "2018-05-01",
    "symbol": "GILD",
    "eps": 1.48,
    "epsEstimated": 1.67,
    "time": "amc",
    "revenue": 5088000000,
    "revenueEstimated": 5741189189,
    "updatedFromDate": "2025-04-25",
    "fiscalDateEnding": "2018-03-31"
  },
  {
    "date": "2018-02-06",
    "symbol": "GILD",
    "eps": 1.78,
    "epsEstimated": 1.7,
    "time": "amc",
    "revenue": 5949000000,
    "revenueEstimated": 5581365168,
    "updatedFromDate": "2025-04-25",
    "fiscalDateEnding": "2017-12-31"
  },
  {
    "date": "2017-10-26",
    "symbol": "GILD",
    "eps": 2.27,
    "epsEstimated": 2.13,
    "time": "amc",
    "revenue": 6512000000,
    "revenueEstimated": 6110378854,
    "updatedFromDate": "2025-04-25",
    "fiscalDateEnding": "2017-09-30"
  },
  {
    "date": "2017-07-26",
    "symbol": "GILD",
    "eps": 2.56,
    "epsEstimated": 2.15,
    "time": "amc",
    "revenue": 7141000000,
    "revenueEstimated": 5997324218,
    "updatedFromDate": "2025-04-25",
    "fiscalDateEnding": "2017-06-30"
  },
  {
    "date": "2017-05-02",
    "symbol": "GILD",
    "eps": 2.23,
    "epsEstimated": 2.28,
    "time": "amc",
    "revenue": 6505000000,
    "revenueEstimated": 6650852017,
    "updatedFromDate": "2025-04-25",
    "fiscalDateEnding": "2017-03-31"
  },
  {
    "date": "2017-02-07",
    "symbol": "GILD",
    "eps": 2.7,
    "epsEstimated": 2.61,
    "time": "amc",
    "revenue": 7320000000,
    "revenueEstimated": 7075999999,
    "updatedFromDate": "2025-04-25",
    "fiscalDateEnding": "2016-12-31"
  },
  {
    "date": "2016-11-01",
    "symbol": "GILD",
    "eps": 2.75,
    "epsEstimated": 2.86,
    "time": "amc",
    "revenue": 7500000000,
    "revenueEstimated": 7800000000,
    "updatedFromDate": "2025-04-25",
    "fiscalDateEnding": "2016-09-30"
  },
  {
    "date": "2016-07-25",
    "symbol": "GILD",
    "eps": 3.08,
    "epsEstimated": 3.02,
    "time": "amc",
    "revenue": 7776000000,
    "revenueEstimated": 7624519480,
    "updatedFromDate": "2025-04-25",
    "fiscalDateEnding": "2016-06-30"
  }
]