[
  {
    "date": "2026-03-17",
    "symbol": "GIS",
    "eps": null,
    "epsEstimated": null,
    "time": "bmo",
    "revenue": null,
    "revenueEstimated": null,
    "updatedFromDate": "2025-10-02",
    "fiscalDateEnding": "2026-02-24"
  },
  {
    "date": "2025-12-17",
    "symbol": "GIS",
    "eps": null,
    "epsEstimated": 1.03,
    "time": "bmo",
    "revenue": null,
    "revenueEstimated": 4780179340,
    "updatedFromDate": "2025-10-02",
    "fiscalDateEnding": "2025-11-24"
  },
  {
    "date": "2025-09-17",
    "symbol": "GIS",
    "eps": 0.86,
    "epsEstimated": 0.818,
    "time": "bmo",
    "revenue": 4517500000,
    "revenueEstimated": 4537438633,
    "updatedFromDate": "2025-10-02",
    "fiscalDateEnding": "2025-08-24"
  },
  {
    "date": "2025-06-25",
    "symbol": "GIS",
    "eps": 0.74,
    "epsEstimated": 0.709,
    "time": "bmo",
    "revenue": 4556200000,
    "revenueEstimated": 4585774650,
    "updatedFromDate": "2025-09-25",
    "fiscalDateEnding": "2025-05-25"
  },
  {
    "date": "2025-03-19",
    "symbol": "GIS",
    "eps": 1,
    "epsEstimated": 0.958,
    "time": "bmo",
    "revenue": 4842200000,
    "revenueEstimated": 4950407774,
    "updatedFromDate": "2025-06-19",
    "fiscalDateEnding": "2025-02-23"
  },
  {
    "date": "2024-12-18",
    "symbol": "GIS",
    "eps": 1.4,
    "epsEstimated": 1.22,
    "time": "bmo",
    "revenue": 5240100000,
    "revenueEstimated": 5141786533,
    "updatedFromDate": "2025-04-25",
    "fiscalDateEnding": "2024-11-24"
  },
  {
    "date": "2024-09-18",
    "symbol": "GIS",
    "eps": 1.07,
    "epsEstimated": 1.06,
    "time": "bmo",
    "revenue": 4848100000,
    "revenueEstimated": 4801154267,
    "updatedFromDate": "2025-04-25",
    "fiscalDateEnding": "2024-08-25"
  },
  {
    "date": "2024-06-26",
    "symbol": "GIS",
    "eps": 1.01,
    "epsEstimated": 0.99,
    "time": "bmo",
    "revenue": 4713900000,
    "revenueEstimated": 4853364098,
    "updatedFromDate": "2025-04-25",
    "fiscalDateEnding": "2024-05-26"
  },
  {
    "date": "2024-03-20",
    "symbol": "GIS",
    "eps": 1.17,
    "epsEstimated": 1.05,
    "time": "bmo",
    "revenue": 5099200000,
    "revenueEstimated": 4968865036,
    "updatedFromDate": "2025-04-25",
    "fiscalDateEnding": "2024-02-25"
  },
  {
    "date": "2023-12-20",
    "symbol": "GIS",
    "eps": 1.25,
    "epsEstimated": 1.16,
    "time": "bmo",
    "revenue": 5139400000,
    "revenueEstimated": 5348060000,
    "updatedFromDate": "2025-04-25",
    "fiscalDateEnding": "2023-11-26"
  },
  {
    "date": "2023-09-20",
    "symbol": "GIS",
    "eps": 1.09,
    "epsEstimated": 1.08,
    "time": "bmo",
    "revenue": 4904700000,
    "revenueEstimated": 4884380000,
    "updatedFromDate": "2025-04-25",
    "fiscalDateEnding": "2023-08-27"
  },
  {
    "date": "2023-06-28",
    "symbol": "GIS",
    "eps": 1.12,
    "epsEstimated": 1.07,
    "time": "bmo",
    "revenue": 5030000000,
    "revenueEstimated": 5171270000,
    "updatedFromDate": "2025-04-25",
    "fiscalDateEnding": "2023-05-28"
  },
  {
    "date": "2023-03-23",
    "symbol": "GIS",
    "eps": 0.97,
    "epsEstimated": 0.93,
    "time": "bmo",
    "revenue": 5125900000,
    "revenueEstimated": 5134200000,
    "updatedFromDate": "2025-04-25",
    "fiscalDateEnding": "2023-02-26"
  },
  {
    "date": "2022-12-20",
    "symbol": "GIS",
    "eps": 1.1,
    "epsEstimated": 1.07,
    "time": "bmo",
    "revenue": 5220700000,
    "revenueEstimated": 5193648532,
    "updatedFromDate": "2025-04-25",
    "fiscalDateEnding": "2022-11-27"
  },
  {
    "date": "2022-09-21",
    "symbol": "GIS",
    "eps": 1.11,
    "epsEstimated": 1,
    "time": "bmo",
    "revenue": 4717600000,
    "revenueEstimated": 4718238561,
    "updatedFromDate": "2025-04-25",
    "fiscalDateEnding": "2022-08-28"
  },
  {
    "date": "2022-06-29",
    "symbol": "GIS",
    "eps": 1.12,
    "epsEstimated": 1.01,
    "time": "bmo",
    "revenue": 4891200000,
    "revenueEstimated": 4804649857,
    "updatedFromDate": "2025-04-25",
    "fiscalDateEnding": "2022-05-29"
  },
  {
    "date": "2022-03-23",
    "symbol": "GIS",
    "eps": 0.84,
    "epsEstimated": 0.78,
    "time": "bmo",
    "revenue": 4537700000,
    "revenueEstimated": 4544682038,
    "updatedFromDate": "2025-04-25",
    "fiscalDateEnding": "2022-02-27"
  },
  {
    "date": "2021-12-21",
    "symbol": "GIS",
    "eps": 0.99,
    "epsEstimated": 1.05,
    "time": "bmo",
    "revenue": 5024000000,
    "revenueEstimated": 4612350000,
    "updatedFromDate": "2025-04-25",
    "fiscalDateEnding": "2021-11-28"
  },
  {
    "date": "2021-09-22",
    "symbol": "GIS",
    "eps": 0.99,
    "epsEstimated": 0.89,
    "time": "bmo",
    "revenue": 4539900000,
    "revenueEstimated": 3972412500,
    "updatedFromDate": "2025-04-25",
    "fiscalDateEnding": "2021-08-29"
  },
  {
    "date": "2021-06-30",
    "symbol": "GIS",
    "eps": 0.91,
    "epsEstimated": 0.83,
    "time": "bmo",
    "revenue": 4523600000,
    "revenueEstimated": 4344940000,
    "updatedFromDate": "2025-04-25",
    "fiscalDateEnding": "2021-05-30"
  },
  {
    "date": "2021-03-24",
    "symbol": "GIS",
    "eps": 0.82,
    "epsEstimated": 0.84,
    "time": "bmo",
    "revenue": 4520000000,
    "revenueEstimated": 4441050000,
    "updatedFromDate": "2025-04-25",
    "fiscalDateEnding": "2021-02-28"
  },
  {
    "date": "2020-12-17",
    "symbol": "GIS",
    "eps": 1.06,
    "epsEstimated": 0.97,
    "time": "bmo",
    "revenue": 4719400000,
    "revenueEstimated": 4281154639,
    "updatedFromDate": "2025-04-25",
    "fiscalDateEnding": "2020-11-29"
  },
  {
    "date": "2020-09-23",
    "symbol": "GIS",
    "eps": 1,
    "epsEstimated": 0.87,
    "time": "bmo",
    "revenue": 4364000000,
    "revenueEstimated": 3796680000,
    "updatedFromDate": "2025-04-25",
    "fiscalDateEnding": "2020-08-30"
  },
  {
    "date": "2020-07-01",
    "symbol": "GIS",
    "eps": 1.1,
    "epsEstimated": 1.06,
    "time": "bmo",
    "revenue": 5023000000,
    "revenueEstimated": 4840345454,
    "updatedFromDate": "2025-04-25",
    "fiscalDateEnding": "2020-05-31"
  },
  {
    "date": "2020-03-18",
    "symbol": "GIS",
    "eps": 0.77,
    "epsEstimated": 0.76,
    "time": "bmo",
    "revenue": 4180300000,
    "revenueEstimated": 4126010389,
    "updatedFromDate": "2025-04-25",
    "fiscalDateEnding": "2020-02-23"
  },
  {
    "date": "2019-12-18",
    "symbol": "GIS",
    "eps": 0.95,
    "epsEstimated": 0.88,
    "time": "bmo",
    "revenue": 4420800000,
    "revenueEstimated": 4095056842,
    "updatedFromDate": "2025-04-25",
    "fiscalDateEnding": "2019-11-24"
  },
  {
    "date": "2019-09-18",
    "symbol": "GIS",
    "eps": 0.79,
    "epsEstimated": 0.77,
    "time": "bmo",
    "revenue": 4002500000,
    "revenueEstimated": 3901170886,
    "updatedFromDate": "2025-04-25",
    "fiscalDateEnding": "2019-08-25"
  },
  {
    "date": "2019-06-26",
    "symbol": "GIS",
    "eps": 0.83,
    "epsEstimated": 0.77,
    "time": "bmo",
    "revenue": 4161700000,
    "revenueEstimated": 3860854216,
    "updatedFromDate": "2025-04-25",
    "fiscalDateEnding": "2019-05-26"
  },
  {
    "date": "2019-03-20",
    "symbol": "GIS",
    "eps": 0.83,
    "epsEstimated": 0.69,
    "time": "bmo",
    "revenue": 4198300000,
    "revenueEstimated": 3490153012,
    "updatedFromDate": "2025-04-25",
    "fiscalDateEnding": "2019-02-24"
  },
  {
    "date": "2018-12-19",
    "symbol": "GIS",
    "eps": 0.85,
    "epsEstimated": 0.81,
    "time": "bmo",
    "revenue": 4411200000,
    "revenueEstimated": 4203614117,
    "updatedFromDate": "2025-04-25",
    "fiscalDateEnding": "2018-11-25"
  },
  {
    "date": "2018-09-18",
    "symbol": "GIS",
    "eps": 0.71,
    "epsEstimated": 0.64,
    "time": "bmo",
    "revenue": 4094000000,
    "revenueEstimated": 3690366197,
    "updatedFromDate": "2025-04-25",
    "fiscalDateEnding": "2018-08-26"
  },
  {
    "date": "2018-06-27",
    "symbol": "GIS",
    "eps": 0.79,
    "epsEstimated": 0.73,
    "time": "bmo",
    "revenue": 3890200000,
    "revenueEstimated": 3545498734,
    "updatedFromDate": "2025-04-25",
    "fiscalDateEnding": "2018-05-27"
  },
  {
    "date": "2018-03-21",
    "symbol": "GIS",
    "eps": 0.79,
    "epsEstimated": 0.79,
    "time": "bmo",
    "revenue": 3882300000,
    "revenueEstimated": 3833156962,
    "updatedFromDate": "2025-04-25",
    "fiscalDateEnding": "2018-02-25"
  },
  {
    "date": "2017-12-20",
    "symbol": "GIS",
    "eps": 0.82,
    "epsEstimated": 0.82,
    "time": "bmo",
    "revenue": 4198700000,
    "revenueEstimated": 4198700000,
    "updatedFromDate": "2025-04-25",
    "fiscalDateEnding": "2017-11-26"
  },
  {
    "date": "2017-09-20",
    "symbol": "GIS",
    "eps": 0.71,
    "epsEstimated": 0.76,
    "time": "bmo",
    "revenue": 3769200000,
    "revenueEstimated": 4034636619,
    "updatedFromDate": "2025-04-25",
    "fiscalDateEnding": "2017-08-27"
  },
  {
    "date": "2017-06-28",
    "symbol": "GIS",
    "eps": 0.73,
    "epsEstimated": 0.71,
    "time": "bmo",
    "revenue": 3806600000,
    "revenueEstimated": 3702309589,
    "updatedFromDate": "2025-04-25",
    "fiscalDateEnding": "2017-05-28"
  },
  {
    "date": "2017-03-21",
    "symbol": "GIS",
    "eps": 0.72,
    "epsEstimated": 0.71,
    "time": "bmo",
    "revenue": 3793200000,
    "revenueEstimated": 3740516666,
    "updatedFromDate": "2025-04-25",
    "fiscalDateEnding": "2017-02-26"
  },
  {
    "date": "2016-12-20",
    "symbol": "GIS",
    "eps": 0.85,
    "epsEstimated": 0.86,
    "time": "bmo",
    "revenue": 4112100000,
    "revenueEstimated": 4160477647,
    "updatedFromDate": "2025-04-25",
    "fiscalDateEnding": "2016-11-27"
  },
  {
    "date": "2016-09-21",
    "symbol": "GIS",
    "eps": 0.78,
    "epsEstimated": 0.75,
    "time": "bmo",
    "revenue": 3907900000,
    "revenueEstimated": 3757596153,
    "updatedFromDate": "2025-04-25",
    "fiscalDateEnding": "2016-08-28"
  },
  {
    "date": "2016-06-29",
    "symbol": "GIS",
    "eps": 0.66,
    "epsEstimated": 0.6,
    "time": "bmo",
    "revenue": 3927900000,
    "revenueEstimated": 3570818181,
    "updatedFromDate": "2025-04-25",
    "fiscalDateEnding": "2016-05-29"
  }
]