[
  {
    "date": "2026-04-28",
    "symbol": "GL",
    "eps": null,
    "epsEstimated": null,
    "time": "amc",
    "revenue": null,
    "revenueEstimated": null,
    "updatedFromDate": "2025-10-02",
    "fiscalDateEnding": "2026-03-30"
  },
  {
    "date": "2026-02-03",
    "symbol": "GL",
    "eps": null,
    "epsEstimated": null,
    "time": "amc",
    "revenue": null,
    "revenueEstimated": null,
    "updatedFromDate": "2025-10-02",
    "fiscalDateEnding": "2025-12-30"
  },
  {
    "date": "2025-10-22",
    "symbol": "GL",
    "eps": null,
    "epsEstimated": 4.52,
    "time": "bmo",
    "revenue": null,
    "revenueEstimated": 1519182000,
    "updatedFromDate": "2025-10-02",
    "fiscalDateEnding": "2025-09-30"
  },
  {
    "date": "2025-07-23",
    "symbol": "GL",
    "eps": 3.27,
    "epsEstimated": 3.25,
    "time": "amc",
    "revenue": 1481287000,
    "revenueEstimated": 1505714353,
    "updatedFromDate": "2025-10-02",
    "fiscalDateEnding": "2025-06-30"
  },
  {
    "date": "2025-04-30",
    "symbol": "GL",
    "eps": 3.07,
    "epsEstimated": 3.23,
    "time": "amc",
    "revenue": 1480422000,
    "revenueEstimated": 1488256153,
    "updatedFromDate": "2025-07-30",
    "fiscalDateEnding": "2025-03-31"
  },
  {
    "date": "2025-02-05",
    "symbol": "GL",
    "eps": 3.14,
    "epsEstimated": 3.12,
    "time": "amc",
    "revenue": 1466277000,
    "revenueEstimated": 1476800777,
    "updatedFromDate": "2025-05-05",
    "fiscalDateEnding": "2024-12-31"
  },
  {
    "date": "2024-10-23",
    "symbol": "GL",
    "eps": 3.49,
    "epsEstimated": 3.06,
    "time": "amc",
    "revenue": 1455407000,
    "revenueEstimated": 1464235687,
    "updatedFromDate": "2025-04-25",
    "fiscalDateEnding": "2024-09-30"
  },
  {
    "date": "2024-07-24",
    "symbol": "GL",
    "eps": 2.97,
    "epsEstimated": 2.91,
    "time": "amc",
    "revenue": 1440172000,
    "revenueEstimated": 1449140940,
    "updatedFromDate": "2025-04-25",
    "fiscalDateEnding": "2024-06-30"
  },
  {
    "date": "2024-04-22",
    "symbol": "GL",
    "eps": 2.78,
    "epsEstimated": 2.79,
    "time": "amc",
    "revenue": 1416139000,
    "revenueEstimated": 1424863197,
    "updatedFromDate": "2025-04-25",
    "fiscalDateEnding": "2024-03-31"
  },
  {
    "date": "2024-02-07",
    "symbol": "GL",
    "eps": 2.8,
    "epsEstimated": 2.73,
    "time": "amc",
    "revenue": 1415691000,
    "revenueEstimated": 1398504598,
    "updatedFromDate": "2025-04-25",
    "fiscalDateEnding": "2023-12-31"
  },
  {
    "date": "2023-10-25",
    "symbol": "GL",
    "eps": 2.71,
    "epsEstimated": 2.65,
    "time": "amc",
    "revenue": 1384118000,
    "revenueEstimated": 1384950000,
    "updatedFromDate": "2025-04-25",
    "fiscalDateEnding": "2023-09-30"
  },
  {
    "date": "2023-07-26",
    "symbol": "GL",
    "eps": 2.61,
    "epsEstimated": 2.57,
    "time": "amc",
    "revenue": 1326406000,
    "revenueEstimated": 1377030000,
    "updatedFromDate": "2025-04-25",
    "fiscalDateEnding": "2023-06-30"
  },
  {
    "date": "2023-05-03",
    "symbol": "GL",
    "eps": 2.53,
    "epsEstimated": 2.47,
    "time": "amc",
    "revenue": 1093468000,
    "revenueEstimated": 1364430000,
    "updatedFromDate": "2025-04-25",
    "fiscalDateEnding": "2023-03-31"
  },
  {
    "date": "2023-02-01",
    "symbol": "GL",
    "eps": 2.24,
    "epsEstimated": 2.17,
    "time": "amc",
    "revenue": 1322669000,
    "revenueEstimated": 1333799902,
    "updatedFromDate": "2025-04-25",
    "fiscalDateEnding": "2022-12-31"
  },
  {
    "date": "2022-10-26",
    "symbol": "GL",
    "eps": 2.15,
    "epsEstimated": 2.1,
    "time": "amc",
    "revenue": 1291273000,
    "revenueEstimated": 1326952222,
    "updatedFromDate": "2025-04-25",
    "fiscalDateEnding": "2022-09-30"
  },
  {
    "date": "2022-07-27",
    "symbol": "GL",
    "eps": 2.07,
    "epsEstimated": 2.05,
    "time": "amc",
    "revenue": 1291764000,
    "revenueEstimated": 1326952445,
    "updatedFromDate": "2025-04-25",
    "fiscalDateEnding": "2022-06-30"
  },
  {
    "date": "2022-04-20",
    "symbol": "GL",
    "eps": 1.7,
    "epsEstimated": 1.72,
    "time": "amc",
    "revenue": 1308356000,
    "revenueEstimated": 1323569441,
    "updatedFromDate": "2025-04-25",
    "fiscalDateEnding": "2022-03-31"
  },
  {
    "date": "2022-02-02",
    "symbol": "GL",
    "eps": 1.7,
    "epsEstimated": 1.76,
    "time": "amc",
    "revenue": 1297360000,
    "revenueEstimated": 1310830000,
    "updatedFromDate": "2025-04-25",
    "fiscalDateEnding": "2021-12-31"
  },
  {
    "date": "2021-10-20",
    "symbol": "GL",
    "eps": 1.78,
    "epsEstimated": 1.89,
    "time": "amc",
    "revenue": 1277838000,
    "revenueEstimated": 1263970000,
    "updatedFromDate": "2025-04-25",
    "fiscalDateEnding": "2021-09-30"
  },
  {
    "date": "2021-07-21",
    "symbol": "GL",
    "eps": 1.85,
    "epsEstimated": 1.82,
    "time": "amc",
    "revenue": 1271111000,
    "revenueEstimated": 1263970000,
    "updatedFromDate": "2025-04-25",
    "fiscalDateEnding": "2021-06-30"
  },
  {
    "date": "2021-04-21",
    "symbol": "GL",
    "eps": 1.53,
    "epsEstimated": 1.61,
    "time": "amc",
    "revenue": 1266560000,
    "revenueEstimated": 1236220000,
    "updatedFromDate": "2025-04-25",
    "fiscalDateEnding": "2021-03-31"
  },
  {
    "date": "2021-02-02",
    "symbol": "GL",
    "eps": 1.74,
    "epsEstimated": 1.72,
    "time": "amc",
    "revenue": 1228941000,
    "revenueEstimated": 1201080000,
    "updatedFromDate": "2025-04-25",
    "fiscalDateEnding": "2020-12-31"
  },
  {
    "date": "2020-10-21",
    "symbol": "GL",
    "eps": 1.75,
    "epsEstimated": 1.75,
    "time": "amc",
    "revenue": 1195042000,
    "revenueEstimated": 1195042000,
    "updatedFromDate": "2025-04-25",
    "fiscalDateEnding": "2020-09-30"
  },
  {
    "date": "2020-07-22",
    "symbol": "GL",
    "eps": 1.65,
    "epsEstimated": 1.53,
    "time": "amc",
    "revenue": 1180884000,
    "revenueEstimated": 884716472,
    "updatedFromDate": "2025-04-25",
    "fiscalDateEnding": "2020-06-30"
  },
  {
    "date": "2020-04-22",
    "symbol": "GL",
    "eps": 1.73,
    "epsEstimated": 1.71,
    "time": "amc",
    "revenue": 1164908000,
    "revenueEstimated": 919406705,
    "updatedFromDate": "2025-04-25",
    "fiscalDateEnding": "2020-03-31"
  },
  {
    "date": "2020-02-04",
    "symbol": "GL",
    "eps": 1.7,
    "epsEstimated": 1.72,
    "time": "amc",
    "revenue": 1136576000,
    "revenueEstimated": 917594705,
    "updatedFromDate": "2025-04-25",
    "fiscalDateEnding": "2019-12-31"
  },
  {
    "date": "2019-10-23",
    "symbol": "GL",
    "eps": 1.73,
    "epsEstimated": 1.7,
    "time": "amc",
    "revenue": 1141279000,
    "revenueEstimated": 884816589,
    "updatedFromDate": "2025-04-25",
    "fiscalDateEnding": "2019-09-30"
  },
  {
    "date": "2019-07-24",
    "symbol": "GL",
    "eps": 1.67,
    "epsEstimated": 1.65,
    "time": "bmo",
    "revenue": 1130461000,
    "revenueEstimated": 887128922,
    "updatedFromDate": "2025-04-25",
    "fiscalDateEnding": "2019-06-30"
  },
  {
    "date": "2019-04-17",
    "symbol": "GL",
    "eps": 1.64,
    "epsEstimated": 1.59,
    "time": "bmo",
    "revenue": 1119000000,
    "revenueEstimated": 864042841,
    "updatedFromDate": "2025-04-25",
    "fiscalDateEnding": "2019-03-31"
  },
  {
    "date": "2019-02-05",
    "symbol": "GL",
    "eps": 1.56,
    "epsEstimated": 1.56,
    "time": "bmo",
    "revenue": 1064000000,
    "revenueEstimated": 857104000,
    "updatedFromDate": "2025-04-25",
    "fiscalDateEnding": "2018-12-31"
  },
  {
    "date": "2018-10-24",
    "symbol": "GL",
    "eps": 1.59,
    "epsEstimated": 1.53,
    "time": "bmo",
    "revenue": 1084000000,
    "revenueEstimated": 828605660,
    "updatedFromDate": "2025-04-25",
    "fiscalDateEnding": "2018-09-30"
  },
  {
    "date": "2018-07-25",
    "symbol": "GL",
    "eps": 1.51,
    "epsEstimated": 1.49,
    "time": "bmo",
    "revenue": 1085000000,
    "revenueEstimated": 843083443,
    "updatedFromDate": "2025-04-25",
    "fiscalDateEnding": "2018-06-30"
  },
  {
    "date": "2018-04-18",
    "symbol": "GL",
    "eps": 1.47,
    "epsEstimated": 1.45,
    "time": "bmo",
    "revenue": 1070000000,
    "revenueEstimated": 838829931,
    "updatedFromDate": "2025-04-25",
    "fiscalDateEnding": "2018-03-31"
  },
  {
    "date": "2018-02-07",
    "symbol": "GL",
    "eps": 1.24,
    "epsEstimated": 1.23,
    "time": "bmo",
    "revenue": 1057000000,
    "revenueEstimated": 819834677,
    "updatedFromDate": "2025-04-25",
    "fiscalDateEnding": "2017-12-31"
  },
  {
    "date": "2017-10-24",
    "symbol": "GL",
    "eps": 1.23,
    "epsEstimated": 1.2,
    "time": "bmo",
    "revenue": 1046000000,
    "revenueEstimated": 799512195,
    "updatedFromDate": "2025-04-25",
    "fiscalDateEnding": "2017-09-30"
  },
  {
    "date": "2017-07-26",
    "symbol": "GL",
    "eps": 1.19,
    "epsEstimated": 1.17,
    "time": "bmo",
    "revenue": 1029000000,
    "revenueEstimated": 803268907,
    "updatedFromDate": "2025-04-25",
    "fiscalDateEnding": "2017-06-30"
  },
  {
    "date": "2017-04-19",
    "symbol": "GL",
    "eps": 1.15,
    "epsEstimated": 1.14,
    "time": "bmo",
    "revenue": 1023000000,
    "revenueEstimated": 813860869,
    "updatedFromDate": "2025-04-25",
    "fiscalDateEnding": "2017-03-31"
  },
  {
    "date": "2017-02-01",
    "symbol": "GL",
    "eps": 1.15,
    "epsEstimated": 1.13,
    "time": "bmo",
    "revenue": 975000000,
    "revenueEstimated": 774590434,
    "updatedFromDate": "2025-04-25",
    "fiscalDateEnding": "2016-12-31"
  },
  {
    "date": "2016-10-25",
    "symbol": "GL",
    "eps": 1.15,
    "epsEstimated": 1.12,
    "time": "bmo",
    "revenue": 989000000,
    "revenueEstimated": 763158260,
    "updatedFromDate": "2025-04-25",
    "fiscalDateEnding": "2016-09-30"
  },
  {
    "date": "2016-07-27",
    "symbol": "GL",
    "eps": 1.11,
    "epsEstimated": 1.09,
    "time": "bmo",
    "revenue": 992000000,
    "revenueEstimated": 772034234,
    "updatedFromDate": "2025-04-25",
    "fiscalDateEnding": "2016-06-30"
  }
]