[
  {
    "date": "2026-04-27",
    "symbol": "GLW",
    "eps": null,
    "epsEstimated": null,
    "time": "bmo",
    "revenue": null,
    "revenueEstimated": null,
    "updatedFromDate": "2025-10-02",
    "fiscalDateEnding": "2026-03-30"
  },
  {
    "date": "2026-01-27",
    "symbol": "GLW",
    "eps": null,
    "epsEstimated": null,
    "time": "bmo",
    "revenue": null,
    "revenueEstimated": null,
    "updatedFromDate": "2025-10-02",
    "fiscalDateEnding": "2025-12-30"
  },
  {
    "date": "2025-10-28",
    "symbol": "GLW",
    "eps": null,
    "epsEstimated": 0.66,
    "time": "bmo",
    "revenue": null,
    "revenueEstimated": 4238569580,
    "updatedFromDate": "2025-10-02",
    "fiscalDateEnding": "2025-09-30"
  },
  {
    "date": "2025-07-29",
    "symbol": "GLW",
    "eps": 0.6,
    "epsEstimated": 0.571,
    "time": "bmo",
    "revenue": 3862000000,
    "revenueEstimated": 3856072670,
    "updatedFromDate": "2025-10-02",
    "fiscalDateEnding": "2025-06-30"
  },
  {
    "date": "2025-04-29",
    "symbol": "GLW",
    "eps": 0.54,
    "epsEstimated": 0.507,
    "time": "bmo",
    "revenue": 3452000000,
    "revenueEstimated": 3643380974,
    "updatedFromDate": "2025-07-28",
    "fiscalDateEnding": "2025-03-31"
  },
  {
    "date": "2025-01-29",
    "symbol": "GLW",
    "eps": 0.57,
    "epsEstimated": 0.56,
    "time": "bmo",
    "revenue": 3501000000,
    "revenueEstimated": 3763835760,
    "updatedFromDate": "2025-04-29",
    "fiscalDateEnding": "2024-12-31"
  },
  {
    "date": "2024-10-29",
    "symbol": "GLW",
    "eps": 0.54,
    "epsEstimated": 0.526,
    "time": "bmo",
    "revenue": 3391000000,
    "revenueEstimated": 3716779400,
    "updatedFromDate": "2025-04-25",
    "fiscalDateEnding": "2024-09-30"
  },
  {
    "date": "2024-07-30",
    "symbol": "GLW",
    "eps": 0.47,
    "epsEstimated": 0.4631,
    "time": "bmo",
    "revenue": 3251000000,
    "revenueEstimated": 3549707683,
    "updatedFromDate": "2025-04-25",
    "fiscalDateEnding": "2024-06-30"
  },
  {
    "date": "2024-04-30",
    "symbol": "GLW",
    "eps": 0.38,
    "epsEstimated": 0.3518,
    "time": "bmo",
    "revenue": 2975000000,
    "revenueEstimated": 3117630997,
    "updatedFromDate": "2025-04-25",
    "fiscalDateEnding": "2024-03-31"
  },
  {
    "date": "2024-01-30",
    "symbol": "GLW",
    "eps": 0.39,
    "epsEstimated": 0.4,
    "time": "bmo",
    "revenue": 2994000000,
    "revenueEstimated": 3252780000,
    "updatedFromDate": "2025-04-25",
    "fiscalDateEnding": "2023-12-31"
  },
  {
    "date": "2023-10-24",
    "symbol": "GLW",
    "eps": 0.45,
    "epsEstimated": 0.46,
    "time": "bmo",
    "revenue": 3173000000,
    "revenueEstimated": 3502080000,
    "updatedFromDate": "2025-04-25",
    "fiscalDateEnding": "2023-09-30"
  },
  {
    "date": "2023-07-25",
    "symbol": "GLW",
    "eps": 0.45,
    "epsEstimated": 0.46,
    "time": "bmo",
    "revenue": 3243000000,
    "revenueEstimated": 3480910000,
    "updatedFromDate": "2025-04-25",
    "fiscalDateEnding": "2023-06-30"
  },
  {
    "date": "2023-04-25",
    "symbol": "GLW",
    "eps": 0.41,
    "epsEstimated": 0.39,
    "time": "bmo",
    "revenue": 3178000000,
    "revenueEstimated": 3343210000,
    "updatedFromDate": "2025-04-25",
    "fiscalDateEnding": "2023-03-31"
  },
  {
    "date": "2023-01-31",
    "symbol": "GLW",
    "eps": 0.47,
    "epsEstimated": 0.44,
    "time": "bmo",
    "revenue": 3406000000,
    "revenueEstimated": 3550769940,
    "updatedFromDate": "2025-04-25",
    "fiscalDateEnding": "2022-12-31"
  },
  {
    "date": "2022-10-25",
    "symbol": "GLW",
    "eps": 0.51,
    "epsEstimated": 0.51,
    "time": "bmo",
    "revenue": 3488000000,
    "revenueEstimated": 3664095403,
    "updatedFromDate": "2025-04-25",
    "fiscalDateEnding": "2022-09-30"
  },
  {
    "date": "2022-07-26",
    "symbol": "GLW",
    "eps": 0.57,
    "epsEstimated": 0.56,
    "time": "bmo",
    "revenue": 3615000000,
    "revenueEstimated": 3776444216,
    "updatedFromDate": "2025-04-25",
    "fiscalDateEnding": "2022-06-30"
  },
  {
    "date": "2022-04-26",
    "symbol": "GLW",
    "eps": 0.54,
    "epsEstimated": 0.5,
    "time": "bmo",
    "revenue": 3680000000,
    "revenueEstimated": 3551677611,
    "updatedFromDate": "2025-04-25",
    "fiscalDateEnding": "2022-03-31"
  },
  {
    "date": "2022-01-26",
    "symbol": "GLW",
    "eps": 0.54,
    "epsEstimated": 0.52,
    "time": "bmo",
    "revenue": 3676000000,
    "revenueEstimated": 3590759816,
    "updatedFromDate": "2025-04-25",
    "fiscalDateEnding": "2021-12-31"
  },
  {
    "date": "2021-10-26",
    "symbol": "GLW",
    "eps": 0.56,
    "epsEstimated": 0.58,
    "time": "bmo",
    "revenue": 3615000000,
    "revenueEstimated": 3634600000,
    "updatedFromDate": "2025-04-25",
    "fiscalDateEnding": "2021-09-30"
  },
  {
    "date": "2021-07-27",
    "symbol": "GLW",
    "eps": 0.53,
    "epsEstimated": 0.51,
    "time": "bmo",
    "revenue": 3501000000,
    "revenueEstimated": 3634600000,
    "updatedFromDate": "2025-04-25",
    "fiscalDateEnding": "2021-06-30"
  },
  {
    "date": "2021-04-27",
    "symbol": "GLW",
    "eps": 0.45,
    "epsEstimated": 0.42,
    "time": "bmo",
    "revenue": 3290000000,
    "revenueEstimated": 3102740000,
    "updatedFromDate": "2025-04-25",
    "fiscalDateEnding": "2021-03-31"
  },
  {
    "date": "2021-01-27",
    "symbol": "GLW",
    "eps": 0.52,
    "epsEstimated": 0.48,
    "time": "bmo",
    "revenue": 3350000000,
    "revenueEstimated": 3144897959,
    "updatedFromDate": "2025-04-25",
    "fiscalDateEnding": "2020-12-31"
  },
  {
    "date": "2020-10-27",
    "symbol": "GLW",
    "eps": 0.43,
    "epsEstimated": 0.38,
    "time": "bmo",
    "revenue": 3001000000,
    "revenueEstimated": 2652046511,
    "updatedFromDate": "2025-04-25",
    "fiscalDateEnding": "2020-09-30"
  },
  {
    "date": "2020-07-28",
    "symbol": "GLW",
    "eps": 0.25,
    "epsEstimated": 0.11,
    "time": "bmo",
    "revenue": 2561000000,
    "revenueEstimated": 1782696091,
    "updatedFromDate": "2025-04-25",
    "fiscalDateEnding": "2020-06-30"
  },
  {
    "date": "2020-04-28",
    "symbol": "GLW",
    "eps": 0.2,
    "epsEstimated": 0.17,
    "time": "bmo",
    "revenue": 2391000000,
    "revenueEstimated": 2032350000,
    "updatedFromDate": "2025-04-25",
    "fiscalDateEnding": "2020-03-31"
  },
  {
    "date": "2020-01-29",
    "symbol": "GLW",
    "eps": 0.46,
    "epsEstimated": 0.44,
    "time": "bmo",
    "revenue": 2817000000,
    "revenueEstimated": 2694521739,
    "updatedFromDate": "2025-04-25",
    "fiscalDateEnding": "2019-12-31"
  },
  {
    "date": "2019-10-29",
    "symbol": "GLW",
    "eps": 0.44,
    "epsEstimated": 0.4,
    "time": "bmo",
    "revenue": 2934000000,
    "revenueEstimated": 2667272727,
    "updatedFromDate": "2025-04-25",
    "fiscalDateEnding": "2019-09-30"
  },
  {
    "date": "2019-07-30",
    "symbol": "GLW",
    "eps": 0.45,
    "epsEstimated": 0.44,
    "time": "bmo",
    "revenue": 2940000000,
    "revenueEstimated": 2940000000,
    "updatedFromDate": "2025-04-25",
    "fiscalDateEnding": "2019-06-30"
  },
  {
    "date": "2019-04-30",
    "symbol": "GLW",
    "eps": 0.4,
    "epsEstimated": 0.39,
    "time": "bmo",
    "revenue": 2812000000,
    "revenueEstimated": 2812000000,
    "updatedFromDate": "2025-04-25",
    "fiscalDateEnding": "2019-03-31"
  },
  {
    "date": "2019-01-29",
    "symbol": "GLW",
    "eps": 0.59,
    "epsEstimated": 0.57,
    "time": "bmo",
    "revenue": 3035000000,
    "revenueEstimated": 2932118644,
    "updatedFromDate": "2025-04-25",
    "fiscalDateEnding": "2018-12-31"
  },
  {
    "date": "2018-10-23",
    "symbol": "GLW",
    "eps": 0.51,
    "epsEstimated": 0.48,
    "time": "bmo",
    "revenue": 3008000000,
    "revenueEstimated": 2890039215,
    "updatedFromDate": "2025-04-25",
    "fiscalDateEnding": "2018-09-30"
  },
  {
    "date": "2018-07-25",
    "symbol": "GLW",
    "eps": 0.38,
    "epsEstimated": 0.37,
    "time": "bmo",
    "revenue": 2747000000,
    "revenueEstimated": 2674710526,
    "updatedFromDate": "2025-04-25",
    "fiscalDateEnding": "2018-06-30"
  },
  {
    "date": "2018-04-24",
    "symbol": "GLW",
    "eps": 0.31,
    "epsEstimated": 0.3,
    "time": "bmo",
    "revenue": 2500000000,
    "revenueEstimated": 2419354838,
    "updatedFromDate": "2025-04-25",
    "fiscalDateEnding": "2018-03-31"
  },
  {
    "date": "2018-01-30",
    "symbol": "GLW",
    "eps": 0.49,
    "epsEstimated": 0.47,
    "time": "bmo",
    "revenue": 2637000000,
    "revenueEstimated": 2529367346,
    "updatedFromDate": "2025-04-25",
    "fiscalDateEnding": "2017-12-31"
  },
  {
    "date": "2017-10-24",
    "symbol": "GLW",
    "eps": 0.43,
    "epsEstimated": 0.41,
    "time": "bmo",
    "revenue": 2607000000,
    "revenueEstimated": 2485744186,
    "updatedFromDate": "2025-04-25",
    "fiscalDateEnding": "2017-09-30"
  },
  {
    "date": "2017-07-26",
    "symbol": "GLW",
    "eps": 0.42,
    "epsEstimated": 0.4,
    "time": "bmo",
    "revenue": 2497000000,
    "revenueEstimated": 2378095238,
    "updatedFromDate": "2025-04-25",
    "fiscalDateEnding": "2017-06-30"
  },
  {
    "date": "2017-04-25",
    "symbol": "GLW",
    "eps": 0.39,
    "epsEstimated": 0.35,
    "time": "bmo",
    "revenue": 2375000000,
    "revenueEstimated": 2131410256,
    "updatedFromDate": "2025-04-25",
    "fiscalDateEnding": "2017-03-31"
  },
  {
    "date": "2017-01-24",
    "symbol": "GLW",
    "eps": 0.5,
    "epsEstimated": 0.44,
    "time": "bmo",
    "revenue": 2476000000,
    "revenueEstimated": 2178880000,
    "updatedFromDate": "2025-04-25",
    "fiscalDateEnding": "2016-12-31"
  },
  {
    "date": "2016-10-25",
    "symbol": "GLW",
    "eps": 0.42,
    "epsEstimated": 0.38,
    "time": "bmo",
    "revenue": 2507000000,
    "revenueEstimated": 2268238095,
    "updatedFromDate": "2025-04-25",
    "fiscalDateEnding": "2016-09-30"
  },
  {
    "date": "2016-07-27",
    "symbol": "GLW",
    "eps": 0.37,
    "epsEstimated": 0.32,
    "time": "bmo",
    "revenue": 2360000000,
    "revenueEstimated": 2041081081,
    "updatedFromDate": "2025-04-25",
    "fiscalDateEnding": "2016-06-30"
  }
]