[
  {
    "date": "2026-04-27",
    "symbol": "GM",
    "eps": null,
    "epsEstimated": null,
    "time": "bmo",
    "revenue": null,
    "revenueEstimated": null,
    "updatedFromDate": "2025-10-02",
    "fiscalDateEnding": "2026-03-30"
  },
  {
    "date": "2026-01-26",
    "symbol": "GM",
    "eps": null,
    "epsEstimated": null,
    "time": "bmo",
    "revenue": null,
    "revenueEstimated": null,
    "updatedFromDate": "2025-10-02",
    "fiscalDateEnding": "2025-12-30"
  },
  {
    "date": "2025-10-21",
    "symbol": "GM",
    "eps": null,
    "epsEstimated": 2.32,
    "time": "bmo",
    "revenue": null,
    "revenueEstimated": 44669988200,
    "updatedFromDate": "2025-10-02",
    "fiscalDateEnding": "2025-09-30"
  },
  {
    "date": "2025-07-22",
    "symbol": "GM",
    "eps": 2.53,
    "epsEstimated": 2.34,
    "time": "bmo",
    "revenue": 47121000000,
    "revenueEstimated": 45994625844,
    "updatedFromDate": "2025-10-02",
    "fiscalDateEnding": "2025-06-30"
  },
  {
    "date": "2025-04-29",
    "symbol": "GM",
    "eps": 2.78,
    "epsEstimated": 2.68,
    "time": "bmo",
    "revenue": 44020000000,
    "revenueEstimated": 43233587048,
    "updatedFromDate": "2025-07-29",
    "fiscalDateEnding": "2025-03-31"
  },
  {
    "date": "2025-01-28",
    "symbol": "GM",
    "eps": 1.92,
    "epsEstimated": 1.75,
    "time": "bmo",
    "revenue": 47702000000,
    "revenueEstimated": 44982066766,
    "updatedFromDate": "2025-04-28",
    "fiscalDateEnding": "2024-12-31"
  },
  {
    "date": "2024-10-22",
    "symbol": "GM",
    "eps": 2.96,
    "epsEstimated": 2.43,
    "time": "bmo",
    "revenue": 48756000000,
    "revenueEstimated": 44670715458,
    "updatedFromDate": "2025-04-25",
    "fiscalDateEnding": "2024-09-30"
  },
  {
    "date": "2024-07-23",
    "symbol": "GM",
    "eps": 3.06,
    "epsEstimated": 2.75,
    "time": "bmo",
    "revenue": 47969000000,
    "revenueEstimated": 45406416865,
    "updatedFromDate": "2025-04-25",
    "fiscalDateEnding": "2024-06-30"
  },
  {
    "date": "2024-04-23",
    "symbol": "GM",
    "eps": 2.62,
    "epsEstimated": 2.15,
    "time": "bmo",
    "revenue": 43014000000,
    "revenueEstimated": 41094156454,
    "updatedFromDate": "2025-04-25",
    "fiscalDateEnding": "2024-03-31"
  },
  {
    "date": "2024-01-30",
    "symbol": "GM",
    "eps": 1.24,
    "epsEstimated": 1.16,
    "time": "bmo",
    "revenue": 42979000000,
    "revenueEstimated": 35812800000,
    "updatedFromDate": "2025-04-25",
    "fiscalDateEnding": "2023-12-31"
  },
  {
    "date": "2023-10-24",
    "symbol": "GM",
    "eps": 2.28,
    "epsEstimated": 1.88,
    "time": "bmo",
    "revenue": 44131000000,
    "revenueEstimated": 43677300000,
    "updatedFromDate": "2025-04-25",
    "fiscalDateEnding": "2023-09-30"
  },
  {
    "date": "2023-07-25",
    "symbol": "GM",
    "eps": 1.91,
    "epsEstimated": 1.85,
    "time": "bmo",
    "revenue": 44747000000,
    "revenueEstimated": 42643100000,
    "updatedFromDate": "2025-04-25",
    "fiscalDateEnding": "2023-06-30"
  },
  {
    "date": "2023-04-25",
    "symbol": "GM",
    "eps": 2.21,
    "epsEstimated": 1.73,
    "time": "bmo",
    "revenue": 39985000000,
    "revenueEstimated": 38950100000,
    "updatedFromDate": "2025-04-25",
    "fiscalDateEnding": "2023-03-31"
  },
  {
    "date": "2023-01-31",
    "symbol": "GM",
    "eps": 2.12,
    "epsEstimated": 1.68,
    "time": "bmo",
    "revenue": 43108000000,
    "revenueEstimated": 39956590855,
    "updatedFromDate": "2025-04-25",
    "fiscalDateEnding": "2022-12-31"
  },
  {
    "date": "2022-10-25",
    "symbol": "GM",
    "eps": 2.25,
    "epsEstimated": 1.88,
    "time": "bmo",
    "revenue": 41888000000,
    "revenueEstimated": 42085824341,
    "updatedFromDate": "2025-04-25",
    "fiscalDateEnding": "2022-09-30"
  },
  {
    "date": "2022-07-26",
    "symbol": "GM",
    "eps": 1.14,
    "epsEstimated": 1.2,
    "time": "bmo",
    "revenue": 35759000000,
    "revenueEstimated": 33185135211,
    "updatedFromDate": "2025-04-25",
    "fiscalDateEnding": "2022-06-30"
  },
  {
    "date": "2022-04-26",
    "symbol": "GM",
    "eps": 2.09,
    "epsEstimated": 1.67,
    "time": "amc",
    "revenue": 35979000000,
    "revenueEstimated": 36886433065,
    "updatedFromDate": "2025-04-25",
    "fiscalDateEnding": "2022-03-31"
  },
  {
    "date": "2022-02-01",
    "symbol": "GM",
    "eps": 1.35,
    "epsEstimated": 1.19,
    "time": "amc",
    "revenue": 33584000000,
    "revenueEstimated": 35752178391,
    "updatedFromDate": "2025-04-25",
    "fiscalDateEnding": "2021-12-31"
  },
  {
    "date": "2021-10-27",
    "symbol": "GM",
    "eps": 1.52,
    "epsEstimated": 0.96,
    "time": "bmo",
    "revenue": 26779000000,
    "revenueEstimated": 32859100000,
    "updatedFromDate": "2025-04-25",
    "fiscalDateEnding": "2021-09-30"
  },
  {
    "date": "2021-08-04",
    "symbol": "GM",
    "eps": 1.97,
    "epsEstimated": 2.23,
    "time": "bmo",
    "revenue": 34167000000,
    "revenueEstimated": 30894600000,
    "updatedFromDate": "2025-04-25",
    "fiscalDateEnding": "2021-06-30"
  },
  {
    "date": "2021-05-05",
    "symbol": "GM",
    "eps": 2.25,
    "epsEstimated": 1.04,
    "time": "bmo",
    "revenue": 32474000000,
    "revenueEstimated": 29560317182,
    "updatedFromDate": "2025-04-25",
    "fiscalDateEnding": "2021-03-31"
  },
  {
    "date": "2021-02-10",
    "symbol": "GM",
    "eps": 1.93,
    "epsEstimated": 1.6,
    "time": "bmo",
    "revenue": 37518000000,
    "revenueEstimated": 29779912500,
    "updatedFromDate": "2025-04-25",
    "fiscalDateEnding": "2020-12-31"
  },
  {
    "date": "2020-11-05",
    "symbol": "GM",
    "eps": 2.83,
    "epsEstimated": 1.38,
    "time": "bmo",
    "revenue": 35480000000,
    "revenueEstimated": 33824708552,
    "updatedFromDate": "2025-04-25",
    "fiscalDateEnding": "2020-09-30"
  },
  {
    "date": "2020-07-29",
    "symbol": "GM",
    "eps": -0.5,
    "epsEstimated": -1.72,
    "time": "bmo",
    "revenue": 16778000000,
    "revenueEstimated": 59394120000,
    "updatedFromDate": "2025-04-25",
    "fiscalDateEnding": "2020-06-30"
  },
  {
    "date": "2020-05-06",
    "symbol": "GM",
    "eps": 0.62,
    "epsEstimated": 0.18,
    "time": "bmo",
    "revenue": 32709000000,
    "revenueEstimated": 27322236551,
    "updatedFromDate": "2025-04-25",
    "fiscalDateEnding": "2020-03-31"
  },
  {
    "date": "2020-02-05",
    "symbol": "GM",
    "eps": 0.05,
    "epsEstimated": -0.11,
    "time": "bmo",
    "revenue": 30826000000,
    "revenueEstimated": 6165200000,
    "updatedFromDate": "2025-04-25",
    "fiscalDateEnding": "2019-12-31"
  },
  {
    "date": "2019-10-29",
    "symbol": "GM",
    "eps": 1.72,
    "epsEstimated": 1.18,
    "time": "bmo",
    "revenue": 35473000000,
    "revenueEstimated": 27017226744,
    "updatedFromDate": "2025-04-25",
    "fiscalDateEnding": "2019-09-30"
  },
  {
    "date": "2019-08-01",
    "symbol": "GM",
    "eps": 1.64,
    "epsEstimated": 1.44,
    "time": "bmo",
    "revenue": 36060000000,
    "revenueEstimated": 31662439024,
    "updatedFromDate": "2025-04-25",
    "fiscalDateEnding": "2019-06-30"
  },
  {
    "date": "2019-04-30",
    "symbol": "GM",
    "eps": 1.41,
    "epsEstimated": 1.11,
    "time": "bmo",
    "revenue": 34878000000,
    "revenueEstimated": 27457148936,
    "updatedFromDate": "2025-04-25",
    "fiscalDateEnding": "2019-03-31"
  },
  {
    "date": "2019-02-06",
    "symbol": "GM",
    "eps": 1.43,
    "epsEstimated": 1.22,
    "time": "bmo",
    "revenue": 38399000000,
    "revenueEstimated": 32759986013,
    "updatedFromDate": "2025-04-25",
    "fiscalDateEnding": "2018-12-31"
  },
  {
    "date": "2018-10-31",
    "symbol": "GM",
    "eps": 1.87,
    "epsEstimated": 1.25,
    "time": "bmo",
    "revenue": 35791000000,
    "revenueEstimated": 23924465240,
    "updatedFromDate": "2025-04-25",
    "fiscalDateEnding": "2018-09-30"
  },
  {
    "date": "2018-07-25",
    "symbol": "GM",
    "eps": 1.81,
    "epsEstimated": 1.78,
    "time": "bmo",
    "revenue": 36760000000,
    "revenueEstimated": 36150718232,
    "updatedFromDate": "2025-04-25",
    "fiscalDateEnding": "2018-06-30"
  },
  {
    "date": "2018-04-26",
    "symbol": "GM",
    "eps": 1.43,
    "epsEstimated": 1.22,
    "time": "bmo",
    "revenue": 36099000000,
    "revenueEstimated": 31302629370,
    "updatedFromDate": "2025-04-25",
    "fiscalDateEnding": "2018-03-31"
  },
  {
    "date": "2018-02-06",
    "symbol": "GM",
    "eps": 1.65,
    "epsEstimated": 1.34,
    "time": "bmo",
    "revenue": 37715000000,
    "revenueEstimated": 31543454545,
    "updatedFromDate": "2025-04-25",
    "fiscalDateEnding": "2017-12-31"
  },
  {
    "date": "2017-10-24",
    "symbol": "GM",
    "eps": 1.32,
    "epsEstimated": 1.07,
    "time": "bmo",
    "revenue": 33623000000,
    "revenueEstimated": 28528606060,
    "updatedFromDate": "2025-04-25",
    "fiscalDateEnding": "2017-09-30"
  },
  {
    "date": "2017-07-25",
    "symbol": "GM",
    "eps": 1.89,
    "epsEstimated": 1.72,
    "time": "bmo",
    "revenue": 36984000000,
    "revenueEstimated": 33070349206,
    "updatedFromDate": "2025-04-25",
    "fiscalDateEnding": "2017-06-30"
  },
  {
    "date": "2017-04-28",
    "symbol": "GM",
    "eps": 1.7,
    "epsEstimated": 1.48,
    "time": "bmo",
    "revenue": 41200000000,
    "revenueEstimated": 32443341176,
    "updatedFromDate": "2025-04-25",
    "fiscalDateEnding": "2017-03-31"
  },
  {
    "date": "2017-02-07",
    "symbol": "GM",
    "eps": 1.28,
    "epsEstimated": 1.17,
    "time": "bmo",
    "revenue": 43918000000,
    "revenueEstimated": 36467437499,
    "updatedFromDate": "2025-04-25",
    "fiscalDateEnding": "2016-12-31"
  },
  {
    "date": "2016-10-25",
    "symbol": "GM",
    "eps": 1.72,
    "epsEstimated": 1.45,
    "time": "bmo",
    "revenue": 42825000000,
    "revenueEstimated": 32784331395,
    "updatedFromDate": "2025-04-25",
    "fiscalDateEnding": "2016-09-30"
  },
  {
    "date": "2016-07-21",
    "symbol": "GM",
    "eps": 1.86,
    "epsEstimated": 1.52,
    "time": "bmo",
    "revenue": 42372000000,
    "revenueEstimated": 30549548387,
    "updatedFromDate": "2025-04-25",
    "fiscalDateEnding": "2016-06-30"
  }
]