[
  {
    "date": "2026-04-28",
    "symbol": "GNRC",
    "eps": null,
    "epsEstimated": null,
    "time": "bmo",
    "revenue": null,
    "revenueEstimated": null,
    "updatedFromDate": "2025-10-02",
    "fiscalDateEnding": "2026-03-30"
  },
  {
    "date": "2026-02-10",
    "symbol": "GNRC",
    "eps": null,
    "epsEstimated": null,
    "time": "bmo",
    "revenue": null,
    "revenueEstimated": null,
    "updatedFromDate": "2025-10-02",
    "fiscalDateEnding": "2025-12-30"
  },
  {
    "date": "2025-10-30",
    "symbol": "GNRC",
    "eps": null,
    "epsEstimated": 2.29,
    "time": "bmo",
    "revenue": null,
    "revenueEstimated": 1201733590,
    "updatedFromDate": "2025-10-02",
    "fiscalDateEnding": "2025-09-30"
  },
  {
    "date": "2025-07-30",
    "symbol": "GNRC",
    "eps": 1.65,
    "epsEstimated": 1.33,
    "time": "bmo",
    "revenue": 1061169000,
    "revenueEstimated": 1213632360,
    "updatedFromDate": "2025-10-02",
    "fiscalDateEnding": "2025-06-30"
  },
  {
    "date": "2025-04-30",
    "symbol": "GNRC",
    "eps": 1.26,
    "epsEstimated": 0.99,
    "time": "bmo",
    "revenue": 942121000,
    "revenueEstimated": 1064087300,
    "updatedFromDate": "2025-07-30",
    "fiscalDateEnding": "2025-03-31"
  },
  {
    "date": "2025-02-12",
    "symbol": "GNRC",
    "eps": 2.8,
    "epsEstimated": 2.49,
    "time": "bmo",
    "revenue": 1234801000,
    "revenueEstimated": 1245675190,
    "updatedFromDate": "2025-05-12",
    "fiscalDateEnding": "2024-12-31"
  },
  {
    "date": "2024-10-31",
    "symbol": "GNRC",
    "eps": 2.25,
    "epsEstimated": 1.95,
    "time": "bmo",
    "revenue": 1173563000,
    "revenueEstimated": 1233220000,
    "updatedFromDate": "2025-04-25",
    "fiscalDateEnding": "2024-09-30"
  },
  {
    "date": "2024-07-31",
    "symbol": "GNRC",
    "eps": 1.35,
    "epsEstimated": 1.24,
    "time": "bmo",
    "revenue": 998197000,
    "revenueEstimated": 999970000,
    "updatedFromDate": "2025-04-25",
    "fiscalDateEnding": "2024-06-30"
  },
  {
    "date": "2024-05-01",
    "symbol": "GNRC",
    "eps": 0.88,
    "epsEstimated": 0.72,
    "time": "bmo",
    "revenue": 889273000,
    "revenueEstimated": 885340000,
    "updatedFromDate": "2025-04-25",
    "fiscalDateEnding": "2024-03-31"
  },
  {
    "date": "2024-02-14",
    "symbol": "GNRC",
    "eps": 2.07,
    "epsEstimated": 2.1,
    "time": "bmo",
    "revenue": 1063670000,
    "revenueEstimated": 1093590000,
    "updatedFromDate": "2025-04-25",
    "fiscalDateEnding": "2023-12-31"
  },
  {
    "date": "2023-11-01",
    "symbol": "GNRC",
    "eps": 1.64,
    "epsEstimated": 1.5,
    "time": "bmo",
    "revenue": 1070667000,
    "revenueEstimated": 1044420000,
    "updatedFromDate": "2025-04-25",
    "fiscalDateEnding": "2023-09-30"
  },
  {
    "date": "2023-08-02",
    "symbol": "GNRC",
    "eps": 1.08,
    "epsEstimated": 1.16,
    "time": "bmo",
    "revenue": 1000420000,
    "revenueEstimated": 977150000,
    "updatedFromDate": "2025-04-25",
    "fiscalDateEnding": "2023-06-30"
  },
  {
    "date": "2023-05-03",
    "symbol": "GNRC",
    "eps": 0.63,
    "epsEstimated": 0.52,
    "time": "bmo",
    "revenue": 887910000,
    "revenueEstimated": 841010000,
    "updatedFromDate": "2025-04-25",
    "fiscalDateEnding": "2023-03-31"
  },
  {
    "date": "2023-02-15",
    "symbol": "GNRC",
    "eps": 1.78,
    "epsEstimated": 1.7,
    "time": "bmo",
    "revenue": 1049232000,
    "revenueEstimated": 1065289608,
    "updatedFromDate": "2025-04-25",
    "fiscalDateEnding": "2022-12-31"
  },
  {
    "date": "2022-11-02",
    "symbol": "GNRC",
    "eps": 1.75,
    "epsEstimated": 1.62,
    "time": "bmo",
    "revenue": 1088258000,
    "revenueEstimated": 1126798905,
    "updatedFromDate": "2025-04-25",
    "fiscalDateEnding": "2022-09-30"
  },
  {
    "date": "2022-08-03",
    "symbol": "GNRC",
    "eps": 2.99,
    "epsEstimated": 2.65,
    "time": "bmo",
    "revenue": 1291391000,
    "revenueEstimated": 1265186133,
    "updatedFromDate": "2025-04-25",
    "fiscalDateEnding": "2022-06-30"
  },
  {
    "date": "2022-05-04",
    "symbol": "GNRC",
    "eps": 2.09,
    "epsEstimated": 1.94,
    "time": "bmo",
    "revenue": 1135856000,
    "revenueEstimated": 1087648881,
    "updatedFromDate": "2025-04-25",
    "fiscalDateEnding": "2022-03-31"
  },
  {
    "date": "2022-02-16",
    "symbol": "GNRC",
    "eps": 2.51,
    "epsEstimated": 2.4,
    "time": "bmo",
    "revenue": 1067071000,
    "revenueEstimated": 1021423986,
    "updatedFromDate": "2025-04-25",
    "fiscalDateEnding": "2021-12-31"
  },
  {
    "date": "2021-11-02",
    "symbol": "GNRC",
    "eps": 2.35,
    "epsEstimated": 2.32,
    "time": "bmo",
    "revenue": 942698000,
    "revenueEstimated": 962360000,
    "updatedFromDate": "2025-04-25",
    "fiscalDateEnding": "2021-09-30"
  },
  {
    "date": "2021-07-28",
    "symbol": "GNRC",
    "eps": 2.39,
    "epsEstimated": 2.32,
    "time": "bmo",
    "revenue": 919981000,
    "revenueEstimated": 961640000,
    "updatedFromDate": "2025-04-25",
    "fiscalDateEnding": "2021-06-30"
  },
  {
    "date": "2021-04-29",
    "symbol": "GNRC",
    "eps": 2.38,
    "epsEstimated": 1.87,
    "time": "bmo",
    "revenue": 807434000,
    "revenueEstimated": 728950000,
    "updatedFromDate": "2025-04-25",
    "fiscalDateEnding": "2021-03-31"
  },
  {
    "date": "2021-02-11",
    "symbol": "GNRC",
    "eps": 2.12,
    "epsEstimated": 1.96,
    "time": "bmo",
    "revenue": 761082000,
    "revenueEstimated": 731550000,
    "updatedFromDate": "2025-04-25",
    "fiscalDateEnding": "2020-12-31"
  },
  {
    "date": "2020-10-28",
    "symbol": "GNRC",
    "eps": 2.08,
    "epsEstimated": 1.72,
    "time": "bmo",
    "revenue": 701355000,
    "revenueEstimated": 579966634,
    "updatedFromDate": "2025-04-25",
    "fiscalDateEnding": "2020-09-30"
  },
  {
    "date": "2020-07-30",
    "symbol": "GNRC",
    "eps": 1.4,
    "epsEstimated": 0.92,
    "time": "bmo",
    "revenue": 546848000,
    "revenueEstimated": 347639085,
    "updatedFromDate": "2025-04-25",
    "fiscalDateEnding": "2020-06-30"
  },
  {
    "date": "2020-04-30",
    "symbol": "GNRC",
    "eps": 0.87,
    "epsEstimated": 0.8,
    "time": "bmo",
    "revenue": 475915000,
    "revenueEstimated": 437622988,
    "updatedFromDate": "2025-04-25",
    "fiscalDateEnding": "2020-03-31"
  },
  {
    "date": "2020-02-13",
    "symbol": "GNRC",
    "eps": 1.53,
    "epsEstimated": 1.38,
    "time": "bmo",
    "revenue": 590932000,
    "revenueEstimated": 525272888,
    "updatedFromDate": "2025-04-25",
    "fiscalDateEnding": "2019-12-31"
  },
  {
    "date": "2019-10-31",
    "symbol": "GNRC",
    "eps": 1.43,
    "epsEstimated": 1.33,
    "time": "bmo",
    "revenue": 601135000,
    "revenueEstimated": 559097587,
    "updatedFromDate": "2025-04-25",
    "fiscalDateEnding": "2019-09-30"
  },
  {
    "date": "2019-08-01",
    "symbol": "GNRC",
    "eps": 1.2,
    "epsEstimated": 1.09,
    "time": "bmo",
    "revenue": 541916000,
    "revenueEstimated": 492240366,
    "updatedFromDate": "2025-04-25",
    "fiscalDateEnding": "2019-06-30"
  },
  {
    "date": "2019-05-02",
    "symbol": "GNRC",
    "eps": 0.91,
    "epsEstimated": 0.78,
    "time": "bmo",
    "revenue": 470353000,
    "revenueEstimated": 403159714,
    "updatedFromDate": "2025-04-25",
    "fiscalDateEnding": "2019-03-31"
  },
  {
    "date": "2019-02-14",
    "symbol": "GNRC",
    "eps": 1.42,
    "epsEstimated": 1.39,
    "time": "bmo",
    "revenue": 563404000,
    "revenueEstimated": 559294887,
    "updatedFromDate": "2025-04-25",
    "fiscalDateEnding": "2018-12-31"
  },
  {
    "date": "2018-11-01",
    "symbol": "GNRC",
    "eps": 1.43,
    "epsEstimated": 1.08,
    "time": "bmo",
    "revenue": 559515000,
    "revenueEstimated": 424749650,
    "updatedFromDate": "2025-04-25",
    "fiscalDateEnding": "2018-09-30"
  },
  {
    "date": "2018-08-01",
    "symbol": "GNRC",
    "eps": 1.11,
    "epsEstimated": 0.91,
    "time": "bmo",
    "revenue": 494949000,
    "revenueEstimated": 403459459,
    "updatedFromDate": "2025-04-25",
    "fiscalDateEnding": "2018-06-30"
  },
  {
    "date": "2018-05-02",
    "symbol": "GNRC",
    "eps": 0.74,
    "epsEstimated": 0.64,
    "time": "bmo",
    "revenue": 397634000,
    "revenueEstimated": 340625675,
    "updatedFromDate": "2025-04-25",
    "fiscalDateEnding": "2018-03-31"
  },
  {
    "date": "2018-02-13",
    "symbol": "GNRC",
    "eps": 1.37,
    "epsEstimated": 1.19,
    "time": "bmo",
    "revenue": 488002000,
    "revenueEstimated": 432743065,
    "updatedFromDate": "2025-04-25",
    "fiscalDateEnding": "2017-12-31"
  },
  {
    "date": "2017-11-01",
    "symbol": "GNRC",
    "eps": 0.93,
    "epsEstimated": 0.89,
    "time": "bmo",
    "revenue": 457253000,
    "revenueEstimated": 431294623,
    "updatedFromDate": "2025-04-25",
    "fiscalDateEnding": "2017-09-30"
  },
  {
    "date": "2017-08-02",
    "symbol": "GNRC",
    "eps": 0.69,
    "epsEstimated": 0.64,
    "time": "bmo",
    "revenue": 395376000,
    "revenueEstimated": 366284057,
    "updatedFromDate": "2025-04-25",
    "fiscalDateEnding": "2017-06-30"
  },
  {
    "date": "2017-04-27",
    "symbol": "GNRC",
    "eps": 0.41,
    "epsEstimated": 0.41,
    "time": "bmo",
    "revenue": 331814000,
    "revenueEstimated": 330500000,
    "updatedFromDate": "2025-04-25",
    "fiscalDateEnding": "2017-03-31"
  },
  {
    "date": "2017-02-14",
    "symbol": "GNRC",
    "eps": 1.12,
    "epsEstimated": 1.03,
    "time": "bmo",
    "revenue": 417421000,
    "revenueEstimated": 383858928,
    "updatedFromDate": "2025-04-25",
    "fiscalDateEnding": "2016-12-31"
  },
  {
    "date": "2016-10-26",
    "symbol": "GNRC",
    "eps": 0.82,
    "epsEstimated": 0.76,
    "time": "bmo",
    "revenue": 373121000,
    "revenueEstimated": 350350000,
    "updatedFromDate": "2025-04-25",
    "fiscalDateEnding": "2016-09-30"
  },
  {
    "date": "2016-08-02",
    "symbol": "GNRC",
    "eps": 0.64,
    "epsEstimated": 0.59,
    "time": "bmo",
    "revenue": 367376000,
    "revenueEstimated": 344437500,
    "updatedFromDate": "2025-04-25",
    "fiscalDateEnding": "2016-06-30"
  }
]