[
  {
    "date": "2026-04-22",
    "symbol": "GOOG",
    "eps": null,
    "epsEstimated": null,
    "time": "amc",
    "revenue": null,
    "revenueEstimated": null,
    "updatedFromDate": "2025-10-02",
    "fiscalDateEnding": "2026-03-30"
  },
  {
    "date": "2026-02-02",
    "symbol": "GOOG",
    "eps": null,
    "epsEstimated": null,
    "time": "amc",
    "revenue": null,
    "revenueEstimated": null,
    "updatedFromDate": "2025-10-02",
    "fiscalDateEnding": "2025-12-30"
  },
  {
    "date": "2025-11-04",
    "symbol": "GOOG",
    "eps": null,
    "epsEstimated": 2.3,
    "time": "bmo",
    "revenue": null,
    "revenueEstimated": null,
    "updatedFromDate": "2025-10-02",
    "fiscalDateEnding": "2025-09-30"
  },
  {
    "date": "2025-07-23",
    "symbol": "GOOG",
    "eps": 2.31,
    "epsEstimated": 2.18,
    "time": "amc",
    "revenue": 96428000000,
    "revenueEstimated": 94042223225,
    "updatedFromDate": "2025-10-02",
    "fiscalDateEnding": "2025-06-30"
  },
  {
    "date": "2025-04-24",
    "symbol": "GOOG",
    "eps": 2.81,
    "epsEstimated": 2.02,
    "time": "amc",
    "revenue": 90234000000,
    "revenueEstimated": 89204003142,
    "updatedFromDate": "2025-07-24",
    "fiscalDateEnding": "2025-03-31"
  },
  {
    "date": "2025-02-04",
    "symbol": "GOOG",
    "eps": 2.15,
    "epsEstimated": 2.12,
    "time": "amc",
    "revenue": 96469000000,
    "revenueEstimated": 96699415218,
    "updatedFromDate": "2025-07-16",
    "fiscalDateEnding": "2024-12-31"
  },
  {
    "date": "2024-10-29",
    "symbol": "GOOG",
    "eps": 2.12,
    "epsEstimated": 1.85,
    "time": "amc",
    "revenue": 88268000000,
    "revenueEstimated": 86390390001,
    "updatedFromDate": "2025-07-16",
    "fiscalDateEnding": "2024-09-30"
  },
  {
    "date": "2024-07-23",
    "symbol": "GOOG",
    "eps": 1.89,
    "epsEstimated": 1.84,
    "time": "amc",
    "revenue": 84742000000,
    "revenueEstimated": 84208298213,
    "updatedFromDate": "2025-07-16",
    "fiscalDateEnding": "2024-06-30"
  },
  {
    "date": "2024-04-25",
    "symbol": "GOOG",
    "eps": 1.89,
    "epsEstimated": 1.51,
    "time": "amc",
    "revenue": 80539000000,
    "revenueEstimated": 78732858414,
    "updatedFromDate": "2025-07-16",
    "fiscalDateEnding": "2024-03-31"
  },
  {
    "date": "2024-01-30",
    "symbol": "GOOG",
    "eps": 1.64,
    "epsEstimated": 1.59,
    "time": "amc",
    "revenue": 86310000000,
    "revenueEstimated": 78685400000,
    "updatedFromDate": "2025-07-16",
    "fiscalDateEnding": "2023-12-31"
  },
  {
    "date": "2023-10-24",
    "symbol": "GOOG",
    "eps": 1.55,
    "epsEstimated": 1.45,
    "time": "amc",
    "revenue": 76693000000,
    "revenueEstimated": 71557000000,
    "updatedFromDate": "2025-07-16",
    "fiscalDateEnding": "2023-09-30"
  },
  {
    "date": "2023-07-25",
    "symbol": "GOOG",
    "eps": 1.44,
    "epsEstimated": 1.34,
    "time": "amc",
    "revenue": 74604000000,
    "revenueEstimated": 65419100000,
    "updatedFromDate": "2025-07-16",
    "fiscalDateEnding": "2023-06-30"
  },
  {
    "date": "2023-04-25",
    "symbol": "GOOG",
    "eps": 1.17,
    "epsEstimated": 1.06,
    "time": "amc",
    "revenue": 69787000000,
    "revenueEstimated": 68883200000,
    "updatedFromDate": "2025-07-16",
    "fiscalDateEnding": "2023-03-31"
  },
  {
    "date": "2023-02-02",
    "symbol": "GOOG",
    "eps": 1.05,
    "epsEstimated": 1.19,
    "time": "amc",
    "revenue": 76048000000,
    "revenueEstimated": 76178599640,
    "updatedFromDate": "2025-07-16",
    "fiscalDateEnding": "2022-12-31"
  },
  {
    "date": "2022-10-25",
    "symbol": "GOOG",
    "eps": 1.06,
    "epsEstimated": 1.25,
    "time": "amc",
    "revenue": 69092000000,
    "revenueEstimated": 70976575302,
    "updatedFromDate": "2025-07-16",
    "fiscalDateEnding": "2022-09-30"
  },
  {
    "date": "2022-07-26",
    "symbol": "GOOG",
    "eps": 1.21,
    "epsEstimated": 1.3,
    "time": "amc",
    "revenue": 69685000000,
    "revenueEstimated": 69798841230,
    "updatedFromDate": "2025-07-16",
    "fiscalDateEnding": "2022-06-30"
  },
  {
    "date": "2022-04-26",
    "symbol": "GOOG",
    "eps": 1.23,
    "epsEstimated": 1.29,
    "time": "amc",
    "revenue": 68011000000,
    "revenueEstimated": 68055248066,
    "updatedFromDate": "2025-07-16",
    "fiscalDateEnding": "2022-03-31"
  },
  {
    "date": "2022-02-01",
    "symbol": "GOOG",
    "eps": 1.53,
    "epsEstimated": 1.38,
    "time": "amc",
    "revenue": 75325000000,
    "revenueEstimated": 72270996583,
    "updatedFromDate": "2025-07-16",
    "fiscalDateEnding": "2021-12-31"
  },
  {
    "date": "2021-10-26",
    "symbol": "GOOG",
    "eps": 1.4,
    "epsEstimated": 1.17,
    "time": "amc",
    "revenue": 65118000000,
    "revenueEstimated": 63378600000,
    "updatedFromDate": "2025-07-16",
    "fiscalDateEnding": "2021-09-30"
  },
  {
    "date": "2021-07-27",
    "symbol": "GOOG",
    "eps": 1.36,
    "epsEstimated": 0.96,
    "time": "amc",
    "revenue": 61880000000,
    "revenueEstimated": 63337000000,
    "updatedFromDate": "2025-07-16",
    "fiscalDateEnding": "2021-06-30"
  },
  {
    "date": "2021-04-27",
    "symbol": "GOOG",
    "eps": 1.31,
    "epsEstimated": 0.79,
    "time": "amc",
    "revenue": 55314000000,
    "revenueEstimated": 47157100785,
    "updatedFromDate": "2025-07-16",
    "fiscalDateEnding": "2021-03-31"
  },
  {
    "date": "2021-02-02",
    "symbol": "GOOG",
    "eps": 1.12,
    "epsEstimated": 0.8,
    "time": "amc",
    "revenue": 56898000000,
    "revenueEstimated": 51667227016,
    "updatedFromDate": "2025-07-16",
    "fiscalDateEnding": "2020-12-31"
  },
  {
    "date": "2020-10-29",
    "symbol": "GOOG",
    "eps": 0.82,
    "epsEstimated": 0.56,
    "time": "amc",
    "revenue": 46173000000,
    "revenueEstimated": 3427252439,
    "updatedFromDate": "2025-07-16",
    "fiscalDateEnding": "2020-09-30"
  },
  {
    "date": "2020-07-30",
    "symbol": "GOOG",
    "eps": 0.51,
    "epsEstimated": 0.42,
    "time": "amc",
    "revenue": 38297000000,
    "revenueEstimated": 31529810463,
    "updatedFromDate": "2025-07-16",
    "fiscalDateEnding": "2020-06-30"
  },
  {
    "date": "2020-04-28",
    "symbol": "GOOG",
    "eps": 0.49,
    "epsEstimated": 0.52,
    "time": "amc",
    "revenue": 41159000000,
    "revenueEstimated": 43285756838,
    "updatedFromDate": "2025-07-16",
    "fiscalDateEnding": "2020-03-31"
  },
  {
    "date": "2020-02-03",
    "symbol": "GOOG",
    "eps": 0.77,
    "epsEstimated": 0.63,
    "time": "amc",
    "revenue": 46075000000,
    "revenueEstimated": 37790504885,
    "updatedFromDate": "2025-07-16",
    "fiscalDateEnding": "2019-12-31"
  },
  {
    "date": "2019-10-28",
    "symbol": "GOOG",
    "eps": 0.54,
    "epsEstimated": 0.62,
    "time": "amc",
    "revenue": 40499000000,
    "revenueEstimated": 49863393280,
    "updatedFromDate": "2025-07-16",
    "fiscalDateEnding": "2019-09-30"
  },
  {
    "date": "2019-07-25",
    "symbol": "GOOG",
    "eps": 0.71,
    "epsEstimated": 0.57,
    "time": "amc",
    "revenue": 38944000000,
    "revenueEstimated": 31051057002,
    "updatedFromDate": "2025-07-16",
    "fiscalDateEnding": "2019-06-30"
  },
  {
    "date": "2019-04-29",
    "symbol": "GOOG",
    "eps": 0.6,
    "epsEstimated": 0.53,
    "time": "amc",
    "revenue": 36339000000,
    "revenueEstimated": 40661428421,
    "updatedFromDate": "2025-07-16",
    "fiscalDateEnding": "2019-03-31"
  },
  {
    "date": "2019-02-04",
    "symbol": "GOOG",
    "eps": 0.64,
    "epsEstimated": 0.54,
    "time": "amc",
    "revenue": 39276000000,
    "revenueEstimated": 33278490211,
    "updatedFromDate": "2025-07-16",
    "fiscalDateEnding": "2018-12-31"
  },
  {
    "date": "2018-10-25",
    "symbol": "GOOG",
    "eps": 0.65,
    "epsEstimated": 0.52,
    "time": "amc",
    "revenue": 33740000000,
    "revenueEstimated": 26867993874,
    "updatedFromDate": "2025-07-16",
    "fiscalDateEnding": "2018-09-30"
  },
  {
    "date": "2018-07-23",
    "symbol": "GOOG",
    "eps": 0.59,
    "epsEstimated": 0.477,
    "time": "amc",
    "revenue": 32657000000,
    "revenueEstimated": 68622859030,
    "updatedFromDate": "2025-07-16",
    "fiscalDateEnding": "2018-06-30"
  },
  {
    "date": "2018-04-23",
    "symbol": "GOOG",
    "eps": 0.5,
    "epsEstimated": 0.47,
    "time": "amc",
    "revenue": 31146000000,
    "revenueEstimated": 21776498124,
    "updatedFromDate": "2025-07-16",
    "fiscalDateEnding": "2018-03-31"
  },
  {
    "date": "2018-02-01",
    "symbol": "GOOG",
    "eps": 0.48,
    "epsEstimated": 0.498,
    "time": "amc",
    "revenue": 32323000000,
    "revenueEstimated": 33189389690,
    "updatedFromDate": "2025-07-16",
    "fiscalDateEnding": "2017-12-31"
  },
  {
    "date": "2017-10-26",
    "symbol": "GOOG",
    "eps": 0.48,
    "epsEstimated": 0.42,
    "time": "amc",
    "revenue": 27772000000,
    "revenueEstimated": 24173538140,
    "updatedFromDate": "2025-07-16",
    "fiscalDateEnding": "2017-09-30"
  },
  {
    "date": "2017-07-24",
    "symbol": "GOOG",
    "eps": 0.25,
    "epsEstimated": 0.22,
    "time": "amc",
    "revenue": 26010000000,
    "revenueEstimated": 23206526946,
    "updatedFromDate": "2025-07-16",
    "fiscalDateEnding": "2017-06-30"
  },
  {
    "date": "2017-04-27",
    "symbol": "GOOG",
    "eps": 0.39,
    "epsEstimated": 0.37,
    "time": "amc",
    "revenue": 24750000000,
    "revenueEstimated": 23661384217,
    "updatedFromDate": "2025-07-16",
    "fiscalDateEnding": "2017-03-31"
  },
  {
    "date": "2017-01-26",
    "symbol": "GOOG",
    "eps": 0.47,
    "epsEstimated": 0.48,
    "time": "amc",
    "revenue": 26064000000,
    "revenueEstimated": 26927230769,
    "updatedFromDate": "2025-07-16",
    "fiscalDateEnding": "2016-12-31"
  },
  {
    "date": "2016-10-27",
    "symbol": "GOOG",
    "eps": 0.45,
    "epsEstimated": 0.43,
    "time": "amc",
    "revenue": 22451000000,
    "revenueEstimated": 21410225165,
    "updatedFromDate": "2025-07-16",
    "fiscalDateEnding": "2016-09-30"
  },
  {
    "date": "2016-07-28",
    "symbol": "GOOG",
    "eps": 0.42,
    "epsEstimated": 0.4,
    "time": "amc",
    "revenue": 21500000000,
    "revenueEstimated": 20504156769,
    "updatedFromDate": "2025-07-16",
    "fiscalDateEnding": "2016-06-30"
  }
]