[
  {
    "date": "2026-04-20",
    "symbol": "GPC",
    "eps": null,
    "epsEstimated": null,
    "time": "bmo",
    "revenue": null,
    "revenueEstimated": null,
    "updatedFromDate": "2025-10-02",
    "fiscalDateEnding": "2026-03-30"
  },
  {
    "date": "2026-02-16",
    "symbol": "GPC",
    "eps": null,
    "epsEstimated": null,
    "time": "bmo",
    "revenue": null,
    "revenueEstimated": null,
    "updatedFromDate": "2025-10-02",
    "fiscalDateEnding": "2025-12-30"
  },
  {
    "date": "2025-10-28",
    "symbol": "GPC",
    "eps": null,
    "epsEstimated": 2.02,
    "time": "bmo",
    "revenue": null,
    "revenueEstimated": 6124328410,
    "updatedFromDate": "2025-10-02",
    "fiscalDateEnding": "2025-09-30"
  },
  {
    "date": "2025-07-22",
    "symbol": "GPC",
    "eps": 2.1,
    "epsEstimated": 2.06,
    "time": "bmo",
    "revenue": 6164425000,
    "revenueEstimated": 6116137466,
    "updatedFromDate": "2025-10-02",
    "fiscalDateEnding": "2025-06-30"
  },
  {
    "date": "2025-04-22",
    "symbol": "GPC",
    "eps": 1.75,
    "epsEstimated": 1.68,
    "time": "bmo",
    "revenue": 5866069000,
    "revenueEstimated": 5830231114,
    "updatedFromDate": "2025-07-21",
    "fiscalDateEnding": "2025-03-31"
  },
  {
    "date": "2025-02-18",
    "symbol": "GPC",
    "eps": 1.61,
    "epsEstimated": 1.55,
    "time": "bmo",
    "revenue": 5770173000,
    "revenueEstimated": 5714685084,
    "updatedFromDate": "2025-05-18",
    "fiscalDateEnding": "2024-12-31"
  },
  {
    "date": "2024-10-22",
    "symbol": "GPC",
    "eps": 1.88,
    "epsEstimated": 2.42,
    "time": "bmo",
    "revenue": 5970198000,
    "revenueEstimated": 5940755535,
    "updatedFromDate": "2025-04-24",
    "fiscalDateEnding": "2024-09-30"
  },
  {
    "date": "2024-07-23",
    "symbol": "GPC",
    "eps": 2.44,
    "epsEstimated": 2.59,
    "time": "bmo",
    "revenue": 5962567000,
    "revenueEstimated": 6030939307,
    "updatedFromDate": "2025-04-24",
    "fiscalDateEnding": "2024-06-30"
  },
  {
    "date": "2024-04-18",
    "symbol": "GPC",
    "eps": 2.22,
    "epsEstimated": 2.16,
    "time": "bmo",
    "revenue": 5783631000,
    "revenueEstimated": 5842686459,
    "updatedFromDate": "2025-04-24",
    "fiscalDateEnding": "2024-03-31"
  },
  {
    "date": "2024-02-15",
    "symbol": "GPC",
    "eps": 2.26,
    "epsEstimated": 2.2,
    "time": "bmo",
    "revenue": 5585884000,
    "revenueEstimated": 5642730000,
    "updatedFromDate": "2025-04-24",
    "fiscalDateEnding": "2023-12-31"
  },
  {
    "date": "2023-10-19",
    "symbol": "GPC",
    "eps": 2.49,
    "epsEstimated": 2.4,
    "time": "bmo",
    "revenue": 5824602000,
    "revenueEstimated": 5671220000,
    "updatedFromDate": "2025-04-24",
    "fiscalDateEnding": "2023-09-30"
  },
  {
    "date": "2023-07-20",
    "symbol": "GPC",
    "eps": 2.44,
    "epsEstimated": 2.34,
    "time": "bmo",
    "revenue": 5915006000,
    "revenueEstimated": 5955870000,
    "updatedFromDate": "2025-04-24",
    "fiscalDateEnding": "2023-06-30"
  },
  {
    "date": "2023-04-20",
    "symbol": "GPC",
    "eps": 2.14,
    "epsEstimated": 2.03,
    "time": "bmo",
    "revenue": 5765118000,
    "revenueEstimated": 5950690000,
    "updatedFromDate": "2025-04-24",
    "fiscalDateEnding": "2023-03-31"
  },
  {
    "date": "2023-02-23",
    "symbol": "GPC",
    "eps": 2.05,
    "epsEstimated": 1.89,
    "time": "bmo",
    "revenue": 5523650000,
    "revenueEstimated": 5352878318,
    "updatedFromDate": "2025-04-24",
    "fiscalDateEnding": "2022-12-31"
  },
  {
    "date": "2022-10-20",
    "symbol": "GPC",
    "eps": 2.23,
    "epsEstimated": 2.05,
    "time": "bmo",
    "revenue": 5675274000,
    "revenueEstimated": 5368830673,
    "updatedFromDate": "2025-04-24",
    "fiscalDateEnding": "2022-09-30"
  },
  {
    "date": "2022-07-27",
    "symbol": "GPC",
    "eps": 2.2,
    "epsEstimated": 2.03,
    "time": "bmo",
    "revenue": 5602414000,
    "revenueEstimated": 5294537862,
    "updatedFromDate": "2025-04-24",
    "fiscalDateEnding": "2022-06-30"
  },
  {
    "date": "2022-04-21",
    "symbol": "GPC",
    "eps": 1.86,
    "epsEstimated": 1.67,
    "time": "bmo",
    "revenue": 5294635000,
    "revenueEstimated": 5072811995,
    "updatedFromDate": "2025-04-24",
    "fiscalDateEnding": "2022-03-31"
  },
  {
    "date": "2022-02-17",
    "symbol": "GPC",
    "eps": 1.79,
    "epsEstimated": 1.6,
    "time": "bmo",
    "revenue": 4803209000,
    "revenueEstimated": 4670630178,
    "updatedFromDate": "2025-04-24",
    "fiscalDateEnding": "2021-12-31"
  },
  {
    "date": "2021-10-21",
    "symbol": "GPC",
    "eps": 1.88,
    "epsEstimated": 1.64,
    "time": "bmo",
    "revenue": 4818849000,
    "revenueEstimated": 4680920000,
    "updatedFromDate": "2025-04-24",
    "fiscalDateEnding": "2021-09-30"
  },
  {
    "date": "2021-07-22",
    "symbol": "GPC",
    "eps": 1.74,
    "epsEstimated": 1.54,
    "time": "bmo",
    "revenue": 4783738000,
    "revenueEstimated": 4680020000,
    "updatedFromDate": "2025-04-24",
    "fiscalDateEnding": "2021-06-30"
  },
  {
    "date": "2021-04-22",
    "symbol": "GPC",
    "eps": 1.5,
    "epsEstimated": 1.15,
    "time": "bmo",
    "revenue": 4464714000,
    "revenueEstimated": 3105888000,
    "updatedFromDate": "2025-04-24",
    "fiscalDateEnding": "2021-03-31"
  },
  {
    "date": "2021-02-17",
    "symbol": "GPC",
    "eps": 1.52,
    "epsEstimated": 1.35,
    "time": "bmo",
    "revenue": 4251594000,
    "revenueEstimated": 3716208088,
    "updatedFromDate": "2025-04-24",
    "fiscalDateEnding": "2020-12-31"
  },
  {
    "date": "2020-10-22",
    "symbol": "GPC",
    "eps": 1.63,
    "epsEstimated": 1.4,
    "time": "bmo",
    "revenue": 4370086000,
    "revenueEstimated": 3780258441,
    "updatedFromDate": "2025-04-24",
    "fiscalDateEnding": "2020-09-30"
  },
  {
    "date": "2020-07-30",
    "symbol": "GPC",
    "eps": 1.32,
    "epsEstimated": 1,
    "time": "bmo",
    "revenue": 3823227000,
    "revenueEstimated": 2693637204,
    "updatedFromDate": "2025-04-24",
    "fiscalDateEnding": "2020-06-30"
  },
  {
    "date": "2020-05-06",
    "symbol": "GPC",
    "eps": 0.92,
    "epsEstimated": 1.07,
    "time": "bmo",
    "revenue": 4559532000,
    "revenueEstimated": 4759785673,
    "updatedFromDate": "2025-04-24",
    "fiscalDateEnding": "2020-03-31"
  },
  {
    "date": "2020-02-19",
    "symbol": "GPC",
    "eps": 1.35,
    "epsEstimated": 1.31,
    "time": "bmo",
    "revenue": 4706189000,
    "revenueEstimated": 4531885703,
    "updatedFromDate": "2025-04-24",
    "fiscalDateEnding": "2019-12-31"
  },
  {
    "date": "2019-10-17",
    "symbol": "GPC",
    "eps": 1.5,
    "epsEstimated": 1.47,
    "time": "bmo",
    "revenue": 5015023000,
    "revenueEstimated": 4914722540,
    "updatedFromDate": "2025-04-24",
    "fiscalDateEnding": "2019-09-30"
  },
  {
    "date": "2019-07-18",
    "symbol": "GPC",
    "eps": 1.57,
    "epsEstimated": 1.65,
    "time": "bmo",
    "revenue": 4934260000,
    "revenueEstimated": 4685086719,
    "updatedFromDate": "2025-04-24",
    "fiscalDateEnding": "2019-06-30"
  },
  {
    "date": "2019-04-18",
    "symbol": "GPC",
    "eps": 1.28,
    "epsEstimated": 1.3,
    "time": "bmo",
    "revenue": 4736833000,
    "revenueEstimated": 4810846015,
    "updatedFromDate": "2025-04-24",
    "fiscalDateEnding": "2019-03-31"
  },
  {
    "date": "2019-02-19",
    "symbol": "GPC",
    "eps": 1.35,
    "epsEstimated": 1.31,
    "time": "bmo",
    "revenue": 4603792000,
    "revenueEstimated": 4467383348,
    "updatedFromDate": "2025-04-24",
    "fiscalDateEnding": "2018-12-31"
  },
  {
    "date": "2018-10-18",
    "symbol": "GPC",
    "eps": 1.48,
    "epsEstimated": 1.48,
    "time": "bmo",
    "revenue": 4722922000,
    "revenueEstimated": 4722922000,
    "updatedFromDate": "2025-04-24",
    "fiscalDateEnding": "2018-09-30"
  },
  {
    "date": "2018-07-19",
    "symbol": "GPC",
    "eps": 1.59,
    "epsEstimated": 1.58,
    "time": "bmo",
    "revenue": 4822065000,
    "revenueEstimated": 4791772327,
    "updatedFromDate": "2025-04-24",
    "fiscalDateEnding": "2018-06-30"
  },
  {
    "date": "2018-04-19",
    "symbol": "GPC",
    "eps": 1.27,
    "epsEstimated": 1.31,
    "time": "bmo",
    "revenue": 4586294000,
    "revenueEstimated": 4730750393,
    "updatedFromDate": "2025-04-24",
    "fiscalDateEnding": "2018-03-31"
  },
  {
    "date": "2018-02-20",
    "symbol": "GPC",
    "eps": 1.12,
    "epsEstimated": 1.11,
    "time": "bmo",
    "revenue": 4207076000,
    "revenueEstimated": 4094409821,
    "updatedFromDate": "2025-04-24",
    "fiscalDateEnding": "2017-12-31"
  },
  {
    "date": "2017-10-19",
    "symbol": "GPC",
    "eps": 1.16,
    "epsEstimated": 1.28,
    "time": "bmo",
    "revenue": 4095906000,
    "revenueEstimated": 4519613793,
    "updatedFromDate": "2025-04-24",
    "fiscalDateEnding": "2017-09-30"
  },
  {
    "date": "2017-07-20",
    "symbol": "GPC",
    "eps": 1.29,
    "epsEstimated": 1.31,
    "time": "bmo",
    "revenue": 4100178000,
    "revenueEstimated": 4163768992,
    "updatedFromDate": "2025-04-24",
    "fiscalDateEnding": "2017-06-30"
  },
  {
    "date": "2017-04-19",
    "symbol": "GPC",
    "eps": 1.08,
    "epsEstimated": 1.05,
    "time": "bmo",
    "revenue": 3905641000,
    "revenueEstimated": 3797111111,
    "updatedFromDate": "2025-04-24",
    "fiscalDateEnding": "2017-03-31"
  },
  {
    "date": "2017-02-21",
    "symbol": "GPC",
    "eps": 1.02,
    "epsEstimated": 1.01,
    "time": "bmo",
    "revenue": 3780065000,
    "revenueEstimated": 3743040196,
    "updatedFromDate": "2025-04-24",
    "fiscalDateEnding": "2016-12-31"
  },
  {
    "date": "2016-10-19",
    "symbol": "GPC",
    "eps": 1.24,
    "epsEstimated": 1.28,
    "time": "bmo",
    "revenue": 3941743000,
    "revenueEstimated": 4068851612,
    "updatedFromDate": "2025-04-24",
    "fiscalDateEnding": "2016-09-30"
  },
  {
    "date": "2016-07-19",
    "symbol": "GPC",
    "eps": 1.28,
    "epsEstimated": 1.29,
    "time": "bmo",
    "revenue": 3899638000,
    "revenueEstimated": 3930065625,
    "updatedFromDate": "2025-04-24",
    "fiscalDateEnding": "2016-06-30"
  }
]