[
  {
    "date": "2026-05-04",
    "symbol": "GPN",
    "eps": null,
    "epsEstimated": null,
    "time": "bmo",
    "revenue": null,
    "revenueEstimated": null,
    "updatedFromDate": "2025-10-02",
    "fiscalDateEnding": "2026-03-30"
  },
  {
    "date": "2026-02-11",
    "symbol": "GPN",
    "eps": null,
    "epsEstimated": null,
    "time": "bmo",
    "revenue": null,
    "revenueEstimated": null,
    "updatedFromDate": "2025-10-02",
    "fiscalDateEnding": "2025-12-30"
  },
  {
    "date": "2025-10-29",
    "symbol": "GPN",
    "eps": null,
    "epsEstimated": 3.23,
    "time": "bmo",
    "revenue": null,
    "revenueEstimated": 2410456120,
    "updatedFromDate": "2025-10-02",
    "fiscalDateEnding": "2025-09-30"
  },
  {
    "date": "2025-08-06",
    "symbol": "GPN",
    "eps": 3.1,
    "epsEstimated": 3.05,
    "time": "bmo",
    "revenue": 1956747000,
    "revenueEstimated": 2359581860,
    "updatedFromDate": "2025-10-02",
    "fiscalDateEnding": "2025-06-30"
  },
  {
    "date": "2025-05-06",
    "symbol": "GPN",
    "eps": 2.82,
    "epsEstimated": 2.68,
    "time": "bmo",
    "revenue": 2412098000,
    "revenueEstimated": 2200724139,
    "updatedFromDate": "2025-08-06",
    "fiscalDateEnding": "2025-03-31"
  },
  {
    "date": "2025-02-13",
    "symbol": "GPN",
    "eps": 2.95,
    "epsEstimated": 2.98,
    "time": "bmo",
    "revenue": 2515386000,
    "revenueEstimated": 2308061444,
    "updatedFromDate": "2025-05-13",
    "fiscalDateEnding": "2024-12-31"
  },
  {
    "date": "2024-10-30",
    "symbol": "GPN",
    "eps": 3.08,
    "epsEstimated": 3.09,
    "time": "bmo",
    "revenue": 2601552000,
    "revenueEstimated": 2380697057,
    "updatedFromDate": "2025-04-25",
    "fiscalDateEnding": "2024-09-30"
  },
  {
    "date": "2024-08-07",
    "symbol": "GPN",
    "eps": 2.93,
    "epsEstimated": 2.91,
    "time": "bmo",
    "revenue": 2568768000,
    "revenueEstimated": 2315758512,
    "updatedFromDate": "2025-04-25",
    "fiscalDateEnding": "2024-06-30"
  },
  {
    "date": "2024-05-01",
    "symbol": "GPN",
    "eps": 2.59,
    "epsEstimated": 2.57,
    "time": "bmo",
    "revenue": 2420187000,
    "revenueEstimated": 2174800831,
    "updatedFromDate": "2025-04-25",
    "fiscalDateEnding": "2024-03-31"
  },
  {
    "date": "2024-02-14",
    "symbol": "GPN",
    "eps": 2.65,
    "epsEstimated": 2.63,
    "time": "bmo",
    "revenue": 2433812000,
    "revenueEstimated": 2182310000,
    "updatedFromDate": "2025-04-25",
    "fiscalDateEnding": "2023-12-31"
  },
  {
    "date": "2023-10-31",
    "symbol": "GPN",
    "eps": 2.75,
    "epsEstimated": 2.71,
    "time": "bmo",
    "revenue": 2475691000,
    "revenueEstimated": 2226720000,
    "updatedFromDate": "2025-04-25",
    "fiscalDateEnding": "2023-09-30"
  },
  {
    "date": "2023-08-01",
    "symbol": "GPN",
    "eps": 2.62,
    "epsEstimated": 2.58,
    "time": "bmo",
    "revenue": 2452469000,
    "revenueEstimated": 2189410000,
    "updatedFromDate": "2025-04-25",
    "fiscalDateEnding": "2023-06-30"
  },
  {
    "date": "2023-05-01",
    "symbol": "GPN",
    "eps": 2.4,
    "epsEstimated": 2.3,
    "time": "bmo",
    "revenue": 2292447000,
    "revenueEstimated": 2007970000,
    "updatedFromDate": "2025-04-25",
    "fiscalDateEnding": "2023-03-31"
  },
  {
    "date": "2023-02-10",
    "symbol": "GPN",
    "eps": 2.42,
    "epsEstimated": 2.45,
    "time": "bmo",
    "revenue": 2252984000,
    "revenueEstimated": 2015744272,
    "updatedFromDate": "2025-04-25",
    "fiscalDateEnding": "2022-12-31"
  },
  {
    "date": "2022-10-31",
    "symbol": "GPN",
    "eps": 2.48,
    "epsEstimated": 2.49,
    "time": "bmo",
    "revenue": 2285371000,
    "revenueEstimated": 2036551559,
    "updatedFromDate": "2025-04-25",
    "fiscalDateEnding": "2022-09-30"
  },
  {
    "date": "2022-08-01",
    "symbol": "GPN",
    "eps": 2.36,
    "epsEstimated": 2.36,
    "time": "bmo",
    "revenue": 2280906000,
    "revenueEstimated": 2088091104,
    "updatedFromDate": "2025-04-25",
    "fiscalDateEnding": "2022-06-30"
  },
  {
    "date": "2022-05-02",
    "symbol": "GPN",
    "eps": 2.07,
    "epsEstimated": 2.04,
    "time": "bmo",
    "revenue": 2156254000,
    "revenueEstimated": 1955068249,
    "updatedFromDate": "2025-04-25",
    "fiscalDateEnding": "2022-03-31"
  },
  {
    "date": "2022-02-10",
    "symbol": "GPN",
    "eps": 2.13,
    "epsEstimated": 2.11,
    "time": "bmo",
    "revenue": 2193981000,
    "revenueEstimated": 1973822592,
    "updatedFromDate": "2025-04-25",
    "fiscalDateEnding": "2021-12-31"
  },
  {
    "date": "2021-11-02",
    "symbol": "GPN",
    "eps": 2.18,
    "epsEstimated": 2.14,
    "time": "bmo",
    "revenue": 2202337000,
    "revenueEstimated": 1991640000,
    "updatedFromDate": "2025-04-25",
    "fiscalDateEnding": "2021-09-30"
  },
  {
    "date": "2021-08-02",
    "symbol": "GPN",
    "eps": 2.04,
    "epsEstimated": 1.89,
    "time": "bmo",
    "revenue": 2137437000,
    "revenueEstimated": 1940540000,
    "updatedFromDate": "2025-04-25",
    "fiscalDateEnding": "2021-06-30"
  },
  {
    "date": "2021-05-04",
    "symbol": "GPN",
    "eps": 1.82,
    "epsEstimated": 1.77,
    "time": "bmo",
    "revenue": 1990007000,
    "revenueEstimated": 1773060000,
    "updatedFromDate": "2025-04-25",
    "fiscalDateEnding": "2021-03-31"
  },
  {
    "date": "2021-02-08",
    "symbol": "GPN",
    "eps": 1.8,
    "epsEstimated": 1.77,
    "time": "bmo",
    "revenue": 1930193000,
    "revenueEstimated": 1786990000,
    "updatedFromDate": "2025-04-25",
    "fiscalDateEnding": "2020-12-31"
  },
  {
    "date": "2020-10-29",
    "symbol": "GPN",
    "eps": 1.71,
    "epsEstimated": 1.65,
    "time": "bmo",
    "revenue": 1917815000,
    "revenueEstimated": 1861738538,
    "updatedFromDate": "2025-04-25",
    "fiscalDateEnding": "2020-09-30"
  },
  {
    "date": "2020-08-03",
    "symbol": "GPN",
    "eps": 1.31,
    "epsEstimated": 1.14,
    "time": "bmo",
    "revenue": 1671952000,
    "revenueEstimated": 3275312977,
    "updatedFromDate": "2025-04-25",
    "fiscalDateEnding": "2020-06-30"
  },
  {
    "date": "2020-05-06",
    "symbol": "GPN",
    "eps": 1.58,
    "epsEstimated": 1.52,
    "time": "bmo",
    "revenue": 1903598000,
    "revenueEstimated": 1843357556,
    "updatedFromDate": "2025-04-25",
    "fiscalDateEnding": "2020-03-31"
  },
  {
    "date": "2020-02-12",
    "symbol": "GPN",
    "eps": 1.62,
    "epsEstimated": 1.59,
    "time": "bmo",
    "revenue": 1987761000,
    "revenueEstimated": 1963220740,
    "updatedFromDate": "2025-04-25",
    "fiscalDateEnding": "2019-12-31"
  },
  {
    "date": "2019-10-31",
    "symbol": "GPN",
    "eps": 1.7,
    "epsEstimated": 1.66,
    "time": "bmo",
    "revenue": 1105941000,
    "revenueEstimated": 1086424394,
    "updatedFromDate": "2025-04-25",
    "fiscalDateEnding": "2019-09-30"
  },
  {
    "date": "2019-07-30",
    "symbol": "GPN",
    "eps": 1.51,
    "epsEstimated": 1.46,
    "time": "bmo",
    "revenue": 935152000,
    "revenueEstimated": 904186701,
    "updatedFromDate": "2025-04-25",
    "fiscalDateEnding": "2019-06-30"
  },
  {
    "date": "2019-05-02",
    "symbol": "GPN",
    "eps": 1.34,
    "epsEstimated": 1.3,
    "time": "bmo",
    "revenue": 883039000,
    "revenueEstimated": 850089783,
    "updatedFromDate": "2025-04-25",
    "fiscalDateEnding": "2019-03-31"
  },
  {
    "date": "2019-02-13",
    "symbol": "GPN",
    "eps": 1.33,
    "epsEstimated": 1.32,
    "time": "bmo",
    "revenue": 880555000,
    "revenueEstimated": 873934285,
    "updatedFromDate": "2025-04-25",
    "fiscalDateEnding": "2018-12-31"
  },
  {
    "date": "2018-10-30",
    "symbol": "GPN",
    "eps": 1.44,
    "epsEstimated": 1.39,
    "time": "bmo",
    "revenue": 857670000,
    "revenueEstimated": 827918750,
    "updatedFromDate": "2025-04-25",
    "fiscalDateEnding": "2018-09-30"
  },
  {
    "date": "2018-08-02",
    "symbol": "GPN",
    "eps": 1.29,
    "epsEstimated": 1.22,
    "time": "bmo",
    "revenue": 833164000,
    "revenueEstimated": 787987596,
    "updatedFromDate": "2025-04-25",
    "fiscalDateEnding": "2018-06-30"
  },
  {
    "date": "2018-05-03",
    "symbol": "GPN",
    "eps": 1.13,
    "epsEstimated": 1.09,
    "time": "bmo",
    "revenue": 794977000,
    "revenueEstimated": 773893805,
    "updatedFromDate": "2025-04-25",
    "fiscalDateEnding": "2018-03-31"
  },
  {
    "date": "2018-02-15",
    "symbol": "GPN",
    "eps": 1.07,
    "epsEstimated": 1.06,
    "time": "bmo",
    "revenue": 1054253000,
    "revenueEstimated": 1044446728,
    "updatedFromDate": "2025-04-25",
    "fiscalDateEnding": "2017-12-31"
  },
  {
    "date": "2017-11-08",
    "symbol": "GPN",
    "eps": 1.15,
    "epsEstimated": 1.1,
    "time": "bmo",
    "revenue": 1038907000,
    "revenueEstimated": 993730434,
    "updatedFromDate": "2025-04-25",
    "fiscalDateEnding": "2017-09-30"
  },
  {
    "date": "2017-08-03",
    "symbol": "GPN",
    "eps": 0.94,
    "epsEstimated": 0.91,
    "time": "bmo",
    "revenue": 962240000,
    "revenueEstimated": 931491489,
    "updatedFromDate": "2025-04-25",
    "fiscalDateEnding": "2017-06-30"
  },
  {
    "date": "2017-05-04",
    "symbol": "GPN",
    "eps": 0.85,
    "epsEstimated": 0.8,
    "time": "bmo",
    "revenue": 919762000,
    "revenueEstimated": 865694117,
    "updatedFromDate": "2025-04-25",
    "fiscalDateEnding": "2017-03-31"
  },
  {
    "date": "2017-01-09",
    "symbol": "GPN",
    "eps": 0.89,
    "epsEstimated": 0.84,
    "time": "bmo",
    "revenue": 941821000,
    "revenueEstimated": 307129831,
    "updatedFromDate": "2025-04-25",
    "fiscalDateEnding": "2016-11-30"
  },
  {
    "date": "2016-10-05",
    "symbol": "GPN",
    "eps": 0.86,
    "epsEstimated": 0.83,
    "time": "bmo",
    "revenue": 939492000,
    "revenueEstimated": null,
    "updatedFromDate": "2025-04-25",
    "fiscalDateEnding": "2016-08-31"
  },
  {
    "date": "2016-07-28",
    "symbol": "GPN",
    "eps": 0.73,
    "epsEstimated": 0.73,
    "time": "bmo",
    "revenue": 747064000,
    "revenueEstimated": null,
    "updatedFromDate": "2025-04-25",
    "fiscalDateEnding": "2016-05-31"
  }
]