[
  {
    "date": "2026-04-28",
    "symbol": "GRMN",
    "eps": null,
    "epsEstimated": null,
    "time": "bmo",
    "revenue": null,
    "revenueEstimated": null,
    "updatedFromDate": "2025-10-02",
    "fiscalDateEnding": "2026-03-28"
  },
  {
    "date": "2026-02-17",
    "symbol": "GRMN",
    "eps": null,
    "epsEstimated": null,
    "time": "bmo",
    "revenue": null,
    "revenueEstimated": null,
    "updatedFromDate": "2025-10-02",
    "fiscalDateEnding": "2025-12-28"
  },
  {
    "date": "2025-10-29",
    "symbol": "GRMN",
    "eps": null,
    "epsEstimated": 1.98,
    "time": "bmo",
    "revenue": null,
    "revenueEstimated": 1790116670,
    "updatedFromDate": "2025-10-02",
    "fiscalDateEnding": "2025-09-28"
  },
  {
    "date": "2025-07-30",
    "symbol": "GRMN",
    "eps": 2.17,
    "epsEstimated": 1.9,
    "time": "bmo",
    "revenue": 1814564000,
    "revenueEstimated": 1700780140,
    "updatedFromDate": "2025-10-02",
    "fiscalDateEnding": "2025-06-28"
  },
  {
    "date": "2025-04-30",
    "symbol": "GRMN",
    "eps": 1.61,
    "epsEstimated": 1.67,
    "time": "bmo",
    "revenue": 1535099000,
    "revenueEstimated": 1524502132,
    "updatedFromDate": "2025-07-30",
    "fiscalDateEnding": "2025-03-29"
  },
  {
    "date": "2025-02-19",
    "symbol": "GRMN",
    "eps": 2.41,
    "epsEstimated": 1.9,
    "time": "bmo",
    "revenue": 1822561000,
    "revenueEstimated": 1698796440,
    "updatedFromDate": "2025-05-19",
    "fiscalDateEnding": "2024-12-28"
  },
  {
    "date": "2024-10-30",
    "symbol": "GRMN",
    "eps": 1.99,
    "epsEstimated": 1.44,
    "time": "bmo",
    "revenue": 1586022000,
    "revenueEstimated": 1443919620,
    "updatedFromDate": "2025-04-25",
    "fiscalDateEnding": "2024-09-28"
  },
  {
    "date": "2024-07-31",
    "symbol": "GRMN",
    "eps": 1.58,
    "epsEstimated": 1.44,
    "time": "bmo",
    "revenue": 1506671000,
    "revenueEstimated": 1423562036,
    "updatedFromDate": "2025-04-25",
    "fiscalDateEnding": "2024-06-29"
  },
  {
    "date": "2024-05-01",
    "symbol": "GRMN",
    "eps": 1.42,
    "epsEstimated": 1.01,
    "time": "bmo",
    "revenue": 1381649000,
    "revenueEstimated": 1250590837,
    "updatedFromDate": "2025-04-25",
    "fiscalDateEnding": "2024-03-30"
  },
  {
    "date": "2024-02-21",
    "symbol": "GRMN",
    "eps": 1.72,
    "epsEstimated": 1.4,
    "time": "bmo",
    "revenue": 1482501000,
    "revenueEstimated": 1414780000,
    "updatedFromDate": "2025-04-25",
    "fiscalDateEnding": "2023-12-30"
  },
  {
    "date": "2023-11-01",
    "symbol": "GRMN",
    "eps": 1.41,
    "epsEstimated": 1.29,
    "time": "bmo",
    "revenue": 1277531000,
    "revenueEstimated": 1204810000,
    "updatedFromDate": "2025-04-25",
    "fiscalDateEnding": "2023-09-30"
  },
  {
    "date": "2023-08-02",
    "symbol": "GRMN",
    "eps": 1.45,
    "epsEstimated": 1.41,
    "time": "bmo",
    "revenue": 1320795000,
    "revenueEstimated": 1256470000,
    "updatedFromDate": "2025-04-25",
    "fiscalDateEnding": "2023-07-01"
  },
  {
    "date": "2023-05-03",
    "symbol": "GRMN",
    "eps": 1.02,
    "epsEstimated": 1.06,
    "time": "bmo",
    "revenue": 1147424000,
    "revenueEstimated": 1279340000,
    "updatedFromDate": "2025-04-25",
    "fiscalDateEnding": "2023-04-01"
  },
  {
    "date": "2023-02-22",
    "symbol": "GRMN",
    "eps": 1.35,
    "epsEstimated": 1.16,
    "time": "bmo",
    "revenue": 1306356000,
    "revenueEstimated": 1053000000,
    "updatedFromDate": "2025-04-25",
    "fiscalDateEnding": "2022-12-31"
  },
  {
    "date": "2022-10-26",
    "symbol": "GRMN",
    "eps": 1.24,
    "epsEstimated": 1.13,
    "time": "bmo",
    "revenue": 1140434000,
    "revenueEstimated": 1213108933,
    "updatedFromDate": "2025-04-25",
    "fiscalDateEnding": "2022-09-24"
  },
  {
    "date": "2022-07-27",
    "symbol": "GRMN",
    "eps": 1.44,
    "epsEstimated": 1.4,
    "time": "bmo",
    "revenue": 1240833000,
    "revenueEstimated": 1339537032,
    "updatedFromDate": "2025-04-25",
    "fiscalDateEnding": "2022-06-25"
  },
  {
    "date": "2022-04-27",
    "symbol": "GRMN",
    "eps": 1.11,
    "epsEstimated": 1.13,
    "time": "bmo",
    "revenue": 1172662000,
    "revenueEstimated": 1141802268,
    "updatedFromDate": "2025-04-25",
    "fiscalDateEnding": "2022-03-26"
  },
  {
    "date": "2022-02-16",
    "symbol": "GRMN",
    "eps": 1.55,
    "epsEstimated": 1.43,
    "time": "bmo",
    "revenue": 1391589000,
    "revenueEstimated": 1359849770,
    "updatedFromDate": "2025-04-25",
    "fiscalDateEnding": "2021-12-25"
  },
  {
    "date": "2021-10-27",
    "symbol": "GRMN",
    "eps": 1.41,
    "epsEstimated": 1.26,
    "time": "bmo",
    "revenue": 1191973000,
    "revenueEstimated": 1147210000,
    "updatedFromDate": "2025-04-25",
    "fiscalDateEnding": "2021-09-25"
  },
  {
    "date": "2021-07-28",
    "symbol": "GRMN",
    "eps": 1.68,
    "epsEstimated": 1.26,
    "time": "bmo",
    "revenue": 1326905000,
    "revenueEstimated": 1154990000,
    "updatedFromDate": "2025-04-25",
    "fiscalDateEnding": "2021-06-26"
  },
  {
    "date": "2021-04-28",
    "symbol": "GRMN",
    "eps": 1.18,
    "epsEstimated": 0.89,
    "time": "bmo",
    "revenue": 1072327000,
    "revenueEstimated": 924750000,
    "updatedFromDate": "2025-04-25",
    "fiscalDateEnding": "2021-03-27"
  },
  {
    "date": "2021-02-17",
    "symbol": "GRMN",
    "eps": 1.73,
    "epsEstimated": 1.39,
    "time": "bmo",
    "revenue": 1351405000,
    "revenueEstimated": 1020845503,
    "updatedFromDate": "2025-04-25",
    "fiscalDateEnding": "2020-12-26"
  },
  {
    "date": "2020-10-28",
    "symbol": "GRMN",
    "eps": 1.58,
    "epsEstimated": 0.99,
    "time": "bmo",
    "revenue": 1109194000,
    "revenueEstimated": 695000677,
    "updatedFromDate": "2025-04-25",
    "fiscalDateEnding": "2020-09-26"
  },
  {
    "date": "2020-07-29",
    "symbol": "GRMN",
    "eps": 0.91,
    "epsEstimated": 0.39,
    "time": "bmo",
    "revenue": 869867000,
    "revenueEstimated": 717640274,
    "updatedFromDate": "2025-04-25",
    "fiscalDateEnding": "2020-06-27"
  },
  {
    "date": "2020-04-29",
    "symbol": "GRMN",
    "eps": 0.91,
    "epsEstimated": 0.84,
    "time": "bmo",
    "revenue": 856108000,
    "revenueEstimated": 790253538,
    "updatedFromDate": "2025-04-25",
    "fiscalDateEnding": "2020-03-28"
  },
  {
    "date": "2020-02-19",
    "symbol": "GRMN",
    "eps": 1.29,
    "epsEstimated": 1,
    "time": "bmo",
    "revenue": 1102233000,
    "revenueEstimated": 888621147,
    "updatedFromDate": "2025-04-25",
    "fiscalDateEnding": "2019-12-28"
  },
  {
    "date": "2019-10-30",
    "symbol": "GRMN",
    "eps": 1.27,
    "epsEstimated": 0.95,
    "time": "bmo",
    "revenue": 934383000,
    "revenueEstimated": 698947913,
    "updatedFromDate": "2025-04-25",
    "fiscalDateEnding": "2019-09-28"
  },
  {
    "date": "2019-07-31",
    "symbol": "GRMN",
    "eps": 1.16,
    "epsEstimated": 1.01,
    "time": "bmo",
    "revenue": 954840000,
    "revenueEstimated": 831369310,
    "updatedFromDate": "2025-04-25",
    "fiscalDateEnding": "2019-06-29"
  },
  {
    "date": "2019-05-01",
    "symbol": "GRMN",
    "eps": 0.73,
    "epsEstimated": 0.71,
    "time": "bmo",
    "revenue": 766050000,
    "revenueEstimated": 745062328,
    "updatedFromDate": "2025-04-25",
    "fiscalDateEnding": "2019-03-30"
  },
  {
    "date": "2019-02-20",
    "symbol": "GRMN",
    "eps": 1.02,
    "epsEstimated": 0.8,
    "time": "bmo",
    "revenue": 932108000,
    "revenueEstimated": 731065098,
    "updatedFromDate": "2025-04-25",
    "fiscalDateEnding": "2018-12-29"
  },
  {
    "date": "2018-10-31",
    "symbol": "GRMN",
    "eps": 1,
    "epsEstimated": 0.76,
    "time": "bmo",
    "revenue": 810011000,
    "revenueEstimated": 615608360,
    "updatedFromDate": "2025-04-25",
    "fiscalDateEnding": "2018-09-29"
  },
  {
    "date": "2018-08-01",
    "symbol": "GRMN",
    "eps": 0.99,
    "epsEstimated": 0.87,
    "time": "bmo",
    "revenue": 894452000,
    "revenueEstimated": 786075757,
    "updatedFromDate": "2025-04-25",
    "fiscalDateEnding": "2018-06-30"
  },
  {
    "date": "2018-05-02",
    "symbol": "GRMN",
    "eps": 0.68,
    "epsEstimated": 0.56,
    "time": "bmo",
    "revenue": 710872000,
    "revenueEstimated": 585447058,
    "updatedFromDate": "2025-04-25",
    "fiscalDateEnding": "2018-03-31"
  },
  {
    "date": "2018-02-21",
    "symbol": "GRMN",
    "eps": 0.79,
    "epsEstimated": 0.75,
    "time": "bmo",
    "revenue": 888496000,
    "revenueEstimated": 863225316,
    "updatedFromDate": "2025-04-25",
    "fiscalDateEnding": "2017-12-30"
  },
  {
    "date": "2017-11-01",
    "symbol": "GRMN",
    "eps": 0.75,
    "epsEstimated": 0.66,
    "time": "bmo",
    "revenue": 743077000,
    "revenueEstimated": 661056000,
    "updatedFromDate": "2025-04-25",
    "fiscalDateEnding": "2017-09-30"
  },
  {
    "date": "2017-08-02",
    "symbol": "GRMN",
    "eps": 0.88,
    "epsEstimated": 0.81,
    "time": "bmo",
    "revenue": 816885000,
    "revenueEstimated": 765357954,
    "updatedFromDate": "2025-04-25",
    "fiscalDateEnding": "2017-07-01"
  },
  {
    "date": "2017-05-03",
    "symbol": "GRMN",
    "eps": 0.52,
    "epsEstimated": 0.45,
    "time": "bmo",
    "revenue": 638546000,
    "revenueEstimated": 555144230,
    "updatedFromDate": "2025-04-25",
    "fiscalDateEnding": "2017-04-01"
  },
  {
    "date": "2017-02-22",
    "symbol": "GRMN",
    "eps": 0.73,
    "epsEstimated": 0.57,
    "time": "bmo",
    "revenue": 860767000,
    "revenueEstimated": 672131506,
    "updatedFromDate": "2025-04-25",
    "fiscalDateEnding": "2016-12-31"
  },
  {
    "date": "2016-10-26",
    "symbol": "GRMN",
    "eps": 0.75,
    "epsEstimated": 0.54,
    "time": "bmo",
    "revenue": 722250000,
    "revenueEstimated": 520056000,
    "updatedFromDate": "2025-04-25",
    "fiscalDateEnding": "2016-09-24"
  },
  {
    "date": "2016-07-27",
    "symbol": "GRMN",
    "eps": 0.87,
    "epsEstimated": 0.67,
    "time": "bmo",
    "revenue": 811609000,
    "revenueEstimated": 625025287,
    "updatedFromDate": "2025-04-25",
    "fiscalDateEnding": "2016-06-25"
  }
]