[
  {
    "date": "2026-04-13",
    "symbol": "GS",
    "eps": null,
    "epsEstimated": null,
    "time": "bmo",
    "revenue": null,
    "revenueEstimated": null,
    "updatedFromDate": "2025-10-02",
    "fiscalDateEnding": "2026-03-30"
  },
  {
    "date": "2026-01-13",
    "symbol": "GS",
    "eps": null,
    "epsEstimated": null,
    "time": "bmo",
    "revenue": null,
    "revenueEstimated": null,
    "updatedFromDate": "2025-10-02",
    "fiscalDateEnding": "2025-12-30"
  },
  {
    "date": "2025-10-14",
    "symbol": "GS",
    "eps": null,
    "epsEstimated": 10.58,
    "time": "bmo",
    "revenue": null,
    "revenueEstimated": 13824702640,
    "updatedFromDate": "2025-10-02",
    "fiscalDateEnding": "2025-09-30"
  },
  {
    "date": "2025-07-16",
    "symbol": "GS",
    "eps": 10.91,
    "epsEstimated": 9.65,
    "time": "bmo",
    "revenue": 31268000000,
    "revenueEstimated": 13505179909,
    "updatedFromDate": "2025-10-02",
    "fiscalDateEnding": "2025-06-30"
  },
  {
    "date": "2025-04-14",
    "symbol": "GS",
    "eps": 14.12,
    "epsEstimated": 12.32,
    "time": "bmo",
    "revenue": 31550000000,
    "revenueEstimated": 14765184750,
    "updatedFromDate": "2025-07-14",
    "fiscalDateEnding": "2025-03-31"
  },
  {
    "date": "2025-01-15",
    "symbol": "GS",
    "eps": 11.95,
    "epsEstimated": 8.03,
    "time": "bmo",
    "revenue": 13869000000,
    "revenueEstimated": 12357762944,
    "updatedFromDate": "2025-04-25",
    "fiscalDateEnding": "2024-12-31"
  },
  {
    "date": "2024-10-15",
    "symbol": "GS",
    "eps": 8.4,
    "epsEstimated": 6.89,
    "time": "bmo",
    "revenue": 12699000000,
    "revenueEstimated": 11768838553,
    "updatedFromDate": "2025-04-25",
    "fiscalDateEnding": "2024-09-30"
  },
  {
    "date": "2024-07-15",
    "symbol": "GS",
    "eps": 8.62,
    "epsEstimated": 8.34,
    "time": "bmo",
    "revenue": 12731000000,
    "revenueEstimated": 12348551803,
    "updatedFromDate": "2025-04-25",
    "fiscalDateEnding": "2024-06-30"
  },
  {
    "date": "2024-04-15",
    "symbol": "GS",
    "eps": 11.58,
    "epsEstimated": 8.56,
    "time": "bmo",
    "revenue": 14213000000,
    "revenueEstimated": 12939980980,
    "updatedFromDate": "2025-04-25",
    "fiscalDateEnding": "2024-03-31"
  },
  {
    "date": "2024-01-16",
    "symbol": "GS",
    "eps": 5.48,
    "epsEstimated": 3.51,
    "time": "bmo",
    "revenue": 11318000000,
    "revenueEstimated": 9865880000,
    "updatedFromDate": "2025-04-25",
    "fiscalDateEnding": "2023-12-31"
  },
  {
    "date": "2023-10-17",
    "symbol": "GS",
    "eps": 5.47,
    "epsEstimated": 5.31,
    "time": "bmo",
    "revenue": 11817000000,
    "revenueEstimated": 11658500000,
    "updatedFromDate": "2025-04-25",
    "fiscalDateEnding": "2023-09-30"
  },
  {
    "date": "2023-07-19",
    "symbol": "GS",
    "eps": 3.08,
    "epsEstimated": 3.18,
    "time": "bmo",
    "revenue": 10895000000,
    "revenueEstimated": 10837200000,
    "updatedFromDate": "2025-04-25",
    "fiscalDateEnding": "2023-06-30"
  },
  {
    "date": "2023-04-18",
    "symbol": "GS",
    "eps": 9.87,
    "epsEstimated": 8.1,
    "time": "bmo",
    "revenue": 12224000000,
    "revenueEstimated": 12787600000,
    "updatedFromDate": "2025-04-25",
    "fiscalDateEnding": "2023-03-31"
  },
  {
    "date": "2023-01-17",
    "symbol": "GS",
    "eps": 3.32,
    "epsEstimated": 5.48,
    "time": "bmo",
    "revenue": 10593000000,
    "revenueEstimated": 10755317149,
    "updatedFromDate": "2025-04-25",
    "fiscalDateEnding": "2022-12-31"
  },
  {
    "date": "2022-10-18",
    "symbol": "GS",
    "eps": 8.25,
    "epsEstimated": 7.69,
    "time": "bmo",
    "revenue": 11975000000,
    "revenueEstimated": 11419761118,
    "updatedFromDate": "2025-04-25",
    "fiscalDateEnding": "2022-09-30"
  },
  {
    "date": "2022-07-18",
    "symbol": "GS",
    "eps": 7.73,
    "epsEstimated": 6.58,
    "time": "bmo",
    "revenue": 11864000000,
    "revenueEstimated": 10805172526,
    "updatedFromDate": "2025-04-25",
    "fiscalDateEnding": "2022-06-30"
  },
  {
    "date": "2022-04-14",
    "symbol": "GS",
    "eps": 10.76,
    "epsEstimated": 8.89,
    "time": "bmo",
    "revenue": 12933000000,
    "revenueEstimated": 11859848759,
    "updatedFromDate": "2025-04-25",
    "fiscalDateEnding": "2022-03-31"
  },
  {
    "date": "2022-01-18",
    "symbol": "GS",
    "eps": 10.81,
    "epsEstimated": 11.76,
    "time": "bmo",
    "revenue": 12639000000,
    "revenueEstimated": 13071300000,
    "updatedFromDate": "2025-04-25",
    "fiscalDateEnding": "2021-12-31"
  },
  {
    "date": "2021-10-15",
    "symbol": "GS",
    "eps": 14.93,
    "epsEstimated": 10.18,
    "time": "bmo",
    "revenue": 13608000000,
    "revenueEstimated": 11294100000,
    "updatedFromDate": "2025-04-25",
    "fiscalDateEnding": "2021-09-30"
  },
  {
    "date": "2021-07-13",
    "symbol": "GS",
    "eps": 15.02,
    "epsEstimated": 10.24,
    "time": "bmo",
    "revenue": 15388000000,
    "revenueEstimated": 11920900000,
    "updatedFromDate": "2025-04-25",
    "fiscalDateEnding": "2021-06-30"
  },
  {
    "date": "2021-04-14",
    "symbol": "GS",
    "eps": 18.6,
    "epsEstimated": 10.22,
    "time": "bmo",
    "revenue": 17704000000,
    "revenueEstimated": 11833270448,
    "updatedFromDate": "2025-04-25",
    "fiscalDateEnding": "2021-03-31"
  },
  {
    "date": "2021-01-19",
    "symbol": "GS",
    "eps": 12.08,
    "epsEstimated": 7.47,
    "time": "bmo",
    "revenue": 11741000000,
    "revenueEstimated": 13808286744,
    "updatedFromDate": "2025-04-25",
    "fiscalDateEnding": "2020-12-31"
  },
  {
    "date": "2020-10-14",
    "symbol": "GS",
    "eps": 9.68,
    "epsEstimated": 5.57,
    "time": "bmo",
    "revenue": 10781000000,
    "revenueEstimated": 9604644072,
    "updatedFromDate": "2025-04-25",
    "fiscalDateEnding": "2020-09-30"
  },
  {
    "date": "2020-07-15",
    "symbol": "GS",
    "eps": 6.26,
    "epsEstimated": 3.97,
    "time": "bmo",
    "revenue": 13295000000,
    "revenueEstimated": 20675659630,
    "updatedFromDate": "2025-04-25",
    "fiscalDateEnding": "2020-06-30"
  },
  {
    "date": "2020-04-15",
    "symbol": "GS",
    "eps": 3.11,
    "epsEstimated": 3.35,
    "time": "bmo",
    "revenue": 8742000000,
    "revenueEstimated": 13119935691,
    "updatedFromDate": "2025-04-25",
    "fiscalDateEnding": "2020-03-31"
  },
  {
    "date": "2020-01-15",
    "symbol": "GS",
    "eps": 4.69,
    "epsEstimated": 5.47,
    "time": "bmo",
    "revenue": 9935000000,
    "revenueEstimated": 16492808102,
    "updatedFromDate": "2025-04-25",
    "fiscalDateEnding": "2019-12-31"
  },
  {
    "date": "2019-10-15",
    "symbol": "GS",
    "eps": 4.79,
    "epsEstimated": 4.81,
    "time": "bmo",
    "revenue": 8323000000,
    "revenueEstimated": 13095507306,
    "updatedFromDate": "2025-04-25",
    "fiscalDateEnding": "2019-09-30"
  },
  {
    "date": "2019-07-16",
    "symbol": "GS",
    "eps": 5.81,
    "epsEstimated": 4.89,
    "time": "bmo",
    "revenue": 9461000000,
    "revenueEstimated": 12078552495,
    "updatedFromDate": "2025-04-25",
    "fiscalDateEnding": "2019-06-30"
  },
  {
    "date": "2019-04-15",
    "symbol": "GS",
    "eps": 5.71,
    "epsEstimated": 4.89,
    "time": "bmo",
    "revenue": 8807000000,
    "revenueEstimated": 11480795096,
    "updatedFromDate": "2025-04-25",
    "fiscalDateEnding": "2019-03-31"
  },
  {
    "date": "2019-01-16",
    "symbol": "GS",
    "eps": 6.04,
    "epsEstimated": 4.45,
    "time": "bmo",
    "revenue": 8532000000,
    "revenueEstimated": 9734743377,
    "updatedFromDate": "2025-04-25",
    "fiscalDateEnding": "2018-12-31"
  },
  {
    "date": "2018-10-16",
    "symbol": "GS",
    "eps": 6.28,
    "epsEstimated": 5.38,
    "time": "bmo",
    "revenue": 8820000000,
    "revenueEstimated": 11158359872,
    "updatedFromDate": "2025-04-25",
    "fiscalDateEnding": "2018-09-30"
  },
  {
    "date": "2018-07-17",
    "symbol": "GS",
    "eps": 5.98,
    "epsEstimated": 4.66,
    "time": "bmo",
    "revenue": 9636000000,
    "revenueEstimated": 10562147157,
    "updatedFromDate": "2025-04-25",
    "fiscalDateEnding": "2018-06-30"
  },
  {
    "date": "2018-04-17",
    "symbol": "GS",
    "eps": 6.95,
    "epsEstimated": 5.58,
    "time": "bmo",
    "revenue": 10080000000,
    "revenueEstimated": 10752138129,
    "updatedFromDate": "2025-04-25",
    "fiscalDateEnding": "2018-03-31"
  },
  {
    "date": "2018-01-17",
    "symbol": "GS",
    "eps": 5.68,
    "epsEstimated": 4.9,
    "time": "bmo",
    "revenue": 7828000000,
    "revenueEstimated": 10036626760,
    "updatedFromDate": "2025-04-25",
    "fiscalDateEnding": "2017-12-31"
  },
  {
    "date": "2017-10-17",
    "symbol": "GS",
    "eps": 5.02,
    "epsEstimated": 4.17,
    "time": "bmo",
    "revenue": 8326000000,
    "revenueEstimated": 9209719123,
    "updatedFromDate": "2025-04-25",
    "fiscalDateEnding": "2017-09-30"
  },
  {
    "date": "2017-07-18",
    "symbol": "GS",
    "eps": 3.95,
    "epsEstimated": 3.39,
    "time": "bmo",
    "revenue": 7887000000,
    "revenueEstimated": 9013967088,
    "updatedFromDate": "2025-04-25",
    "fiscalDateEnding": "2017-06-30"
  },
  {
    "date": "2017-04-18",
    "symbol": "GS",
    "eps": 5.15,
    "epsEstimated": 5.31,
    "time": "bmo",
    "revenue": 8026000000,
    "revenueEstimated": 10628248543,
    "updatedFromDate": "2025-04-25",
    "fiscalDateEnding": "2017-03-31"
  },
  {
    "date": "2017-01-18",
    "symbol": "GS",
    "eps": 5.08,
    "epsEstimated": 4.82,
    "time": "bmo",
    "revenue": 8170000000,
    "revenueEstimated": 9929389763,
    "updatedFromDate": "2025-04-25",
    "fiscalDateEnding": "2016-12-31"
  },
  {
    "date": "2016-10-18",
    "symbol": "GS",
    "eps": 4.88,
    "epsEstimated": 3.82,
    "time": "bmo",
    "revenue": 8168000000,
    "revenueEstimated": 7769942622,
    "updatedFromDate": "2025-04-25",
    "fiscalDateEnding": "2016-09-30"
  },
  {
    "date": "2016-07-19",
    "symbol": "GS",
    "eps": 3.72,
    "epsEstimated": 3,
    "time": "bmo",
    "revenue": 7932000000,
    "revenueEstimated": 7854032258,
    "updatedFromDate": "2025-04-25",
    "fiscalDateEnding": "2016-06-30"
  }
]