[
  {
    "date": "2026-04-29",
    "symbol": "GWW",
    "eps": null,
    "epsEstimated": null,
    "time": "bmo",
    "revenue": null,
    "revenueEstimated": null,
    "updatedFromDate": "2025-10-02",
    "fiscalDateEnding": "2026-03-30"
  },
  {
    "date": "2026-01-29",
    "symbol": "GWW",
    "eps": null,
    "epsEstimated": null,
    "time": "bmo",
    "revenue": null,
    "revenueEstimated": null,
    "updatedFromDate": "2025-10-02",
    "fiscalDateEnding": "2025-12-30"
  },
  {
    "date": "2025-10-31",
    "symbol": "GWW",
    "eps": null,
    "epsEstimated": 10.09,
    "time": "bmo",
    "revenue": null,
    "revenueEstimated": 4641167330,
    "updatedFromDate": "2025-10-02",
    "fiscalDateEnding": "2025-09-30"
  },
  {
    "date": "2025-08-01",
    "symbol": "GWW",
    "eps": 9.97,
    "epsEstimated": 10.07,
    "time": "bmo",
    "revenue": 4554000000,
    "revenueEstimated": 4527497540,
    "updatedFromDate": "2025-10-02",
    "fiscalDateEnding": "2025-06-30"
  },
  {
    "date": "2025-05-01",
    "symbol": "GWW",
    "eps": 9.86,
    "epsEstimated": 9.48,
    "time": "bmo",
    "revenue": 4306000000,
    "revenueEstimated": 4317008862,
    "updatedFromDate": "2025-08-01",
    "fiscalDateEnding": "2025-03-31"
  },
  {
    "date": "2025-01-31",
    "symbol": "GWW",
    "eps": 9.71,
    "epsEstimated": 9.74,
    "time": "bmo",
    "revenue": 4233000000,
    "revenueEstimated": 4241620659,
    "updatedFromDate": "2025-05-01",
    "fiscalDateEnding": "2024-12-31"
  },
  {
    "date": "2024-10-31",
    "symbol": "GWW",
    "eps": 9.87,
    "epsEstimated": 9.97,
    "time": "bmo",
    "revenue": 4388000000,
    "revenueEstimated": 4401582055,
    "updatedFromDate": "2025-04-25",
    "fiscalDateEnding": "2024-09-30"
  },
  {
    "date": "2024-08-01",
    "symbol": "GWW",
    "eps": 9.76,
    "epsEstimated": 9.58,
    "time": "bmo",
    "revenue": 4312000000,
    "revenueEstimated": 4351235308,
    "updatedFromDate": "2025-04-25",
    "fiscalDateEnding": "2024-06-30"
  },
  {
    "date": "2024-04-25",
    "symbol": "GWW",
    "eps": 9.62,
    "epsEstimated": 9.62,
    "time": "bmo",
    "revenue": 4235000000,
    "revenueEstimated": 4258689583,
    "updatedFromDate": "2025-04-25",
    "fiscalDateEnding": "2024-03-31"
  },
  {
    "date": "2024-02-02",
    "symbol": "GWW",
    "eps": 8.33,
    "epsEstimated": 8.05,
    "time": "bmo",
    "revenue": 3997000000,
    "revenueEstimated": 4038820000,
    "updatedFromDate": "2025-04-25",
    "fiscalDateEnding": "2023-12-31"
  },
  {
    "date": "2023-10-26",
    "symbol": "GWW",
    "eps": 9.43,
    "epsEstimated": 8.93,
    "time": "bmo",
    "revenue": 4208000000,
    "revenueEstimated": 4049700000,
    "updatedFromDate": "2025-04-25",
    "fiscalDateEnding": "2023-09-30"
  },
  {
    "date": "2023-07-27",
    "symbol": "GWW",
    "eps": 9.28,
    "epsEstimated": 9.13,
    "time": "bmo",
    "revenue": 4182000000,
    "revenueEstimated": 4205080000,
    "updatedFromDate": "2025-04-25",
    "fiscalDateEnding": "2023-06-30"
  },
  {
    "date": "2023-04-27",
    "symbol": "GWW",
    "eps": 9.61,
    "epsEstimated": 8.51,
    "time": "bmo",
    "revenue": 4091000000,
    "revenueEstimated": 4074820000,
    "updatedFromDate": "2025-04-25",
    "fiscalDateEnding": "2023-03-31"
  },
  {
    "date": "2023-02-02",
    "symbol": "GWW",
    "eps": 7.14,
    "epsEstimated": 7.01,
    "time": "bmo",
    "revenue": 3802000000,
    "revenueEstimated": 3771105844,
    "updatedFromDate": "2025-04-25",
    "fiscalDateEnding": "2022-12-31"
  },
  {
    "date": "2022-10-28",
    "symbol": "GWW",
    "eps": 8.27,
    "epsEstimated": 7.25,
    "time": "bmo",
    "revenue": 3942000000,
    "revenueEstimated": 3882068929,
    "updatedFromDate": "2025-04-25",
    "fiscalDateEnding": "2022-09-30"
  },
  {
    "date": "2022-07-29",
    "symbol": "GWW",
    "eps": 7.19,
    "epsEstimated": 6.65,
    "time": "bmo",
    "revenue": 3837000000,
    "revenueEstimated": 3696414429,
    "updatedFromDate": "2025-04-25",
    "fiscalDateEnding": "2022-06-30"
  },
  {
    "date": "2022-04-28",
    "symbol": "GWW",
    "eps": 7.07,
    "epsEstimated": 6.12,
    "time": "bmo",
    "revenue": 3647000000,
    "revenueEstimated": 3496997753,
    "updatedFromDate": "2025-04-25",
    "fiscalDateEnding": "2022-03-31"
  },
  {
    "date": "2022-02-03",
    "symbol": "GWW",
    "eps": 5.44,
    "epsEstimated": 5.24,
    "time": "bmo",
    "revenue": 3359000000,
    "revenueEstimated": 3267674025,
    "updatedFromDate": "2025-04-25",
    "fiscalDateEnding": "2021-12-31"
  },
  {
    "date": "2021-10-29",
    "symbol": "GWW",
    "eps": 5.65,
    "epsEstimated": 5.3,
    "time": "bmo",
    "revenue": 3372000000,
    "revenueEstimated": 3328610000,
    "updatedFromDate": "2025-04-25",
    "fiscalDateEnding": "2021-09-30"
  },
  {
    "date": "2021-07-30",
    "symbol": "GWW",
    "eps": 4.27,
    "epsEstimated": 4.61,
    "time": "bmo",
    "revenue": 3207000000,
    "revenueEstimated": 3207000000,
    "updatedFromDate": "2025-04-25",
    "fiscalDateEnding": "2021-06-30"
  },
  {
    "date": "2021-04-30",
    "symbol": "GWW",
    "eps": 4.48,
    "epsEstimated": 4.3,
    "time": "bmo",
    "revenue": 3084000000,
    "revenueEstimated": 2954902325,
    "updatedFromDate": "2025-04-25",
    "fiscalDateEnding": "2021-03-31"
  },
  {
    "date": "2021-02-03",
    "symbol": "GWW",
    "eps": 3.66,
    "epsEstimated": 3.86,
    "time": "bmo",
    "revenue": 2941000000,
    "revenueEstimated": 3093383419,
    "updatedFromDate": "2025-04-25",
    "fiscalDateEnding": "2020-12-31"
  },
  {
    "date": "2020-10-22",
    "symbol": "GWW",
    "eps": 4.52,
    "epsEstimated": 4.15,
    "time": "bmo",
    "revenue": 3018000000,
    "revenueEstimated": 2770951327,
    "updatedFromDate": "2025-04-25",
    "fiscalDateEnding": "2020-09-30"
  },
  {
    "date": "2020-07-23",
    "symbol": "GWW",
    "eps": 3.75,
    "epsEstimated": 3.48,
    "time": "bmo",
    "revenue": 2837000000,
    "revenueEstimated": 2564648000,
    "updatedFromDate": "2025-04-25",
    "fiscalDateEnding": "2020-06-30"
  },
  {
    "date": "2020-04-23",
    "symbol": "GWW",
    "eps": 4.24,
    "epsEstimated": 4.42,
    "time": "bmo",
    "revenue": 3001000000,
    "revenueEstimated": 3135478773,
    "updatedFromDate": "2025-04-25",
    "fiscalDateEnding": "2020-03-31"
  },
  {
    "date": "2020-01-30",
    "symbol": "GWW",
    "eps": 3.88,
    "epsEstimated": 4.03,
    "time": "bmo",
    "revenue": 2847000000,
    "revenueEstimated": 2942389175,
    "updatedFromDate": "2025-04-25",
    "fiscalDateEnding": "2019-12-31"
  },
  {
    "date": "2019-10-23",
    "symbol": "GWW",
    "eps": 4.26,
    "epsEstimated": 4.4,
    "time": "bmo",
    "revenue": 2947000000,
    "revenueEstimated": 3043849765,
    "updatedFromDate": "2025-04-25",
    "fiscalDateEnding": "2019-09-30"
  },
  {
    "date": "2019-07-24",
    "symbol": "GWW",
    "eps": 4.64,
    "epsEstimated": 4.64,
    "time": "bmo",
    "revenue": 2893000000,
    "revenueEstimated": 2893000000,
    "updatedFromDate": "2025-04-25",
    "fiscalDateEnding": "2019-06-30"
  },
  {
    "date": "2019-04-22",
    "symbol": "GWW",
    "eps": 4.51,
    "epsEstimated": 4.44,
    "time": "bmo",
    "revenue": 2799000000,
    "revenueEstimated": 2755556541,
    "updatedFromDate": "2025-04-25",
    "fiscalDateEnding": "2019-03-31"
  },
  {
    "date": "2019-01-24",
    "symbol": "GWW",
    "eps": 3.96,
    "epsEstimated": 3.59,
    "time": "bmo",
    "revenue": 2763000000,
    "revenueEstimated": 2504840909,
    "updatedFromDate": "2025-04-25",
    "fiscalDateEnding": "2018-12-31"
  },
  {
    "date": "2018-10-16",
    "symbol": "GWW",
    "eps": 4.19,
    "epsEstimated": 3.96,
    "time": "bmo",
    "revenue": 2831429000,
    "revenueEstimated": 2662085918,
    "updatedFromDate": "2025-04-25",
    "fiscalDateEnding": "2018-09-30"
  },
  {
    "date": "2018-07-18",
    "symbol": "GWW",
    "eps": 4.37,
    "epsEstimated": 3.72,
    "time": "bmo",
    "revenue": 2860212000,
    "revenueEstimated": 2435450800,
    "updatedFromDate": "2025-04-25",
    "fiscalDateEnding": "2018-06-30"
  },
  {
    "date": "2018-04-19",
    "symbol": "GWW",
    "eps": 4.18,
    "epsEstimated": 3.44,
    "time": "bmo",
    "revenue": 2766401000,
    "revenueEstimated": 2276325358,
    "updatedFromDate": "2025-04-25",
    "fiscalDateEnding": "2018-03-31"
  },
  {
    "date": "2018-01-24",
    "symbol": "GWW",
    "eps": 2.94,
    "epsEstimated": 2.2,
    "time": "bmo",
    "revenue": 2632461000,
    "revenueEstimated": 1969897959,
    "updatedFromDate": "2025-04-25",
    "fiscalDateEnding": "2017-12-31"
  },
  {
    "date": "2017-10-17",
    "symbol": "GWW",
    "eps": 2.9,
    "epsEstimated": 2.56,
    "time": "bmo",
    "revenue": 2635999000,
    "revenueEstimated": 2326951724,
    "updatedFromDate": "2025-04-25",
    "fiscalDateEnding": "2017-09-30"
  },
  {
    "date": "2017-07-19",
    "symbol": "GWW",
    "eps": 2.74,
    "epsEstimated": 2.62,
    "time": "bmo",
    "revenue": 2615269000,
    "revenueEstimated": 2529395985,
    "updatedFromDate": "2025-04-25",
    "fiscalDateEnding": "2017-06-30"
  },
  {
    "date": "2017-04-18",
    "symbol": "GWW",
    "eps": 2.88,
    "epsEstimated": 2.99,
    "time": "bmo",
    "revenue": 2541129000,
    "revenueEstimated": 2638155902,
    "updatedFromDate": "2025-04-25",
    "fiscalDateEnding": "2017-03-31"
  },
  {
    "date": "2017-01-25",
    "symbol": "GWW",
    "eps": 2.45,
    "epsEstimated": 2.36,
    "time": "bmo",
    "revenue": 2470710000,
    "revenueEstimated": 2379939591,
    "updatedFromDate": "2025-04-25",
    "fiscalDateEnding": "2016-12-31"
  },
  {
    "date": "2016-10-18",
    "symbol": "GWW",
    "eps": 3.06,
    "epsEstimated": 2.99,
    "time": "bmo",
    "revenue": 2596288000,
    "revenueEstimated": 2536907516,
    "updatedFromDate": "2025-04-25",
    "fiscalDateEnding": "2016-09-30"
  },
  {
    "date": "2016-07-19",
    "symbol": "GWW",
    "eps": 2.89,
    "epsEstimated": 3.16,
    "time": "bmo",
    "revenue": 2563668000,
    "revenueEstimated": 2812086159,
    "updatedFromDate": "2025-04-25",
    "fiscalDateEnding": "2016-06-30"
  }
]