[
  {
    "date": "2026-04-20",
    "symbol": "HAL",
    "eps": null,
    "epsEstimated": null,
    "time": "bmo",
    "revenue": null,
    "revenueEstimated": null,
    "updatedFromDate": "2025-10-02",
    "fiscalDateEnding": "2026-03-30"
  },
  {
    "date": "2026-01-20",
    "symbol": "HAL",
    "eps": null,
    "epsEstimated": null,
    "time": "bmo",
    "revenue": null,
    "revenueEstimated": null,
    "updatedFromDate": "2025-10-02",
    "fiscalDateEnding": "2025-12-30"
  },
  {
    "date": "2025-10-21",
    "symbol": "HAL",
    "eps": null,
    "epsEstimated": 0.5,
    "time": "bmo",
    "revenue": null,
    "revenueEstimated": 5390710140,
    "updatedFromDate": "2025-10-02",
    "fiscalDateEnding": "2025-09-30"
  },
  {
    "date": "2025-07-22",
    "symbol": "HAL",
    "eps": 0.55,
    "epsEstimated": 0.552,
    "time": "bmo",
    "revenue": 5510000000,
    "revenueEstimated": 5406672512,
    "updatedFromDate": "2025-10-02",
    "fiscalDateEnding": "2025-06-30"
  },
  {
    "date": "2025-04-22",
    "symbol": "HAL",
    "eps": 0.6,
    "epsEstimated": 0.602,
    "time": "bmo",
    "revenue": 5417000000,
    "revenueEstimated": 5273937370,
    "updatedFromDate": "2025-07-22",
    "fiscalDateEnding": "2025-03-31"
  },
  {
    "date": "2025-01-22",
    "symbol": "HAL",
    "eps": 0.7,
    "epsEstimated": 0.73,
    "time": "bmo",
    "revenue": 5610000000,
    "revenueEstimated": 5633028960,
    "updatedFromDate": "2025-04-25",
    "fiscalDateEnding": "2024-12-31"
  },
  {
    "date": "2024-11-07",
    "symbol": "HAL",
    "eps": 0.73,
    "epsEstimated": 0.75,
    "time": "bmo",
    "revenue": 5697000000,
    "revenueEstimated": 5827303643,
    "updatedFromDate": "2025-04-25",
    "fiscalDateEnding": "2024-09-30"
  },
  {
    "date": "2024-07-19",
    "symbol": "HAL",
    "eps": 0.8,
    "epsEstimated": 0.8,
    "time": "bmo",
    "revenue": 5833000000,
    "revenueEstimated": 5946659160,
    "updatedFromDate": "2025-04-25",
    "fiscalDateEnding": "2024-06-30"
  },
  {
    "date": "2024-04-23",
    "symbol": "HAL",
    "eps": 0.76,
    "epsEstimated": 0.74,
    "time": "bmo",
    "revenue": 5804000000,
    "revenueEstimated": 5669211231,
    "updatedFromDate": "2025-04-25",
    "fiscalDateEnding": "2024-03-31"
  },
  {
    "date": "2024-01-23",
    "symbol": "HAL",
    "eps": 0.86,
    "epsEstimated": 0.8,
    "time": "bmo",
    "revenue": 5739000000,
    "revenueEstimated": 5779830000,
    "updatedFromDate": "2025-04-25",
    "fiscalDateEnding": "2023-12-31"
  },
  {
    "date": "2023-10-24",
    "symbol": "HAL",
    "eps": 0.79,
    "epsEstimated": 0.77,
    "time": "bmo",
    "revenue": 5804000000,
    "revenueEstimated": 5861770000,
    "updatedFromDate": "2025-04-25",
    "fiscalDateEnding": "2023-09-30"
  },
  {
    "date": "2023-07-19",
    "symbol": "HAL",
    "eps": 0.77,
    "epsEstimated": 0.75,
    "time": "bmo",
    "revenue": 5798000000,
    "revenueEstimated": 5895000000,
    "updatedFromDate": "2025-04-25",
    "fiscalDateEnding": "2023-06-30"
  },
  {
    "date": "2023-04-25",
    "symbol": "HAL",
    "eps": 0.72,
    "epsEstimated": 0.67,
    "time": "bmo",
    "revenue": 5677000000,
    "revenueEstimated": 5495490000,
    "updatedFromDate": "2025-04-25",
    "fiscalDateEnding": "2023-03-31"
  },
  {
    "date": "2023-01-24",
    "symbol": "HAL",
    "eps": 0.72,
    "epsEstimated": 0.67,
    "time": "bmo",
    "revenue": 5582000000,
    "revenueEstimated": 5582705920,
    "updatedFromDate": "2025-04-25",
    "fiscalDateEnding": "2022-12-31"
  },
  {
    "date": "2022-10-25",
    "symbol": "HAL",
    "eps": 0.6,
    "epsEstimated": 0.56,
    "time": "bmo",
    "revenue": 5357000000,
    "revenueEstimated": 5342391248,
    "updatedFromDate": "2025-04-25",
    "fiscalDateEnding": "2022-09-30"
  },
  {
    "date": "2022-07-19",
    "symbol": "HAL",
    "eps": 0.49,
    "epsEstimated": 0.45,
    "time": "bmo",
    "revenue": 5074000000,
    "revenueEstimated": 4705464441,
    "updatedFromDate": "2025-04-25",
    "fiscalDateEnding": "2022-06-30"
  },
  {
    "date": "2022-04-19",
    "symbol": "HAL",
    "eps": 0.35,
    "epsEstimated": 0.34,
    "time": "bmo",
    "revenue": 4284000000,
    "revenueEstimated": 4203498639,
    "updatedFromDate": "2025-04-25",
    "fiscalDateEnding": "2022-03-31"
  },
  {
    "date": "2022-01-24",
    "symbol": "HAL",
    "eps": 0.36,
    "epsEstimated": 0.34,
    "time": "bmo",
    "revenue": 4277000000,
    "revenueEstimated": 4075650000,
    "updatedFromDate": "2025-04-25",
    "fiscalDateEnding": "2021-12-31"
  },
  {
    "date": "2021-10-19",
    "symbol": "HAL",
    "eps": 0.28,
    "epsEstimated": 0.28,
    "time": "bmo",
    "revenue": 3860000000,
    "revenueEstimated": 3908210000,
    "updatedFromDate": "2025-04-25",
    "fiscalDateEnding": "2021-09-30"
  },
  {
    "date": "2021-07-20",
    "symbol": "HAL",
    "eps": 0.26,
    "epsEstimated": 0.23,
    "time": "bmo",
    "revenue": 3707000000,
    "revenueEstimated": 3938800000,
    "updatedFromDate": "2025-04-25",
    "fiscalDateEnding": "2021-06-30"
  },
  {
    "date": "2021-04-21",
    "symbol": "HAL",
    "eps": 0.19,
    "epsEstimated": 0.17,
    "time": "bmo",
    "revenue": 3451000000,
    "revenueEstimated": 3045000000,
    "updatedFromDate": "2025-04-25",
    "fiscalDateEnding": "2021-03-31"
  },
  {
    "date": "2021-01-19",
    "symbol": "HAL",
    "eps": 0.18,
    "epsEstimated": 0.15,
    "time": "bmo",
    "revenue": 3237000000,
    "revenueEstimated": 2589600000,
    "updatedFromDate": "2025-04-25",
    "fiscalDateEnding": "2020-12-31"
  },
  {
    "date": "2020-10-19",
    "symbol": "HAL",
    "eps": 0.11,
    "epsEstimated": 0.08,
    "time": "bmo",
    "revenue": 2975000000,
    "revenueEstimated": 1504000000,
    "updatedFromDate": "2025-04-25",
    "fiscalDateEnding": "2020-09-30"
  },
  {
    "date": "2020-07-20",
    "symbol": "HAL",
    "eps": 0.05,
    "epsEstimated": -0.11,
    "time": "bmo",
    "revenue": 3196000000,
    "revenueEstimated": 7031199999,
    "updatedFromDate": "2025-04-25",
    "fiscalDateEnding": "2020-06-30"
  },
  {
    "date": "2020-04-20",
    "symbol": "HAL",
    "eps": 0.31,
    "epsEstimated": 0.25,
    "time": "bmo",
    "revenue": 5037000000,
    "revenueEstimated": 3899612903,
    "updatedFromDate": "2025-04-25",
    "fiscalDateEnding": "2020-03-31"
  },
  {
    "date": "2020-01-21",
    "symbol": "HAL",
    "eps": 0.32,
    "epsEstimated": 0.29,
    "time": "bmo",
    "revenue": 5191000000,
    "revenueEstimated": 4704343749,
    "updatedFromDate": "2025-04-25",
    "fiscalDateEnding": "2019-12-31"
  },
  {
    "date": "2019-10-21",
    "symbol": "HAL",
    "eps": 0.34,
    "epsEstimated": 0.34,
    "time": "bmo",
    "revenue": 5550000000,
    "revenueEstimated": 5550000000,
    "updatedFromDate": "2025-04-25",
    "fiscalDateEnding": "2019-09-30"
  },
  {
    "date": "2019-07-22",
    "symbol": "HAL",
    "eps": 0.35,
    "epsEstimated": 0.3,
    "time": "bmo",
    "revenue": 5930000000,
    "revenueEstimated": 5082857142,
    "updatedFromDate": "2025-04-25",
    "fiscalDateEnding": "2019-06-30"
  },
  {
    "date": "2019-04-22",
    "symbol": "HAL",
    "eps": 0.23,
    "epsEstimated": 0.23,
    "time": "bmo",
    "revenue": 5737000000,
    "revenueEstimated": 5737000000,
    "updatedFromDate": "2025-04-25",
    "fiscalDateEnding": "2019-03-31"
  },
  {
    "date": "2019-01-22",
    "symbol": "HAL",
    "eps": 0.41,
    "epsEstimated": 0.37,
    "time": "bmo",
    "revenue": 5936000000,
    "revenueEstimated": 5356878048,
    "updatedFromDate": "2025-04-25",
    "fiscalDateEnding": "2018-12-31"
  },
  {
    "date": "2018-10-22",
    "symbol": "HAL",
    "eps": 0.5,
    "epsEstimated": 0.49,
    "time": "bmo",
    "revenue": 6172000000,
    "revenueEstimated": 6048560000,
    "updatedFromDate": "2025-04-25",
    "fiscalDateEnding": "2018-09-30"
  },
  {
    "date": "2018-07-23",
    "symbol": "HAL",
    "eps": 0.58,
    "epsEstimated": 0.58,
    "time": "bmo",
    "revenue": 6147000000,
    "revenueEstimated": 6147000000,
    "updatedFromDate": "2025-04-25",
    "fiscalDateEnding": "2018-06-30"
  },
  {
    "date": "2018-04-23",
    "symbol": "HAL",
    "eps": 0.41,
    "epsEstimated": 0.41,
    "time": "bmo",
    "revenue": 5740000000,
    "revenueEstimated": 5740000000,
    "updatedFromDate": "2025-04-25",
    "fiscalDateEnding": "2018-03-31"
  },
  {
    "date": "2018-01-22",
    "symbol": "HAL",
    "eps": 0.53,
    "epsEstimated": 0.46,
    "time": "bmo",
    "revenue": 5940000000,
    "revenueEstimated": 5155471698,
    "updatedFromDate": "2025-04-25",
    "fiscalDateEnding": "2017-12-31"
  },
  {
    "date": "2017-10-23",
    "symbol": "HAL",
    "eps": 0.42,
    "epsEstimated": 0.37,
    "time": "bmo",
    "revenue": 5444000000,
    "revenueEstimated": 4795904761,
    "updatedFromDate": "2025-04-25",
    "fiscalDateEnding": "2017-09-30"
  },
  {
    "date": "2017-07-24",
    "symbol": "HAL",
    "eps": 0.23,
    "epsEstimated": 0.19,
    "time": "bmo",
    "revenue": 4957000000,
    "revenueEstimated": 3879391304,
    "updatedFromDate": "2025-04-25",
    "fiscalDateEnding": "2017-06-30"
  },
  {
    "date": "2017-04-24",
    "symbol": "HAL",
    "eps": 0.04,
    "epsEstimated": 0.029,
    "time": "bmo",
    "revenue": 4279000000,
    "revenueEstimated": 3209250000,
    "updatedFromDate": "2025-04-25",
    "fiscalDateEnding": "2017-03-31"
  },
  {
    "date": "2017-01-23",
    "symbol": "HAL",
    "eps": 0.04,
    "epsEstimated": 0.01872,
    "time": "bmo",
    "revenue": 4021000000,
    "revenueEstimated": 2010500000,
    "updatedFromDate": "2025-04-25",
    "fiscalDateEnding": "2016-12-31"
  },
  {
    "date": "2016-10-19",
    "symbol": "HAL",
    "eps": 0.01,
    "epsEstimated": -0.06,
    "time": "bmo",
    "revenue": 3833000000,
    "revenueEstimated": 22997999999,
    "updatedFromDate": "2025-04-25",
    "fiscalDateEnding": "2016-09-30"
  },
  {
    "date": "2016-07-20",
    "symbol": "HAL",
    "eps": -0.14,
    "epsEstimated": -0.19,
    "time": "bmo",
    "revenue": 3835000000,
    "revenueEstimated": 5204642857,
    "updatedFromDate": "2025-04-25",
    "fiscalDateEnding": "2016-06-30"
  }
]