[
  {
    "date": "2026-04-22",
    "symbol": "HAS",
    "eps": null,
    "epsEstimated": null,
    "time": "bmo",
    "revenue": null,
    "revenueEstimated": null,
    "updatedFromDate": "2025-10-02",
    "fiscalDateEnding": "2026-03-29"
  },
  {
    "date": "2026-02-18",
    "symbol": "HAS",
    "eps": null,
    "epsEstimated": null,
    "time": "bmo",
    "revenue": null,
    "revenueEstimated": null,
    "updatedFromDate": "2025-10-02",
    "fiscalDateEnding": "2025-12-29"
  },
  {
    "date": "2025-10-23",
    "symbol": "HAS",
    "eps": null,
    "epsEstimated": 1.65,
    "time": "bmo",
    "revenue": null,
    "revenueEstimated": 1345776480,
    "updatedFromDate": "2025-10-02",
    "fiscalDateEnding": "2025-09-29"
  },
  {
    "date": "2025-07-23",
    "symbol": "HAS",
    "eps": 1.3,
    "epsEstimated": 0.78,
    "time": "bmo",
    "revenue": 980800000,
    "revenueEstimated": 1295844080,
    "updatedFromDate": "2025-10-02",
    "fiscalDateEnding": "2025-06-29"
  },
  {
    "date": "2025-04-24",
    "symbol": "HAS",
    "eps": 1.04,
    "epsEstimated": 0.67,
    "time": "bmo",
    "revenue": 887100000,
    "revenueEstimated": 770598810,
    "updatedFromDate": "2025-07-24",
    "fiscalDateEnding": "2025-03-31"
  },
  {
    "date": "2025-02-20",
    "symbol": "HAS",
    "eps": 0.46,
    "epsEstimated": 0.38,
    "time": "bmo",
    "revenue": 1101600000,
    "revenueEstimated": 755600000,
    "updatedFromDate": "2025-05-20",
    "fiscalDateEnding": "2024-12-29"
  },
  {
    "date": "2024-10-24",
    "symbol": "HAS",
    "eps": 1.73,
    "epsEstimated": 1.28,
    "time": "bmo",
    "revenue": 1281300000,
    "revenueEstimated": 1020200000,
    "updatedFromDate": "2025-04-25",
    "fiscalDateEnding": "2024-09-29"
  },
  {
    "date": "2024-07-25",
    "symbol": "HAS",
    "eps": 1.22,
    "epsEstimated": 0.78,
    "time": "bmo",
    "revenue": 995300000,
    "revenueEstimated": 941380708,
    "updatedFromDate": "2025-04-25",
    "fiscalDateEnding": "2024-06-30"
  },
  {
    "date": "2024-04-24",
    "symbol": "HAS",
    "eps": 0.61,
    "epsEstimated": 0.2684,
    "time": "bmo",
    "revenue": 757300000,
    "revenueEstimated": 739836906,
    "updatedFromDate": "2025-04-25",
    "fiscalDateEnding": "2024-03-31"
  },
  {
    "date": "2024-02-13",
    "symbol": "HAS",
    "eps": 0.38,
    "epsEstimated": 0.64,
    "time": "bmo",
    "revenue": 1288900000,
    "revenueEstimated": 1355180000,
    "updatedFromDate": "2025-04-25",
    "fiscalDateEnding": "2023-12-31"
  },
  {
    "date": "2023-10-26",
    "symbol": "HAS",
    "eps": 1.64,
    "epsEstimated": 1.64,
    "time": "bmo",
    "revenue": 1503400000,
    "revenueEstimated": 1645410000,
    "updatedFromDate": "2025-04-25",
    "fiscalDateEnding": "2023-10-01"
  },
  {
    "date": "2023-08-03",
    "symbol": "HAS",
    "eps": 0.49,
    "epsEstimated": 0.58,
    "time": "bmo",
    "revenue": 1210000000,
    "revenueEstimated": 1111220000,
    "updatedFromDate": "2025-04-25",
    "fiscalDateEnding": "2023-07-02"
  },
  {
    "date": "2023-04-27",
    "symbol": "HAS",
    "eps": 0.01,
    "epsEstimated": 0.0091,
    "time": "bmo",
    "revenue": 1001000000,
    "revenueEstimated": 878400000,
    "updatedFromDate": "2025-04-25",
    "fiscalDateEnding": "2023-04-02"
  },
  {
    "date": "2023-02-16",
    "symbol": "HAS",
    "eps": 1.31,
    "epsEstimated": 1.3,
    "time": "bmo",
    "revenue": 1678500000,
    "revenueEstimated": 1717650364,
    "updatedFromDate": "2025-04-25",
    "fiscalDateEnding": "2022-12-25"
  },
  {
    "date": "2022-10-18",
    "symbol": "HAS",
    "eps": 1.42,
    "epsEstimated": 1.53,
    "time": "bmo",
    "revenue": 1675900000,
    "revenueEstimated": 1676348061,
    "updatedFromDate": "2025-04-25",
    "fiscalDateEnding": "2022-09-25"
  },
  {
    "date": "2022-07-19",
    "symbol": "HAS",
    "eps": 1.15,
    "epsEstimated": 0.94,
    "time": "bmo",
    "revenue": 1339200000,
    "revenueEstimated": 1373627431,
    "updatedFromDate": "2025-04-25",
    "fiscalDateEnding": "2022-06-26"
  },
  {
    "date": "2022-04-19",
    "symbol": "HAS",
    "eps": 0.57,
    "epsEstimated": 0.61,
    "time": "bmo",
    "revenue": 1163100000,
    "revenueEstimated": 1151854918,
    "updatedFromDate": "2025-04-25",
    "fiscalDateEnding": "2022-03-27"
  },
  {
    "date": "2022-02-07",
    "symbol": "HAS",
    "eps": 1.21,
    "epsEstimated": 0.89,
    "time": "bmo",
    "revenue": 2013400000,
    "revenueEstimated": 1868333167,
    "updatedFromDate": "2025-04-25",
    "fiscalDateEnding": "2021-12-26"
  },
  {
    "date": "2021-10-26",
    "symbol": "HAS",
    "eps": 1.96,
    "epsEstimated": 1.69,
    "time": "bmo",
    "revenue": 1970000000,
    "revenueEstimated": 1964710000,
    "updatedFromDate": "2025-04-25",
    "fiscalDateEnding": "2021-09-26"
  },
  {
    "date": "2021-07-26",
    "symbol": "HAS",
    "eps": 1.05,
    "epsEstimated": 0.5,
    "time": "bmo",
    "revenue": 1322200000,
    "revenueEstimated": 1104450187,
    "updatedFromDate": "2025-04-25",
    "fiscalDateEnding": "2021-06-27"
  },
  {
    "date": "2021-04-27",
    "symbol": "HAS",
    "eps": 1,
    "epsEstimated": 0.65,
    "time": "bmo",
    "revenue": 1114800000,
    "revenueEstimated": 1174940000,
    "updatedFromDate": "2025-04-25",
    "fiscalDateEnding": "2021-03-28"
  },
  {
    "date": "2021-02-08",
    "symbol": "HAS",
    "eps": 1.27,
    "epsEstimated": 1.14,
    "time": "bmo",
    "revenue": 1722971000,
    "revenueEstimated": 1526491850,
    "updatedFromDate": "2025-04-25",
    "fiscalDateEnding": "2020-12-27"
  },
  {
    "date": "2020-10-26",
    "symbol": "HAS",
    "eps": 1.88,
    "epsEstimated": 1.63,
    "time": "bmo",
    "revenue": 1776600000,
    "revenueEstimated": 1540369941,
    "updatedFromDate": "2025-04-25",
    "fiscalDateEnding": "2020-09-27"
  },
  {
    "date": "2020-07-27",
    "symbol": "HAS",
    "eps": 0.02,
    "epsEstimated": 0.19,
    "time": "bmo",
    "revenue": 860300000,
    "revenueEstimated": 9893208500,
    "updatedFromDate": "2025-04-25",
    "fiscalDateEnding": "2020-06-28"
  },
  {
    "date": "2020-04-29",
    "symbol": "HAS",
    "eps": 0.57,
    "epsEstimated": 0.58,
    "time": "bmo",
    "revenue": 1105600000,
    "revenueEstimated": 1124965964,
    "updatedFromDate": "2025-04-25",
    "fiscalDateEnding": "2020-03-29"
  },
  {
    "date": "2020-02-11",
    "symbol": "HAS",
    "eps": 1.24,
    "epsEstimated": 0.89,
    "time": "bmo",
    "revenue": 1428007000,
    "revenueEstimated": 1047972879,
    "updatedFromDate": "2025-04-25",
    "fiscalDateEnding": "2019-12-29"
  },
  {
    "date": "2019-10-22",
    "symbol": "HAS",
    "eps": 1.84,
    "epsEstimated": 2.21,
    "time": "bmo",
    "revenue": 1575173000,
    "revenueEstimated": 1891919744,
    "updatedFromDate": "2025-04-25",
    "fiscalDateEnding": "2019-09-29"
  },
  {
    "date": "2019-07-23",
    "symbol": "HAS",
    "eps": 0.78,
    "epsEstimated": 0.51,
    "time": "bmo",
    "revenue": 984537000,
    "revenueEstimated": 631113461,
    "updatedFromDate": "2025-04-25",
    "fiscalDateEnding": "2019-06-30"
  },
  {
    "date": "2019-04-23",
    "symbol": "HAS",
    "eps": 0.21,
    "epsEstimated": -0.11,
    "time": "bmo",
    "revenue": 732510000,
    "revenueEstimated": 383695714,
    "updatedFromDate": "2025-04-25",
    "fiscalDateEnding": "2019-03-31"
  },
  {
    "date": "2019-02-08",
    "symbol": "HAS",
    "eps": 1.33,
    "epsEstimated": 1.68,
    "time": "bmo",
    "revenue": 1389161000,
    "revenueEstimated": 1744284864,
    "updatedFromDate": "2025-04-25",
    "fiscalDateEnding": "2018-12-30"
  },
  {
    "date": "2018-10-22",
    "symbol": "HAS",
    "eps": 1.93,
    "epsEstimated": 2.23,
    "time": "bmo",
    "revenue": 1569686000,
    "revenueEstimated": 1813694818,
    "updatedFromDate": "2025-04-25",
    "fiscalDateEnding": "2018-09-30"
  },
  {
    "date": "2018-07-23",
    "symbol": "HAS",
    "eps": 0.48,
    "epsEstimated": 0.29,
    "time": "bmo",
    "revenue": 904458000,
    "revenueEstimated": 546468750,
    "updatedFromDate": "2025-04-25",
    "fiscalDateEnding": "2018-07-01"
  },
  {
    "date": "2018-04-23",
    "symbol": "HAS",
    "eps": 0.1,
    "epsEstimated": 0.31,
    "time": "bmo",
    "revenue": 716341000,
    "revenueEstimated": 2363790000,
    "updatedFromDate": "2025-04-25",
    "fiscalDateEnding": "2018-04-01"
  },
  {
    "date": "2018-02-07",
    "symbol": "HAS",
    "eps": 2.3,
    "epsEstimated": 1.82,
    "time": "bmo",
    "revenue": 1596111000,
    "revenueEstimated": 1249121739,
    "updatedFromDate": "2025-04-25",
    "fiscalDateEnding": "2017-12-31"
  },
  {
    "date": "2017-10-23",
    "symbol": "HAS",
    "eps": 2.09,
    "epsEstimated": 1.94,
    "time": "bmo",
    "revenue": 1791502000,
    "revenueEstimated": 1662923444,
    "updatedFromDate": "2025-04-25",
    "fiscalDateEnding": "2017-10-01"
  },
  {
    "date": "2017-07-24",
    "symbol": "HAS",
    "eps": 0.53,
    "epsEstimated": 0.46,
    "time": "bmo",
    "revenue": 972506000,
    "revenueEstimated": 844056603,
    "updatedFromDate": "2025-04-25",
    "fiscalDateEnding": "2017-07-02"
  },
  {
    "date": "2017-04-24",
    "symbol": "HAS",
    "eps": 0.43,
    "epsEstimated": 0.38,
    "time": "bmo",
    "revenue": 849663000,
    "revenueEstimated": 597937037,
    "updatedFromDate": "2025-04-25",
    "fiscalDateEnding": "2017-04-02"
  },
  {
    "date": "2017-02-06",
    "symbol": "HAS",
    "eps": 1.64,
    "epsEstimated": 1.27,
    "time": "bmo",
    "revenue": 1629940000,
    "revenueEstimated": 1262178658,
    "updatedFromDate": "2025-04-25",
    "fiscalDateEnding": "2016-12-25"
  },
  {
    "date": "2016-10-17",
    "symbol": "HAS",
    "eps": 2.03,
    "epsEstimated": 1.74,
    "time": "bmo",
    "revenue": 1679757000,
    "revenueEstimated": 1439828571,
    "updatedFromDate": "2025-04-25",
    "fiscalDateEnding": "2016-09-25"
  },
  {
    "date": "2016-07-18",
    "symbol": "HAS",
    "eps": 0.41,
    "epsEstimated": 0.39,
    "time": "bmo",
    "revenue": 878945000,
    "revenueEstimated": 836026829,
    "updatedFromDate": "2025-04-25",
    "fiscalDateEnding": "2016-06-26"
  }
]