[
  {
    "date": "2026-04-23",
    "symbol": "HCA",
    "eps": null,
    "epsEstimated": null,
    "time": "bmo",
    "revenue": null,
    "revenueEstimated": null,
    "updatedFromDate": "2025-10-02",
    "fiscalDateEnding": "2026-03-30"
  },
  {
    "date": "2026-01-22",
    "symbol": "HCA",
    "eps": null,
    "epsEstimated": null,
    "time": "bmo",
    "revenue": null,
    "revenueEstimated": null,
    "updatedFromDate": "2025-10-02",
    "fiscalDateEnding": "2025-12-30"
  },
  {
    "date": "2025-10-24",
    "symbol": "HCA",
    "eps": null,
    "epsEstimated": 5.64,
    "time": "bmo",
    "revenue": null,
    "revenueEstimated": 18547432650,
    "updatedFromDate": "2025-10-02",
    "fiscalDateEnding": "2025-09-30"
  },
  {
    "date": "2025-07-25",
    "symbol": "HCA",
    "eps": 6.84,
    "epsEstimated": 6.29,
    "time": "bmo",
    "revenue": 18605000000,
    "revenueEstimated": 18499435455,
    "updatedFromDate": "2025-10-02",
    "fiscalDateEnding": "2025-06-30"
  },
  {
    "date": "2025-04-25",
    "symbol": "HCA",
    "eps": 6.45,
    "epsEstimated": 5.75,
    "time": "bmo",
    "revenue": 18321000000,
    "revenueEstimated": 18259620299,
    "updatedFromDate": "2025-07-24",
    "fiscalDateEnding": "2025-03-31"
  },
  {
    "date": "2025-01-24",
    "symbol": "HCA",
    "eps": 6.22,
    "epsEstimated": 6.13,
    "time": "bmo",
    "revenue": 18285000000,
    "revenueEstimated": 18234267234,
    "updatedFromDate": "2025-04-25",
    "fiscalDateEnding": "2024-12-31"
  },
  {
    "date": "2024-10-25",
    "symbol": "HCA",
    "eps": 5.03,
    "epsEstimated": 4.99,
    "time": "bmo",
    "revenue": 17487000000,
    "revenueEstimated": 17540045144,
    "updatedFromDate": "2025-04-25",
    "fiscalDateEnding": "2024-09-30"
  },
  {
    "date": "2024-07-23",
    "symbol": "HCA",
    "eps": 5.53,
    "epsEstimated": 4.85,
    "time": "bmo",
    "revenue": 17492000000,
    "revenueEstimated": 17053042069,
    "updatedFromDate": "2025-04-25",
    "fiscalDateEnding": "2024-06-30"
  },
  {
    "date": "2024-04-26",
    "symbol": "HCA",
    "eps": 5.93,
    "epsEstimated": 5.01,
    "time": "bmo",
    "revenue": 17339000000,
    "revenueEstimated": 16811924022,
    "updatedFromDate": "2025-04-25",
    "fiscalDateEnding": "2024-03-31"
  },
  {
    "date": "2024-01-30",
    "symbol": "HCA",
    "eps": 5.93,
    "epsEstimated": 5.06,
    "time": "bmo",
    "revenue": 17303000000,
    "revenueEstimated": 16511700000,
    "updatedFromDate": "2025-04-25",
    "fiscalDateEnding": "2023-12-31"
  },
  {
    "date": "2023-10-24",
    "symbol": "HCA",
    "eps": 3.91,
    "epsEstimated": 3.98,
    "time": "bmo",
    "revenue": 16213000000,
    "revenueEstimated": 15827000000,
    "updatedFromDate": "2025-04-25",
    "fiscalDateEnding": "2023-09-30"
  },
  {
    "date": "2023-07-27",
    "symbol": "HCA",
    "eps": 4.29,
    "epsEstimated": 4.22,
    "time": "bmo",
    "revenue": 15861000000,
    "revenueEstimated": 15615600000,
    "updatedFromDate": "2025-04-25",
    "fiscalDateEnding": "2023-06-30"
  },
  {
    "date": "2023-04-21",
    "symbol": "HCA",
    "eps": 4.93,
    "epsEstimated": 3.93,
    "time": "bmo",
    "revenue": 15591000000,
    "revenueEstimated": 15268500000,
    "updatedFromDate": "2025-04-25",
    "fiscalDateEnding": "2023-03-31"
  },
  {
    "date": "2023-01-27",
    "symbol": "HCA",
    "eps": 4.64,
    "epsEstimated": 4.79,
    "time": "bmo",
    "revenue": 15497000000,
    "revenueEstimated": 15630314881,
    "updatedFromDate": "2025-04-25",
    "fiscalDateEnding": "2022-12-31"
  },
  {
    "date": "2022-10-21",
    "symbol": "HCA",
    "eps": 3.93,
    "epsEstimated": 3.88,
    "time": "bmo",
    "revenue": 14971000000,
    "revenueEstimated": 15000983806,
    "updatedFromDate": "2025-04-25",
    "fiscalDateEnding": "2022-09-30"
  },
  {
    "date": "2022-07-22",
    "symbol": "HCA",
    "eps": 4.21,
    "epsEstimated": 3.7,
    "time": "bmo",
    "revenue": 14820000000,
    "revenueEstimated": 14724478382,
    "updatedFromDate": "2025-04-25",
    "fiscalDateEnding": "2022-06-30"
  },
  {
    "date": "2022-04-22",
    "symbol": "HCA",
    "eps": 4.12,
    "epsEstimated": 4.25,
    "time": "bmo",
    "revenue": 14945000000,
    "revenueEstimated": 14748626875,
    "updatedFromDate": "2025-04-25",
    "fiscalDateEnding": "2022-03-31"
  },
  {
    "date": "2022-01-27",
    "symbol": "HCA",
    "eps": 4.42,
    "epsEstimated": 4.53,
    "time": "bmo",
    "revenue": 15064000000,
    "revenueEstimated": 15351536745,
    "updatedFromDate": "2025-04-25",
    "fiscalDateEnding": "2021-12-31"
  },
  {
    "date": "2021-10-22",
    "symbol": "HCA",
    "eps": 4.57,
    "epsEstimated": 4.1,
    "time": "bmo",
    "revenue": 15276000000,
    "revenueEstimated": 14339200000,
    "updatedFromDate": "2025-04-25",
    "fiscalDateEnding": "2021-09-30"
  },
  {
    "date": "2021-07-20",
    "symbol": "HCA",
    "eps": 4.37,
    "epsEstimated": 3.16,
    "time": "bmo",
    "revenue": 14435000000,
    "revenueEstimated": 14339200000,
    "updatedFromDate": "2025-04-25",
    "fiscalDateEnding": "2021-06-30"
  },
  {
    "date": "2021-04-22",
    "symbol": "HCA",
    "eps": 4.14,
    "epsEstimated": 3.32,
    "time": "bmo",
    "revenue": 13977000000,
    "revenueEstimated": 13581100000,
    "updatedFromDate": "2025-04-25",
    "fiscalDateEnding": "2021-03-31"
  },
  {
    "date": "2021-02-02",
    "symbol": "HCA",
    "eps": 4.13,
    "epsEstimated": 3.61,
    "time": "bmo",
    "revenue": 14293000000,
    "revenueEstimated": 13996000000,
    "updatedFromDate": "2025-04-25",
    "fiscalDateEnding": "2020-12-31"
  },
  {
    "date": "2020-10-26",
    "symbol": "HCA",
    "eps": 1.92,
    "epsEstimated": 2.32,
    "time": "bmo",
    "revenue": 13311000000,
    "revenueEstimated": 16084124999,
    "updatedFromDate": "2025-04-25",
    "fiscalDateEnding": "2020-09-30"
  },
  {
    "date": "2020-07-22",
    "symbol": "HCA",
    "eps": 1.5,
    "epsEstimated": -0.94,
    "time": "bmo",
    "revenue": 11068000000,
    "revenueEstimated": 1336383900,
    "updatedFromDate": "2025-04-25",
    "fiscalDateEnding": "2020-06-30"
  },
  {
    "date": "2020-04-21",
    "symbol": "HCA",
    "eps": 2.33,
    "epsEstimated": 2.61,
    "time": "bmo",
    "revenue": 12861000000,
    "revenueEstimated": 14572120171,
    "updatedFromDate": "2025-04-25",
    "fiscalDateEnding": "2020-03-31"
  },
  {
    "date": "2020-01-28",
    "symbol": "HCA",
    "eps": 3.09,
    "epsEstimated": 3.09,
    "time": "bmo",
    "revenue": 13523000000,
    "revenueEstimated": 13523000000,
    "updatedFromDate": "2025-04-25",
    "fiscalDateEnding": "2019-12-31"
  },
  {
    "date": "2019-10-29",
    "symbol": "HCA",
    "eps": 2.23,
    "epsEstimated": 2.13,
    "time": "bmo",
    "revenue": 12694000000,
    "revenueEstimated": 12124762331,
    "updatedFromDate": "2025-04-25",
    "fiscalDateEnding": "2019-09-30"
  },
  {
    "date": "2019-07-30",
    "symbol": "HCA",
    "eps": 2.21,
    "epsEstimated": 2.46,
    "time": "bmo",
    "revenue": 12602000000,
    "revenueEstimated": 14027565610,
    "updatedFromDate": "2025-04-25",
    "fiscalDateEnding": "2019-06-30"
  },
  {
    "date": "2019-04-30",
    "symbol": "HCA",
    "eps": 2.97,
    "epsEstimated": 2.33,
    "time": "bmo",
    "revenue": 12517000000,
    "revenueEstimated": 9819734006,
    "updatedFromDate": "2025-04-25",
    "fiscalDateEnding": "2019-03-31"
  },
  {
    "date": "2019-01-29",
    "symbol": "HCA",
    "eps": 2.99,
    "epsEstimated": 2.58,
    "time": "bmo",
    "revenue": 12274000000,
    "revenueEstimated": 10590943143,
    "updatedFromDate": "2025-04-25",
    "fiscalDateEnding": "2018-12-31"
  },
  {
    "date": "2018-10-30",
    "symbol": "HCA",
    "eps": 2.16,
    "epsEstimated": 1.9,
    "time": "bmo",
    "revenue": 11451000000,
    "revenueEstimated": 10072638888,
    "updatedFromDate": "2025-04-25",
    "fiscalDateEnding": "2018-09-30"
  },
  {
    "date": "2018-07-25",
    "symbol": "HCA",
    "eps": 2.29,
    "epsEstimated": 2.16,
    "time": "bmo",
    "revenue": 11529000000,
    "revenueEstimated": 10874515283,
    "updatedFromDate": "2025-04-25",
    "fiscalDateEnding": "2018-06-30"
  },
  {
    "date": "2018-05-01",
    "symbol": "HCA",
    "eps": 2.33,
    "epsEstimated": 2.08,
    "time": "bmo",
    "revenue": 11423000000,
    "revenueEstimated": 10197356223,
    "updatedFromDate": "2025-04-25",
    "fiscalDateEnding": "2018-03-31"
  },
  {
    "date": "2018-01-30",
    "symbol": "HCA",
    "eps": 2.12,
    "epsEstimated": 1.87,
    "time": "bmo",
    "revenue": 11562000000,
    "revenueEstimated": 10150676056,
    "updatedFromDate": "2025-04-25",
    "fiscalDateEnding": "2017-12-31"
  },
  {
    "date": "2017-10-31",
    "symbol": "HCA",
    "eps": 1.21,
    "epsEstimated": 1.57,
    "time": "bmo",
    "revenue": 10696000000,
    "revenueEstimated": 13878280991,
    "updatedFromDate": "2025-04-25",
    "fiscalDateEnding": "2017-09-30"
  },
  {
    "date": "2017-07-25",
    "symbol": "HCA",
    "eps": 1.75,
    "epsEstimated": 1.8,
    "time": "bmo",
    "revenue": 10733000000,
    "revenueEstimated": 11100988571,
    "updatedFromDate": "2025-04-25",
    "fiscalDateEnding": "2017-06-30"
  },
  {
    "date": "2017-05-02",
    "symbol": "HCA",
    "eps": 1.74,
    "epsEstimated": 1.76,
    "time": "bmo",
    "revenue": 10623000000,
    "revenueEstimated": 10745103448,
    "updatedFromDate": "2025-04-25",
    "fiscalDateEnding": "2017-03-31"
  },
  {
    "date": "2017-01-31",
    "symbol": "HCA",
    "eps": 1.89,
    "epsEstimated": 1.77,
    "time": "bmo",
    "revenue": 10641000000,
    "revenueEstimated": 9965380952,
    "updatedFromDate": "2025-04-25",
    "fiscalDateEnding": "2016-12-31"
  },
  {
    "date": "2016-10-27",
    "symbol": "HCA",
    "eps": 1.61,
    "epsEstimated": 1.42,
    "time": "bmo",
    "revenue": 10270000000,
    "revenueEstimated": 9058012422,
    "updatedFromDate": "2025-04-25",
    "fiscalDateEnding": "2016-09-30"
  },
  {
    "date": "2016-07-28",
    "symbol": "HCA",
    "eps": 1.66,
    "epsEstimated": 1.56,
    "time": "bmo",
    "revenue": 10319000000,
    "revenueEstimated": 9697373493,
    "updatedFromDate": "2025-04-25",
    "fiscalDateEnding": "2016-06-30"
  }
]