[
  {
    "date": "2026-05-18",
    "symbol": "HD",
    "eps": null,
    "epsEstimated": null,
    "time": "bmo",
    "revenue": null,
    "revenueEstimated": null,
    "updatedFromDate": "2025-10-02",
    "fiscalDateEnding": "2026-05-03"
  },
  {
    "date": "2026-02-23",
    "symbol": "HD",
    "eps": null,
    "epsEstimated": null,
    "time": "bmo",
    "revenue": null,
    "revenueEstimated": null,
    "updatedFromDate": "2025-10-02",
    "fiscalDateEnding": "2026-02-03"
  },
  {
    "date": "2025-11-18",
    "symbol": "HD",
    "eps": null,
    "epsEstimated": 3.85,
    "time": "bmo",
    "revenue": null,
    "revenueEstimated": 41051275020,
    "updatedFromDate": "2025-10-02",
    "fiscalDateEnding": "2025-11-03"
  },
  {
    "date": "2025-08-19",
    "symbol": "HD",
    "eps": 4.68,
    "epsEstimated": 4.72,
    "time": "bmo",
    "revenue": 45277000000,
    "revenueEstimated": 45412387162,
    "updatedFromDate": "2025-10-02",
    "fiscalDateEnding": "2025-08-03"
  },
  {
    "date": "2025-05-20",
    "symbol": "HD",
    "eps": 3.56,
    "epsEstimated": 3.6,
    "time": "bmo",
    "revenue": 39856000000,
    "revenueEstimated": 39299370060,
    "updatedFromDate": "2025-08-20",
    "fiscalDateEnding": "2025-05-04"
  },
  {
    "date": "2025-02-25",
    "symbol": "HD",
    "eps": 3.13,
    "epsEstimated": 3.04,
    "time": "bmo",
    "revenue": 39704000000,
    "revenueEstimated": 39152578802,
    "updatedFromDate": "2025-05-25",
    "fiscalDateEnding": "2025-02-02"
  },
  {
    "date": "2024-11-12",
    "symbol": "HD",
    "eps": 3.67,
    "epsEstimated": 3.64,
    "time": "bmo",
    "revenue": 40217000000,
    "revenueEstimated": 39309485951,
    "updatedFromDate": "2025-04-25",
    "fiscalDateEnding": "2024-10-27"
  },
  {
    "date": "2024-08-13",
    "symbol": "HD",
    "eps": 4.6,
    "epsEstimated": 4.49,
    "time": "bmo",
    "revenue": 43175000000,
    "revenueEstimated": 42572443053,
    "updatedFromDate": "2025-04-25",
    "fiscalDateEnding": "2024-07-28"
  },
  {
    "date": "2024-05-14",
    "symbol": "HD",
    "eps": 3.63,
    "epsEstimated": 3.6,
    "time": "bmo",
    "revenue": 36418000000,
    "revenueEstimated": 36627412170,
    "updatedFromDate": "2025-04-25",
    "fiscalDateEnding": "2024-04-28"
  },
  {
    "date": "2024-02-20",
    "symbol": "HD",
    "eps": 2.82,
    "epsEstimated": 2.77,
    "time": "bmo",
    "revenue": 34786000000,
    "revenueEstimated": 34642562215,
    "updatedFromDate": "2025-04-25",
    "fiscalDateEnding": "2024-01-28"
  },
  {
    "date": "2023-11-14",
    "symbol": "HD",
    "eps": 3.81,
    "epsEstimated": 3.76,
    "time": "bmo",
    "revenue": 37710000000,
    "revenueEstimated": 35664900000,
    "updatedFromDate": "2025-04-25",
    "fiscalDateEnding": "2023-10-29"
  },
  {
    "date": "2023-08-15",
    "symbol": "HD",
    "eps": 4.65,
    "epsEstimated": 4.45,
    "time": "bmo",
    "revenue": 42916000000,
    "revenueEstimated": 42240400000,
    "updatedFromDate": "2025-04-25",
    "fiscalDateEnding": "2023-07-30"
  },
  {
    "date": "2023-05-16",
    "symbol": "HD",
    "eps": 3.82,
    "epsEstimated": 3.8,
    "time": "bmo",
    "revenue": 37257000000,
    "revenueEstimated": 38306300000,
    "updatedFromDate": "2025-04-25",
    "fiscalDateEnding": "2023-04-30"
  },
  {
    "date": "2023-02-21",
    "symbol": "HD",
    "eps": 3.3,
    "epsEstimated": 3.28,
    "time": "bmo",
    "revenue": 35831000000,
    "revenueEstimated": 35970714841,
    "updatedFromDate": "2025-04-25",
    "fiscalDateEnding": "2023-01-29"
  },
  {
    "date": "2022-11-15",
    "symbol": "HD",
    "eps": 4.24,
    "epsEstimated": 4.12,
    "time": "bmo",
    "revenue": 38872000000,
    "revenueEstimated": 37951058695,
    "updatedFromDate": "2025-04-25",
    "fiscalDateEnding": "2022-10-30"
  },
  {
    "date": "2022-08-16",
    "symbol": "HD",
    "eps": 5.05,
    "epsEstimated": 4.94,
    "time": "bmo",
    "revenue": 43792000000,
    "revenueEstimated": 43360332627,
    "updatedFromDate": "2025-04-25",
    "fiscalDateEnding": "2022-07-31"
  },
  {
    "date": "2022-05-17",
    "symbol": "HD",
    "eps": 4.09,
    "epsEstimated": 3.68,
    "time": "bmo",
    "revenue": 38908000000,
    "revenueEstimated": 36705264896,
    "updatedFromDate": "2025-04-25",
    "fiscalDateEnding": "2022-05-01"
  },
  {
    "date": "2022-02-22",
    "symbol": "HD",
    "eps": 3.21,
    "epsEstimated": 3.18,
    "time": "bmo",
    "revenue": 35719000000,
    "revenueEstimated": 34880448143,
    "updatedFromDate": "2025-04-25",
    "fiscalDateEnding": "2022-01-30"
  },
  {
    "date": "2021-11-16",
    "symbol": "HD",
    "eps": 3.92,
    "epsEstimated": 3.4,
    "time": "bmo",
    "revenue": 36820000000,
    "revenueEstimated": 34869500000,
    "updatedFromDate": "2025-04-25",
    "fiscalDateEnding": "2021-10-31"
  },
  {
    "date": "2021-08-17",
    "symbol": "HD",
    "eps": 4.53,
    "epsEstimated": 4.44,
    "time": "bmo",
    "revenue": 41118000000,
    "revenueEstimated": 34494700000,
    "updatedFromDate": "2025-04-25",
    "fiscalDateEnding": "2021-08-01"
  },
  {
    "date": "2021-05-18",
    "symbol": "HD",
    "eps": 3.86,
    "epsEstimated": 3.08,
    "time": "bmo",
    "revenue": 37500000000,
    "revenueEstimated": null,
    "updatedFromDate": "2025-04-25",
    "fiscalDateEnding": "2021-05-02"
  },
  {
    "date": "2021-02-23",
    "symbol": "HD",
    "eps": 2.65,
    "epsEstimated": 2.62,
    "time": "bmo",
    "revenue": 32261000000,
    "revenueEstimated": 31891599236,
    "updatedFromDate": "2025-04-25",
    "fiscalDateEnding": "2021-01-31"
  },
  {
    "date": "2020-11-17",
    "symbol": "HD",
    "eps": 3.18,
    "epsEstimated": 3.06,
    "time": "bmo",
    "revenue": 33536000000,
    "revenueEstimated": null,
    "updatedFromDate": "2025-04-25",
    "fiscalDateEnding": "2020-11-01"
  },
  {
    "date": "2020-08-18",
    "symbol": "HD",
    "eps": 4.02,
    "epsEstimated": 3.71,
    "time": "bmo",
    "revenue": 38053000000,
    "revenueEstimated": 35118564676,
    "updatedFromDate": "2025-04-25",
    "fiscalDateEnding": "2020-08-02"
  },
  {
    "date": "2020-05-19",
    "symbol": "HD",
    "eps": 2.08,
    "epsEstimated": 2.27,
    "time": "bmo",
    "revenue": 28260000000,
    "revenueEstimated": 30841442307,
    "updatedFromDate": "2025-04-25",
    "fiscalDateEnding": "2020-05-03"
  },
  {
    "date": "2020-02-25",
    "symbol": "HD",
    "eps": 2.28,
    "epsEstimated": 2.1,
    "time": "bmo",
    "revenue": 25782000000,
    "revenueEstimated": 23746578947,
    "updatedFromDate": "2025-04-25",
    "fiscalDateEnding": "2020-02-02"
  },
  {
    "date": "2019-11-19",
    "symbol": "HD",
    "eps": 2.53,
    "epsEstimated": 2.52,
    "time": "bmo",
    "revenue": 27223000000,
    "revenueEstimated": 27223000000,
    "updatedFromDate": "2025-04-25",
    "fiscalDateEnding": "2019-11-03"
  },
  {
    "date": "2019-08-20",
    "symbol": "HD",
    "eps": 3.17,
    "epsEstimated": 3.08,
    "time": "bmo",
    "revenue": 30839000000,
    "revenueEstimated": 29963444794,
    "updatedFromDate": "2025-04-25",
    "fiscalDateEnding": "2019-08-04"
  },
  {
    "date": "2019-05-21",
    "symbol": "HD",
    "eps": 2.27,
    "epsEstimated": 2.18,
    "time": "bmo",
    "revenue": 26381000000,
    "revenueEstimated": 25335057268,
    "updatedFromDate": "2025-04-25",
    "fiscalDateEnding": "2019-05-05"
  },
  {
    "date": "2019-02-26",
    "symbol": "HD",
    "eps": 2.25,
    "epsEstimated": 2.16,
    "time": "bmo",
    "revenue": 26491000000,
    "revenueEstimated": 25431360000,
    "updatedFromDate": "2025-04-25",
    "fiscalDateEnding": "2019-02-03"
  },
  {
    "date": "2018-11-13",
    "symbol": "HD",
    "eps": 2.51,
    "epsEstimated": 2.26,
    "time": "bmo",
    "revenue": 26302000000,
    "revenueEstimated": 23682278884,
    "updatedFromDate": "2025-04-25",
    "fiscalDateEnding": "2018-10-28"
  },
  {
    "date": "2018-08-14",
    "symbol": "HD",
    "eps": 3.05,
    "epsEstimated": 2.84,
    "time": "bmo",
    "revenue": 30463000000,
    "revenueEstimated": 28365547540,
    "updatedFromDate": "2025-04-25",
    "fiscalDateEnding": "2018-07-29"
  },
  {
    "date": "2018-05-15",
    "symbol": "HD",
    "eps": 2.08,
    "epsEstimated": 2.05,
    "time": "bmo",
    "revenue": 24947000000,
    "revenueEstimated": 24587187499,
    "updatedFromDate": "2025-04-25",
    "fiscalDateEnding": "2018-04-29"
  },
  {
    "date": "2018-02-20",
    "symbol": "HD",
    "eps": 1.69,
    "epsEstimated": 1.61,
    "time": "bmo",
    "revenue": 23883000000,
    "revenueEstimated": 22752443786,
    "updatedFromDate": "2025-04-25",
    "fiscalDateEnding": "2018-01-28"
  },
  {
    "date": "2017-11-14",
    "symbol": "HD",
    "eps": 1.87,
    "epsEstimated": 1.82,
    "time": "bmo",
    "revenue": 25026000000,
    "revenueEstimated": 24753978260,
    "updatedFromDate": "2025-04-25",
    "fiscalDateEnding": "2017-10-29"
  },
  {
    "date": "2017-08-15",
    "symbol": "HD",
    "eps": 2.25,
    "epsEstimated": 2.22,
    "time": "bmo",
    "revenue": 28108000000,
    "revenueEstimated": 27733226666,
    "updatedFromDate": "2025-04-25",
    "fiscalDateEnding": "2017-07-30"
  },
  {
    "date": "2017-05-16",
    "symbol": "HD",
    "eps": 1.67,
    "epsEstimated": 1.62,
    "time": "bmo",
    "revenue": 23887000000,
    "revenueEstimated": 23171820359,
    "updatedFromDate": "2025-04-25",
    "fiscalDateEnding": "2017-04-30"
  },
  {
    "date": "2017-02-21",
    "symbol": "HD",
    "eps": 1.44,
    "epsEstimated": 1.34,
    "time": "bmo",
    "revenue": 22207000000,
    "revenueEstimated": 20664847222,
    "updatedFromDate": "2025-04-25",
    "fiscalDateEnding": "2017-01-29"
  },
  {
    "date": "2016-11-15",
    "symbol": "HD",
    "eps": 1.6,
    "epsEstimated": 1.58,
    "time": "bmo",
    "revenue": 23154000000,
    "revenueEstimated": 22864575000,
    "updatedFromDate": "2025-04-25",
    "fiscalDateEnding": "2016-10-30"
  },
  {
    "date": "2016-08-16",
    "symbol": "HD",
    "eps": 1.97,
    "epsEstimated": 1.97,
    "time": "bmo",
    "revenue": 26472000000,
    "revenueEstimated": 26472000000,
    "updatedFromDate": "2025-04-25",
    "fiscalDateEnding": "2016-07-31"
  }
]