[
  {
    "date": "2026-04-22",
    "symbol": "HIG",
    "eps": null,
    "epsEstimated": null,
    "time": "amc",
    "revenue": null,
    "revenueEstimated": null,
    "updatedFromDate": "2025-10-02",
    "fiscalDateEnding": "2026-03-30"
  },
  {
    "date": "2026-01-28",
    "symbol": "HIG",
    "eps": null,
    "epsEstimated": null,
    "time": "amc",
    "revenue": null,
    "revenueEstimated": null,
    "updatedFromDate": "2025-10-02",
    "fiscalDateEnding": "2025-12-30"
  },
  {
    "date": "2025-10-27",
    "symbol": "HIG",
    "eps": null,
    "epsEstimated": 3.05,
    "time": "amc",
    "revenue": null,
    "revenueEstimated": 7165385870,
    "updatedFromDate": "2025-10-02",
    "fiscalDateEnding": "2025-09-30"
  },
  {
    "date": "2025-07-28",
    "symbol": "HIG",
    "eps": 3.41,
    "epsEstimated": 2.83,
    "time": "amc",
    "revenue": 6987000000,
    "revenueEstimated": 7042644736,
    "updatedFromDate": "2025-10-02",
    "fiscalDateEnding": "2025-06-30"
  },
  {
    "date": "2025-04-24",
    "symbol": "HIG",
    "eps": 2.2,
    "epsEstimated": 2.15,
    "time": "amc",
    "revenue": 6771000000,
    "revenueEstimated": 6806514215,
    "updatedFromDate": "2025-07-24",
    "fiscalDateEnding": "2025-03-31"
  },
  {
    "date": "2025-01-30",
    "symbol": "HIG",
    "eps": 2.94,
    "epsEstimated": 2.68,
    "time": "amc",
    "revenue": 6800000000,
    "revenueEstimated": 6613341750,
    "updatedFromDate": "2025-04-30",
    "fiscalDateEnding": "2024-12-31"
  },
  {
    "date": "2024-10-24",
    "symbol": "HIG",
    "eps": 2.53,
    "epsEstimated": 2.54,
    "time": "amc",
    "revenue": 6714000000,
    "revenueEstimated": 6678731607,
    "updatedFromDate": "2025-04-25",
    "fiscalDateEnding": "2024-09-30"
  },
  {
    "date": "2024-07-25",
    "symbol": "HIG",
    "eps": 2.5,
    "epsEstimated": 2.24,
    "time": "amc",
    "revenue": 6486000000,
    "revenueEstimated": 6571719394,
    "updatedFromDate": "2025-04-25",
    "fiscalDateEnding": "2024-06-30"
  },
  {
    "date": "2024-04-25",
    "symbol": "HIG",
    "eps": 2.34,
    "epsEstimated": 2.45,
    "time": "amc",
    "revenue": 6419000000,
    "revenueEstimated": 6516680908,
    "updatedFromDate": "2025-04-25",
    "fiscalDateEnding": "2024-03-31"
  },
  {
    "date": "2024-02-01",
    "symbol": "HIG",
    "eps": 3.06,
    "epsEstimated": 2.44,
    "time": "amc",
    "revenue": 6400000000,
    "revenueEstimated": 6362460000,
    "updatedFromDate": "2025-04-25",
    "fiscalDateEnding": "2023-12-31"
  },
  {
    "date": "2023-10-26",
    "symbol": "HIG",
    "eps": 2.29,
    "epsEstimated": 1.98,
    "time": "amc",
    "revenue": 6168000000,
    "revenueEstimated": 6168920000,
    "updatedFromDate": "2025-04-25",
    "fiscalDateEnding": "2023-09-30"
  },
  {
    "date": "2023-07-27",
    "symbol": "HIG",
    "eps": 1.88,
    "epsEstimated": 1.85,
    "time": "amc",
    "revenue": 6017000000,
    "revenueEstimated": 6048310000,
    "updatedFromDate": "2025-04-25",
    "fiscalDateEnding": "2023-06-30"
  },
  {
    "date": "2023-04-27",
    "symbol": "HIG",
    "eps": 1.68,
    "epsEstimated": 1.72,
    "time": "amc",
    "revenue": 5910000000,
    "revenueEstimated": 5875490000,
    "updatedFromDate": "2025-04-25",
    "fiscalDateEnding": "2023-03-31"
  },
  {
    "date": "2023-02-02",
    "symbol": "HIG",
    "eps": 2.31,
    "epsEstimated": 1.87,
    "time": "amc",
    "revenue": 6016000000,
    "revenueEstimated": 5742583087,
    "updatedFromDate": "2025-04-25",
    "fiscalDateEnding": "2022-12-31"
  },
  {
    "date": "2022-10-27",
    "symbol": "HIG",
    "eps": 1.44,
    "epsEstimated": 1.29,
    "time": "amc",
    "revenue": 5580000000,
    "revenueEstimated": 5531727270,
    "updatedFromDate": "2025-04-25",
    "fiscalDateEnding": "2022-09-30"
  },
  {
    "date": "2022-07-28",
    "symbol": "HIG",
    "eps": 2.15,
    "epsEstimated": 1.52,
    "time": "amc",
    "revenue": 5215000000,
    "revenueEstimated": 5526945007,
    "updatedFromDate": "2025-04-25",
    "fiscalDateEnding": "2022-06-30"
  },
  {
    "date": "2022-04-28",
    "symbol": "HIG",
    "eps": 1.66,
    "epsEstimated": 1.54,
    "time": "amc",
    "revenue": 5393000000,
    "revenueEstimated": 5572814619,
    "updatedFromDate": "2025-04-25",
    "fiscalDateEnding": "2022-03-31"
  },
  {
    "date": "2022-02-03",
    "symbol": "HIG",
    "eps": 2.02,
    "epsEstimated": 1.52,
    "time": "amc",
    "revenue": 6017000000,
    "revenueEstimated": 5274883513,
    "updatedFromDate": "2025-04-25",
    "fiscalDateEnding": "2021-12-31"
  },
  {
    "date": "2021-10-28",
    "symbol": "HIG",
    "eps": 1.26,
    "epsEstimated": 0.86,
    "time": "amc",
    "revenue": 5686000000,
    "revenueEstimated": 5254000000,
    "updatedFromDate": "2025-04-25",
    "fiscalDateEnding": "2021-09-30"
  },
  {
    "date": "2021-07-28",
    "symbol": "HIG",
    "eps": 2.33,
    "epsEstimated": 1.34,
    "time": "amc",
    "revenue": 5589000000,
    "revenueEstimated": 4963137968,
    "updatedFromDate": "2025-04-25",
    "fiscalDateEnding": "2021-06-30"
  },
  {
    "date": "2021-04-22",
    "symbol": "HIG",
    "eps": 0.56,
    "epsEstimated": 0.62,
    "time": "amc",
    "revenue": 5299000000,
    "revenueEstimated": 5181000000,
    "updatedFromDate": "2025-04-25",
    "fiscalDateEnding": "2021-03-31"
  },
  {
    "date": "2021-02-04",
    "symbol": "HIG",
    "eps": 1.76,
    "epsEstimated": 1.33,
    "time": "amc",
    "revenue": 5328000000,
    "revenueEstimated": 3468045112,
    "updatedFromDate": "2025-04-25",
    "fiscalDateEnding": "2020-12-31"
  },
  {
    "date": "2020-10-29",
    "symbol": "HIG",
    "eps": 1.46,
    "epsEstimated": 0.9,
    "time": "amc",
    "revenue": 5171000000,
    "revenueEstimated": 4834884998,
    "updatedFromDate": "2025-04-25",
    "fiscalDateEnding": "2020-09-30"
  },
  {
    "date": "2020-07-30",
    "symbol": "HIG",
    "eps": 1.22,
    "epsEstimated": 1.22,
    "time": "amc",
    "revenue": 5068000000,
    "revenueEstimated": 5068000000,
    "updatedFromDate": "2025-04-25",
    "fiscalDateEnding": "2020-06-30"
  },
  {
    "date": "2020-04-29",
    "symbol": "HIG",
    "eps": 1.34,
    "epsEstimated": 1.33,
    "time": "amc",
    "revenue": 4956000000,
    "revenueEstimated": 4763283582,
    "updatedFromDate": "2025-04-25",
    "fiscalDateEnding": "2020-03-31"
  },
  {
    "date": "2020-02-03",
    "symbol": "HIG",
    "eps": 1.43,
    "epsEstimated": 1.32,
    "time": "amc",
    "revenue": 5361000000,
    "revenueEstimated": 4426153846,
    "updatedFromDate": "2025-04-25",
    "fiscalDateEnding": "2019-12-31"
  },
  {
    "date": "2019-11-04",
    "symbol": "HIG",
    "eps": 1.5,
    "epsEstimated": 1.24,
    "time": "amc",
    "revenue": 5347000000,
    "revenueEstimated": 3941546666,
    "updatedFromDate": "2025-04-25",
    "fiscalDateEnding": "2019-09-30"
  },
  {
    "date": "2019-08-01",
    "symbol": "HIG",
    "eps": 1.33,
    "epsEstimated": 1.14,
    "time": "amc",
    "revenue": 5092000000,
    "revenueEstimated": 3877714285,
    "updatedFromDate": "2025-04-25",
    "fiscalDateEnding": "2019-06-30"
  },
  {
    "date": "2019-05-01",
    "symbol": "HIG",
    "eps": 1.39,
    "epsEstimated": 1.24,
    "time": "amc",
    "revenue": 4940000000,
    "revenueEstimated": 3842215827,
    "updatedFromDate": "2025-04-25",
    "fiscalDateEnding": "2019-03-31"
  },
  {
    "date": "2019-02-04",
    "symbol": "HIG",
    "eps": 0.78,
    "epsEstimated": 0.65,
    "time": "amc",
    "revenue": 4633000000,
    "revenueEstimated": 3177384615,
    "updatedFromDate": "2025-04-25",
    "fiscalDateEnding": "2018-12-31"
  },
  {
    "date": "2018-10-25",
    "symbol": "HIG",
    "eps": 1.15,
    "epsEstimated": 1.06,
    "time": "amc",
    "revenue": 4842000000,
    "revenueEstimated": 4018782608,
    "updatedFromDate": "2025-04-25",
    "fiscalDateEnding": "2018-09-30"
  },
  {
    "date": "2018-07-26",
    "symbol": "HIG",
    "eps": 1.13,
    "epsEstimated": 1.02,
    "time": "amc",
    "revenue": 4789000000,
    "revenueEstimated": 3927672566,
    "updatedFromDate": "2025-04-25",
    "fiscalDateEnding": "2018-06-30"
  },
  {
    "date": "2018-04-26",
    "symbol": "HIG",
    "eps": 1.27,
    "epsEstimated": 1.08,
    "time": "amc",
    "revenue": 4691000000,
    "revenueEstimated": 3631181102,
    "updatedFromDate": "2025-04-25",
    "fiscalDateEnding": "2018-03-31"
  },
  {
    "date": "2018-02-08",
    "symbol": "HIG",
    "eps": 0.81,
    "epsEstimated": 0.74,
    "time": "amc",
    "revenue": 2866000000,
    "revenueEstimated": 3928901234,
    "updatedFromDate": "2025-04-25",
    "fiscalDateEnding": "2017-12-31"
  },
  {
    "date": "2017-10-23",
    "symbol": "HIG",
    "eps": 0.6,
    "epsEstimated": 0.57,
    "time": "amc",
    "revenue": 4684000000,
    "revenueEstimated": 3573900000,
    "updatedFromDate": "2025-04-25",
    "fiscalDateEnding": "2017-09-30"
  },
  {
    "date": "2017-07-27",
    "symbol": "HIG",
    "eps": 1.04,
    "epsEstimated": 0.95,
    "time": "amc",
    "revenue": 4769000000,
    "revenueEstimated": 3402076923,
    "updatedFromDate": "2025-04-25",
    "fiscalDateEnding": "2017-06-30"
  },
  {
    "date": "2017-04-27",
    "symbol": "HIG",
    "eps": 1,
    "epsEstimated": 0.99,
    "time": "amc",
    "revenue": 4655000000,
    "revenueEstimated": 3697650000,
    "updatedFromDate": "2025-04-25",
    "fiscalDateEnding": "2017-03-31"
  },
  {
    "date": "2017-02-02",
    "symbol": "HIG",
    "eps": 1.08,
    "epsEstimated": 0.96,
    "time": "amc",
    "revenue": 4537000000,
    "revenueEstimated": 2526685185,
    "updatedFromDate": "2025-04-25",
    "fiscalDateEnding": "2016-12-31"
  },
  {
    "date": "2016-10-27",
    "symbol": "HIG",
    "eps": 1.06,
    "epsEstimated": 0.95,
    "time": "amc",
    "revenue": 4695000000,
    "revenueEstimated": 3549056603,
    "updatedFromDate": "2025-04-25",
    "fiscalDateEnding": "2016-09-30"
  },
  {
    "date": "2016-07-28",
    "symbol": "HIG",
    "eps": 0.31,
    "epsEstimated": 0.8,
    "time": "amc",
    "revenue": 4677000000,
    "revenueEstimated": 10085161290,
    "updatedFromDate": "2025-04-25",
    "fiscalDateEnding": "2016-06-30"
  }
]