[
  {
    "date": "2026-04-29",
    "symbol": "HII",
    "eps": null,
    "epsEstimated": null,
    "time": "bmo",
    "revenue": null,
    "revenueEstimated": null,
    "updatedFromDate": "2025-10-02",
    "fiscalDateEnding": "2026-03-30"
  },
  {
    "date": "2026-02-04",
    "symbol": "HII",
    "eps": null,
    "epsEstimated": null,
    "time": "bmo",
    "revenue": null,
    "revenueEstimated": null,
    "updatedFromDate": "2025-10-02",
    "fiscalDateEnding": "2025-12-30"
  },
  {
    "date": "2025-10-30",
    "symbol": "HII",
    "eps": null,
    "epsEstimated": 3.21,
    "time": "bmo",
    "revenue": null,
    "revenueEstimated": 2953335660,
    "updatedFromDate": "2025-10-02",
    "fiscalDateEnding": "2025-09-30"
  },
  {
    "date": "2025-07-31",
    "symbol": "HII",
    "eps": 3.86,
    "epsEstimated": 3.23,
    "time": "bmo",
    "revenue": 3082000000,
    "revenueEstimated": 2953335660,
    "updatedFromDate": "2025-10-02",
    "fiscalDateEnding": "2025-06-30"
  },
  {
    "date": "2025-05-01",
    "symbol": "HII",
    "eps": 3.79,
    "epsEstimated": 2.9,
    "time": "bmo",
    "revenue": 2734000000,
    "revenueEstimated": 2984439680,
    "updatedFromDate": "2025-08-01",
    "fiscalDateEnding": "2025-03-31"
  },
  {
    "date": "2025-02-06",
    "symbol": "HII",
    "eps": 3.15,
    "epsEstimated": 3.28,
    "time": "bmo",
    "revenue": 3004000000,
    "revenueEstimated": 2864960370,
    "updatedFromDate": "2025-05-06",
    "fiscalDateEnding": "2024-12-31"
  },
  {
    "date": "2024-10-31",
    "symbol": "HII",
    "eps": 2.56,
    "epsEstimated": 3.86,
    "time": "bmo",
    "revenue": 2749000000,
    "revenueEstimated": 2866590000,
    "updatedFromDate": "2025-04-25",
    "fiscalDateEnding": "2024-09-30"
  },
  {
    "date": "2024-08-01",
    "symbol": "HII",
    "eps": 4.38,
    "epsEstimated": 3.62,
    "time": "bmo",
    "revenue": 2977000000,
    "revenueEstimated": 2844850000,
    "updatedFromDate": "2025-04-25",
    "fiscalDateEnding": "2024-06-30"
  },
  {
    "date": "2024-05-02",
    "symbol": "HII",
    "eps": 3.87,
    "epsEstimated": 3.53,
    "time": "bmo",
    "revenue": 2805000000,
    "revenueEstimated": 2793460000,
    "updatedFromDate": "2025-04-25",
    "fiscalDateEnding": "2024-03-31"
  },
  {
    "date": "2024-02-01",
    "symbol": "HII",
    "eps": 6.9,
    "epsEstimated": 4.28,
    "time": "bmo",
    "revenue": 3177000000,
    "revenueEstimated": 2779520000,
    "updatedFromDate": "2025-04-25",
    "fiscalDateEnding": "2023-12-31"
  },
  {
    "date": "2023-11-02",
    "symbol": "HII",
    "eps": 3.7,
    "epsEstimated": 3.41,
    "time": "bmo",
    "revenue": 2816000000,
    "revenueEstimated": 2711970000,
    "updatedFromDate": "2025-04-25",
    "fiscalDateEnding": "2023-09-30"
  },
  {
    "date": "2023-08-03",
    "symbol": "HII",
    "eps": 3.27,
    "epsEstimated": 3.12,
    "time": "bmo",
    "revenue": 2787000000,
    "revenueEstimated": 2674910000,
    "updatedFromDate": "2025-04-25",
    "fiscalDateEnding": "2023-06-30"
  },
  {
    "date": "2023-05-04",
    "symbol": "HII",
    "eps": 3.23,
    "epsEstimated": 2.9,
    "time": "bmo",
    "revenue": 2674000000,
    "revenueEstimated": 2602120000,
    "updatedFromDate": "2025-04-25",
    "fiscalDateEnding": "2023-03-31"
  },
  {
    "date": "2023-02-09",
    "symbol": "HII",
    "eps": 3.07,
    "epsEstimated": 3.29,
    "time": "bmo",
    "revenue": 2812000000,
    "revenueEstimated": 2685680325,
    "updatedFromDate": "2025-04-25",
    "fiscalDateEnding": "2022-12-31"
  },
  {
    "date": "2022-11-03",
    "symbol": "HII",
    "eps": 3.44,
    "epsEstimated": 3.42,
    "time": "bmo",
    "revenue": 2626000000,
    "revenueEstimated": 2685016823,
    "updatedFromDate": "2025-04-25",
    "fiscalDateEnding": "2022-09-30"
  },
  {
    "date": "2022-08-04",
    "symbol": "HII",
    "eps": 4.44,
    "epsEstimated": 3.35,
    "time": "bmo",
    "revenue": 2662000000,
    "revenueEstimated": 2619464171,
    "updatedFromDate": "2025-04-25",
    "fiscalDateEnding": "2022-06-30"
  },
  {
    "date": "2022-05-05",
    "symbol": "HII",
    "eps": 3.5,
    "epsEstimated": 3.19,
    "time": "bmo",
    "revenue": 2576000000,
    "revenueEstimated": 2523264134,
    "updatedFromDate": "2025-04-25",
    "fiscalDateEnding": "2022-03-31"
  },
  {
    "date": "2022-02-10",
    "symbol": "HII",
    "eps": 2.99,
    "epsEstimated": 2.97,
    "time": "bmo",
    "revenue": 2677000000,
    "revenueEstimated": 2653605566,
    "updatedFromDate": "2025-04-25",
    "fiscalDateEnding": "2021-12-31"
  },
  {
    "date": "2021-11-04",
    "symbol": "HII",
    "eps": 3.65,
    "epsEstimated": 2.99,
    "time": "bmo",
    "revenue": 2338000000,
    "revenueEstimated": 2314320000,
    "updatedFromDate": "2025-04-25",
    "fiscalDateEnding": "2021-09-30"
  },
  {
    "date": "2021-08-05",
    "symbol": "HII",
    "eps": 3.2,
    "epsEstimated": 2.51,
    "time": "bmo",
    "revenue": 2231000000,
    "revenueEstimated": 2172040000,
    "updatedFromDate": "2025-04-25",
    "fiscalDateEnding": "2021-06-30"
  },
  {
    "date": "2021-05-06",
    "symbol": "HII",
    "eps": 3.68,
    "epsEstimated": 2.63,
    "time": "bmo",
    "revenue": 2278000000,
    "revenueEstimated": 2223860000,
    "updatedFromDate": "2025-04-25",
    "fiscalDateEnding": "2021-03-31"
  },
  {
    "date": "2021-02-11",
    "symbol": "HII",
    "eps": 6.15,
    "epsEstimated": 4.56,
    "time": "bmo",
    "revenue": 2757000000,
    "revenueEstimated": 2405100000,
    "updatedFromDate": "2025-04-25",
    "fiscalDateEnding": "2020-12-31"
  },
  {
    "date": "2020-11-05",
    "symbol": "HII",
    "eps": 5.45,
    "epsEstimated": 4.13,
    "time": "bmo",
    "revenue": 2314000000,
    "revenueEstimated": 466045871,
    "updatedFromDate": "2025-04-25",
    "fiscalDateEnding": "2020-09-30"
  },
  {
    "date": "2020-08-06",
    "symbol": "HII",
    "eps": 1.3,
    "epsEstimated": 4.17,
    "time": "bmo",
    "revenue": 2027000000,
    "revenueEstimated": 6501992307,
    "updatedFromDate": "2025-04-25",
    "fiscalDateEnding": "2020-06-30"
  },
  {
    "date": "2020-05-07",
    "symbol": "HII",
    "eps": 4.23,
    "epsEstimated": 4.47,
    "time": "bmo",
    "revenue": 2263000000,
    "revenueEstimated": 2418146572,
    "updatedFromDate": "2025-04-25",
    "fiscalDateEnding": "2020-03-31"
  },
  {
    "date": "2020-02-13",
    "symbol": "HII",
    "eps": 4.36,
    "epsEstimated": 4.2,
    "time": "bmo",
    "revenue": 2412000000,
    "revenueEstimated": 2323486238,
    "updatedFromDate": "2025-04-25",
    "fiscalDateEnding": "2019-12-31"
  },
  {
    "date": "2019-11-07",
    "symbol": "HII",
    "eps": 3.74,
    "epsEstimated": 3.63,
    "time": "bmo",
    "revenue": 2219000000,
    "revenueEstimated": 2153735294,
    "updatedFromDate": "2025-04-25",
    "fiscalDateEnding": "2019-09-30"
  },
  {
    "date": "2019-08-01",
    "symbol": "HII",
    "eps": 3.07,
    "epsEstimated": 3.58,
    "time": "bmo",
    "revenue": 2188000000,
    "revenueEstimated": 2551478827,
    "updatedFromDate": "2025-04-25",
    "fiscalDateEnding": "2019-06-30"
  },
  {
    "date": "2019-05-02",
    "symbol": "HII",
    "eps": 2.85,
    "epsEstimated": 3.23,
    "time": "bmo",
    "revenue": 2080000000,
    "revenueEstimated": 2357333333,
    "updatedFromDate": "2025-04-25",
    "fiscalDateEnding": "2019-03-31"
  },
  {
    "date": "2019-02-14",
    "symbol": "HII",
    "eps": 4.94,
    "epsEstimated": 4.52,
    "time": "bmo",
    "revenue": 2199000000,
    "revenueEstimated": 2012040485,
    "updatedFromDate": "2025-04-25",
    "fiscalDateEnding": "2018-12-31"
  },
  {
    "date": "2018-11-08",
    "symbol": "HII",
    "eps": 5.29,
    "epsEstimated": 4.13,
    "time": "bmo",
    "revenue": 2083000000,
    "revenueEstimated": 1626236294,
    "updatedFromDate": "2025-04-25",
    "fiscalDateEnding": "2018-09-30"
  },
  {
    "date": "2018-08-02",
    "symbol": "HII",
    "eps": 5.4,
    "epsEstimated": 4.09,
    "time": "bmo",
    "revenue": 2020000000,
    "revenueEstimated": 1529962962,
    "updatedFromDate": "2025-04-25",
    "fiscalDateEnding": "2018-06-30"
  },
  {
    "date": "2018-05-03",
    "symbol": "HII",
    "eps": 3.48,
    "epsEstimated": 4.07,
    "time": "bmo",
    "revenue": 1874000000,
    "revenueEstimated": 2191718390,
    "updatedFromDate": "2025-04-25",
    "fiscalDateEnding": "2018-03-31"
  },
  {
    "date": "2018-02-15",
    "symbol": "HII",
    "eps": 3.11,
    "epsEstimated": 2.92,
    "time": "bmo",
    "revenue": 1996000000,
    "revenueEstimated": 1861221864,
    "updatedFromDate": "2025-04-25",
    "fiscalDateEnding": "2017-12-31"
  },
  {
    "date": "2017-11-08",
    "symbol": "HII",
    "eps": 3.27,
    "epsEstimated": 2.79,
    "time": "bmo",
    "revenue": 1863000000,
    "revenueEstimated": 1589532110,
    "updatedFromDate": "2025-04-25",
    "fiscalDateEnding": "2017-09-30"
  },
  {
    "date": "2017-08-03",
    "symbol": "HII",
    "eps": 3.21,
    "epsEstimated": 2.67,
    "time": "bmo",
    "revenue": 1858000000,
    "revenueEstimated": 1545439252,
    "updatedFromDate": "2025-04-25",
    "fiscalDateEnding": "2017-06-30"
  },
  {
    "date": "2017-05-04",
    "symbol": "HII",
    "eps": 1.87,
    "epsEstimated": 2.72,
    "time": "bmo",
    "revenue": 1724000000,
    "revenueEstimated": 1838484375,
    "updatedFromDate": "2025-04-25",
    "fiscalDateEnding": "2017-03-31"
  },
  {
    "date": "2017-02-16",
    "symbol": "HII",
    "eps": 4.2,
    "epsEstimated": 2.45,
    "time": "bmo",
    "revenue": 1922000000,
    "revenueEstimated": 1359128569,
    "updatedFromDate": "2025-04-25",
    "fiscalDateEnding": "2016-12-31"
  },
  {
    "date": "2016-11-03",
    "symbol": "HII",
    "eps": 2.27,
    "epsEstimated": 2.4,
    "time": "bmo",
    "revenue": 1683000000,
    "revenueEstimated": 1779383259,
    "updatedFromDate": "2025-04-25",
    "fiscalDateEnding": "2016-09-30"
  },
  {
    "date": "2016-08-04",
    "symbol": "HII",
    "eps": 2.8,
    "epsEstimated": 2.32,
    "time": "bmo",
    "revenue": 1700000000,
    "revenueEstimated": 1408571428,
    "updatedFromDate": "2025-04-25",
    "fiscalDateEnding": "2016-06-30"
  }
]