[
  {
    "date": "2026-04-27",
    "symbol": "HLT",
    "eps": null,
    "epsEstimated": null,
    "time": "bmo",
    "revenue": null,
    "revenueEstimated": null,
    "updatedFromDate": "2025-10-02",
    "fiscalDateEnding": "2026-03-30"
  },
  {
    "date": "2026-02-04",
    "symbol": "HLT",
    "eps": null,
    "epsEstimated": null,
    "time": "bmo",
    "revenue": null,
    "revenueEstimated": null,
    "updatedFromDate": "2025-10-02",
    "fiscalDateEnding": "2025-12-30"
  },
  {
    "date": "2025-10-22",
    "symbol": "HLT",
    "eps": null,
    "epsEstimated": 2.04,
    "time": "bmo",
    "revenue": null,
    "revenueEstimated": 3013258780,
    "updatedFromDate": "2025-10-02",
    "fiscalDateEnding": "2025-09-30"
  },
  {
    "date": "2025-07-23",
    "symbol": "HLT",
    "eps": 2.2,
    "epsEstimated": 2.05,
    "time": "bmo",
    "revenue": 3137000000,
    "revenueEstimated": 3096162037,
    "updatedFromDate": "2025-10-02",
    "fiscalDateEnding": "2025-06-30"
  },
  {
    "date": "2025-04-29",
    "symbol": "HLT",
    "eps": 1.72,
    "epsEstimated": 1.61,
    "time": "bmo",
    "revenue": 2695000000,
    "revenueEstimated": 2718954837,
    "updatedFromDate": "2025-07-28",
    "fiscalDateEnding": "2025-03-31"
  },
  {
    "date": "2025-02-06",
    "symbol": "HLT",
    "eps": 1.76,
    "epsEstimated": 1.67,
    "time": "bmo",
    "revenue": 2783000000,
    "revenueEstimated": 2777918800,
    "updatedFromDate": "2025-05-06",
    "fiscalDateEnding": "2024-12-31"
  },
  {
    "date": "2024-10-23",
    "symbol": "HLT",
    "eps": 1.92,
    "epsEstimated": 1.84,
    "time": "bmo",
    "revenue": 2867000000,
    "revenueEstimated": 2896629142,
    "updatedFromDate": "2025-04-25",
    "fiscalDateEnding": "2024-09-30"
  },
  {
    "date": "2024-08-07",
    "symbol": "HLT",
    "eps": 1.91,
    "epsEstimated": 1.86,
    "time": "bmo",
    "revenue": 2951000000,
    "revenueEstimated": 2898864440,
    "updatedFromDate": "2025-04-25",
    "fiscalDateEnding": "2024-06-30"
  },
  {
    "date": "2024-04-24",
    "symbol": "HLT",
    "eps": 1.53,
    "epsEstimated": 1.41,
    "time": "bmo",
    "revenue": 2573000000,
    "revenueEstimated": 2513852982,
    "updatedFromDate": "2025-04-25",
    "fiscalDateEnding": "2024-03-31"
  },
  {
    "date": "2024-02-07",
    "symbol": "HLT",
    "eps": 1.68,
    "epsEstimated": 1.56,
    "time": "bmo",
    "revenue": 2609000000,
    "revenueEstimated": 2609480000,
    "updatedFromDate": "2025-04-25",
    "fiscalDateEnding": "2023-12-31"
  },
  {
    "date": "2023-10-25",
    "symbol": "HLT",
    "eps": 1.67,
    "epsEstimated": 1.67,
    "time": "bmo",
    "revenue": 2673000000,
    "revenueEstimated": 2613410000,
    "updatedFromDate": "2025-04-25",
    "fiscalDateEnding": "2023-09-30"
  },
  {
    "date": "2023-07-26",
    "symbol": "HLT",
    "eps": 1.63,
    "epsEstimated": 1.58,
    "time": "bmo",
    "revenue": 2660000000,
    "revenueEstimated": 2575130000,
    "updatedFromDate": "2025-04-25",
    "fiscalDateEnding": "2023-06-30"
  },
  {
    "date": "2023-04-26",
    "symbol": "HLT",
    "eps": 1.24,
    "epsEstimated": 1.14,
    "time": "bmo",
    "revenue": 2293000000,
    "revenueEstimated": 2201790000,
    "updatedFromDate": "2025-04-25",
    "fiscalDateEnding": "2023-03-31"
  },
  {
    "date": "2023-02-09",
    "symbol": "HLT",
    "eps": 1.59,
    "epsEstimated": 1.2,
    "time": "bmo",
    "revenue": 2444000000,
    "revenueEstimated": 2346050000,
    "updatedFromDate": "2025-04-25",
    "fiscalDateEnding": "2022-12-31"
  },
  {
    "date": "2022-10-26",
    "symbol": "HLT",
    "eps": 1.31,
    "epsEstimated": 1.24,
    "time": "bmo",
    "revenue": 2368000000,
    "revenueEstimated": 2410483333,
    "updatedFromDate": "2025-04-25",
    "fiscalDateEnding": "2022-09-30"
  },
  {
    "date": "2022-07-27",
    "symbol": "HLT",
    "eps": 1.29,
    "epsEstimated": 1.04,
    "time": "bmo",
    "revenue": 2240000000,
    "revenueEstimated": 2110300000,
    "updatedFromDate": "2025-04-25",
    "fiscalDateEnding": "2022-06-30"
  },
  {
    "date": "2022-05-03",
    "symbol": "HLT",
    "eps": 0.71,
    "epsEstimated": 0.65,
    "time": "bmo",
    "revenue": 1721000000,
    "revenueEstimated": 1746067286,
    "updatedFromDate": "2025-04-25",
    "fiscalDateEnding": "2022-03-31"
  },
  {
    "date": "2022-02-16",
    "symbol": "HLT",
    "eps": 0.72,
    "epsEstimated": 0.71,
    "time": "bmo",
    "revenue": 1836000000,
    "revenueEstimated": 1800754875,
    "updatedFromDate": "2025-04-25",
    "fiscalDateEnding": "2021-12-31"
  },
  {
    "date": "2021-10-27",
    "symbol": "HLT",
    "eps": 0.78,
    "epsEstimated": 0.85,
    "time": "bmo",
    "revenue": 1749000000,
    "revenueEstimated": 1630890000,
    "updatedFromDate": "2025-04-25",
    "fiscalDateEnding": "2021-09-30"
  },
  {
    "date": "2021-07-29",
    "symbol": "HLT",
    "eps": 0.56,
    "epsEstimated": 0.4,
    "time": "bmo",
    "revenue": 1329000000,
    "revenueEstimated": 1160920586,
    "updatedFromDate": "2025-04-25",
    "fiscalDateEnding": "2021-06-30"
  },
  {
    "date": "2021-05-05",
    "symbol": "HLT",
    "eps": 0.02,
    "epsEstimated": 0.05,
    "time": "bmo",
    "revenue": 874000000,
    "revenueEstimated": 1133000000,
    "updatedFromDate": "2025-04-25",
    "fiscalDateEnding": "2021-03-31"
  },
  {
    "date": "2021-02-17",
    "symbol": "HLT",
    "eps": -0.1,
    "epsEstimated": -0.0202,
    "time": "bmo",
    "revenue": 890000000,
    "revenueEstimated": 1017170000,
    "updatedFromDate": "2025-04-25",
    "fiscalDateEnding": "2020-12-31"
  },
  {
    "date": "2020-11-04",
    "symbol": "HLT",
    "eps": 0.06,
    "epsEstimated": -0.09,
    "time": "bmo",
    "revenue": 933000000,
    "revenueEstimated": 311000000,
    "updatedFromDate": "2025-04-25",
    "fiscalDateEnding": "2020-09-30"
  },
  {
    "date": "2020-08-06",
    "symbol": "HLT",
    "eps": -0.61,
    "epsEstimated": -0.34,
    "time": "bmo",
    "revenue": 564000000,
    "revenueEstimated": 512908814,
    "updatedFromDate": "2025-04-25",
    "fiscalDateEnding": "2020-06-30"
  },
  {
    "date": "2020-05-07",
    "symbol": "HLT",
    "eps": 0.74,
    "epsEstimated": 0.45,
    "time": "bmo",
    "revenue": 1920000000,
    "revenueEstimated": 1427027027,
    "updatedFromDate": "2025-04-25",
    "fiscalDateEnding": "2020-03-31"
  },
  {
    "date": "2020-02-11",
    "symbol": "HLT",
    "eps": 1,
    "epsEstimated": 0.95,
    "time": "bmo",
    "revenue": 2369000000,
    "revenueEstimated": 2274240000,
    "updatedFromDate": "2025-04-25",
    "fiscalDateEnding": "2019-12-31"
  },
  {
    "date": "2019-10-23",
    "symbol": "HLT",
    "eps": 1.05,
    "epsEstimated": 1.02,
    "time": "bmo",
    "revenue": 2395000000,
    "revenueEstimated": 2326571428,
    "updatedFromDate": "2025-04-25",
    "fiscalDateEnding": "2019-09-30"
  },
  {
    "date": "2019-07-24",
    "symbol": "HLT",
    "eps": 1.06,
    "epsEstimated": 1.02,
    "time": "bmo",
    "revenue": 2484000000,
    "revenueEstimated": 2366830188,
    "updatedFromDate": "2025-04-25",
    "fiscalDateEnding": "2019-06-30"
  },
  {
    "date": "2019-05-01",
    "symbol": "HLT",
    "eps": 0.8,
    "epsEstimated": 0.76,
    "time": "bmo",
    "revenue": 2204000000,
    "revenueEstimated": 2093800000,
    "updatedFromDate": "2025-04-25",
    "fiscalDateEnding": "2019-03-31"
  },
  {
    "date": "2019-02-13",
    "symbol": "HLT",
    "eps": 0.79,
    "epsEstimated": 0.69,
    "time": "bmo",
    "revenue": 2288000000,
    "revenueEstimated": 1998379746,
    "updatedFromDate": "2025-04-25",
    "fiscalDateEnding": "2018-12-31"
  },
  {
    "date": "2018-10-24",
    "symbol": "HLT",
    "eps": 0.77,
    "epsEstimated": 0.75,
    "time": "bmo",
    "revenue": 2253000000,
    "revenueEstimated": 2223740259,
    "updatedFromDate": "2025-04-25",
    "fiscalDateEnding": "2018-09-30"
  },
  {
    "date": "2018-07-25",
    "symbol": "HLT",
    "eps": 0.7,
    "epsEstimated": 0.7,
    "time": "bmo",
    "revenue": 2291000000,
    "revenueEstimated": 2291000000,
    "updatedFromDate": "2025-04-25",
    "fiscalDateEnding": "2018-06-30"
  },
  {
    "date": "2018-04-26",
    "symbol": "HLT",
    "eps": 0.55,
    "epsEstimated": 0.51,
    "time": "bmo",
    "revenue": 2074000000,
    "revenueEstimated": 1923163636,
    "updatedFromDate": "2025-04-25",
    "fiscalDateEnding": "2018-03-31"
  },
  {
    "date": "2018-02-14",
    "symbol": "HLT",
    "eps": 0.54,
    "epsEstimated": 0.44,
    "time": "bmo",
    "revenue": 2279000000,
    "revenueEstimated": 1723333333,
    "updatedFromDate": "2025-04-25",
    "fiscalDateEnding": "2017-12-31"
  },
  {
    "date": "2017-10-26",
    "symbol": "HLT",
    "eps": 0.56,
    "epsEstimated": 0.5,
    "time": "bmo",
    "revenue": 2354000000,
    "revenueEstimated": 1866964285,
    "updatedFromDate": "2025-04-25",
    "fiscalDateEnding": "2017-09-30"
  },
  {
    "date": "2017-07-26",
    "symbol": "HLT",
    "eps": 0.52,
    "epsEstimated": 0.5,
    "time": "bmo",
    "revenue": 2346000000,
    "revenueEstimated": 1996153846,
    "updatedFromDate": "2025-04-25",
    "fiscalDateEnding": "2017-06-30"
  },
  {
    "date": "2017-05-02",
    "symbol": "HLT",
    "eps": 0.38,
    "epsEstimated": 0.28,
    "time": "bmo",
    "revenue": 2161000000,
    "revenueEstimated": 1397052631,
    "updatedFromDate": "2025-04-25",
    "fiscalDateEnding": "2017-03-31"
  },
  {
    "date": "2017-02-15",
    "symbol": "HLT",
    "eps": 0.7,
    "epsEstimated": 0.56,
    "time": "bmo",
    "revenue": 2920000000,
    "revenueEstimated": 959214285,
    "updatedFromDate": "2025-04-25",
    "fiscalDateEnding": "2016-12-31"
  },
  {
    "date": "2016-10-26",
    "symbol": "HLT",
    "eps": 0.69,
    "epsEstimated": 0.68,
    "time": "bmo",
    "revenue": 2942000000,
    "revenueEstimated": 1839942028,
    "updatedFromDate": "2025-04-25",
    "fiscalDateEnding": "2016-09-30"
  },
  {
    "date": "2016-07-27",
    "symbol": "HLT",
    "eps": 0.75,
    "epsEstimated": 0.78,
    "time": "bmo",
    "revenue": 3051000000,
    "revenueEstimated": 2028000000,
    "updatedFromDate": "2025-04-25",
    "fiscalDateEnding": "2016-06-30"
  }
]