[
  {
    "date": "2026-04-29",
    "symbol": "HOLX",
    "eps": null,
    "epsEstimated": null,
    "time": "amc",
    "revenue": null,
    "revenueEstimated": null,
    "updatedFromDate": "2025-10-02",
    "fiscalDateEnding": "2026-03-28"
  },
  {
    "date": "2026-02-03",
    "symbol": "HOLX",
    "eps": null,
    "epsEstimated": null,
    "time": "amc",
    "revenue": null,
    "revenueEstimated": null,
    "updatedFromDate": "2025-10-02",
    "fiscalDateEnding": "2025-12-28"
  },
  {
    "date": "2025-11-03",
    "symbol": "HOLX",
    "eps": null,
    "epsEstimated": 1.1,
    "time": "bmo",
    "revenue": null,
    "revenueEstimated": 1033708010,
    "updatedFromDate": "2025-10-02",
    "fiscalDateEnding": "2025-09-28"
  },
  {
    "date": "2025-07-30",
    "symbol": "HOLX",
    "eps": 1.08,
    "epsEstimated": 1.05,
    "time": "amc",
    "revenue": 1023800000,
    "revenueEstimated": 1033708010,
    "updatedFromDate": "2025-10-02",
    "fiscalDateEnding": "2025-06-28"
  },
  {
    "date": "2025-05-01",
    "symbol": "HOLX",
    "eps": 1.03,
    "epsEstimated": 1.02,
    "time": "amc",
    "revenue": 1005300000,
    "revenueEstimated": 1000464423,
    "updatedFromDate": "2025-07-31",
    "fiscalDateEnding": "2025-03-29"
  },
  {
    "date": "2025-02-05",
    "symbol": "HOLX",
    "eps": 1.03,
    "epsEstimated": 1.02,
    "time": "amc",
    "revenue": 1021800000,
    "revenueEstimated": 1022295930,
    "updatedFromDate": "2025-05-05",
    "fiscalDateEnding": "2024-12-28"
  },
  {
    "date": "2024-11-04",
    "symbol": "HOLX",
    "eps": 1.01,
    "epsEstimated": 1.01,
    "time": "amc",
    "revenue": 987900000,
    "revenueEstimated": 978261516,
    "updatedFromDate": "2025-04-16",
    "fiscalDateEnding": "2024-09-28"
  },
  {
    "date": "2024-07-29",
    "symbol": "HOLX",
    "eps": 1.06,
    "epsEstimated": 1.02,
    "time": "amc",
    "revenue": 1011400000,
    "revenueEstimated": 1001789520,
    "updatedFromDate": "2025-04-16",
    "fiscalDateEnding": "2024-06-29"
  },
  {
    "date": "2024-05-02",
    "symbol": "HOLX",
    "eps": 1.03,
    "epsEstimated": 0.978,
    "time": "amc",
    "revenue": 1017800000,
    "revenueEstimated": 1001734957,
    "updatedFromDate": "2025-04-16",
    "fiscalDateEnding": "2024-03-30"
  },
  {
    "date": "2024-02-01",
    "symbol": "HOLX",
    "eps": 0.98,
    "epsEstimated": 0.95,
    "time": "amc",
    "revenue": 1013100000,
    "revenueEstimated": 986120000,
    "updatedFromDate": "2025-04-16",
    "fiscalDateEnding": "2023-12-30"
  },
  {
    "date": "2023-11-09",
    "symbol": "HOLX",
    "eps": 0.89,
    "epsEstimated": 0.85,
    "time": "amc",
    "revenue": 945300000,
    "revenueEstimated": 940040000,
    "updatedFromDate": "2025-04-16",
    "fiscalDateEnding": "2023-09-30"
  },
  {
    "date": "2023-07-31",
    "symbol": "HOLX",
    "eps": 0.93,
    "epsEstimated": 0.88,
    "time": "amc",
    "revenue": 984400000,
    "revenueEstimated": 962590000,
    "updatedFromDate": "2025-04-16",
    "fiscalDateEnding": "2023-07-01"
  },
  {
    "date": "2023-05-01",
    "symbol": "HOLX",
    "eps": 1.06,
    "epsEstimated": 0.88,
    "time": "amc",
    "revenue": 1026500000,
    "revenueEstimated": 958790000,
    "updatedFromDate": "2025-04-16",
    "fiscalDateEnding": "2023-04-01"
  },
  {
    "date": "2023-02-01",
    "symbol": "HOLX",
    "eps": 1.07,
    "epsEstimated": 0.9,
    "time": "amc",
    "revenue": 1074200000,
    "revenueEstimated": 1004755646,
    "updatedFromDate": "2025-04-16",
    "fiscalDateEnding": "2022-12-31"
  },
  {
    "date": "2022-10-31",
    "symbol": "HOLX",
    "eps": 0.82,
    "epsEstimated": 0.62,
    "time": "amc",
    "revenue": 953200000,
    "revenueEstimated": 862086369,
    "updatedFromDate": "2025-04-16",
    "fiscalDateEnding": "2022-09-24"
  },
  {
    "date": "2022-07-27",
    "symbol": "HOLX",
    "eps": 0.95,
    "epsEstimated": 0.71,
    "time": "amc",
    "revenue": 1002700000,
    "revenueEstimated": 903309443,
    "updatedFromDate": "2025-04-16",
    "fiscalDateEnding": "2022-06-25"
  },
  {
    "date": "2022-04-27",
    "symbol": "HOLX",
    "eps": 2.07,
    "epsEstimated": 1.6,
    "time": "amc",
    "revenue": 1435700000,
    "revenueEstimated": 1288897750,
    "updatedFromDate": "2025-04-16",
    "fiscalDateEnding": "2022-03-26"
  },
  {
    "date": "2022-02-02",
    "symbol": "HOLX",
    "eps": 2.17,
    "epsEstimated": 1.28,
    "time": "amc",
    "revenue": 1471100000,
    "revenueEstimated": 1193000000,
    "updatedFromDate": "2025-04-16",
    "fiscalDateEnding": "2021-12-25"
  },
  {
    "date": "2021-11-01",
    "symbol": "HOLX",
    "eps": 1.61,
    "epsEstimated": 1.01,
    "time": "amc",
    "revenue": 1316600000,
    "revenueEstimated": 1163780356,
    "updatedFromDate": "2025-04-16",
    "fiscalDateEnding": "2021-09-25"
  },
  {
    "date": "2021-07-28",
    "symbol": "HOLX",
    "eps": 1.33,
    "epsEstimated": 1.12,
    "time": "amc",
    "revenue": 1168300000,
    "revenueEstimated": 1027600000,
    "updatedFromDate": "2025-04-16",
    "fiscalDateEnding": "2021-06-26"
  },
  {
    "date": "2021-04-28",
    "symbol": "HOLX",
    "eps": 2.59,
    "epsEstimated": 2.62,
    "time": "amc",
    "revenue": 1537600000,
    "revenueEstimated": 1525240000,
    "updatedFromDate": "2025-04-16",
    "fiscalDateEnding": "2021-03-27"
  },
  {
    "date": "2021-01-27",
    "symbol": "HOLX",
    "eps": 2.86,
    "epsEstimated": 2.17,
    "time": "amc",
    "revenue": 1609800000,
    "revenueEstimated": 1097928110,
    "updatedFromDate": "2025-04-16",
    "fiscalDateEnding": "2020-12-26"
  },
  {
    "date": "2020-11-04",
    "symbol": "HOLX",
    "eps": 2.07,
    "epsEstimated": 1.22,
    "time": "amc",
    "revenue": 1347000000,
    "revenueEstimated": 1011003012,
    "updatedFromDate": "2025-04-16",
    "fiscalDateEnding": "2020-09-26"
  },
  {
    "date": "2020-07-29",
    "symbol": "HOLX",
    "eps": 0.75,
    "epsEstimated": 0.36,
    "time": "amc",
    "revenue": 822900000,
    "revenueEstimated": 793129218,
    "updatedFromDate": "2025-04-16",
    "fiscalDateEnding": "2020-06-27"
  },
  {
    "date": "2020-04-29",
    "symbol": "HOLX",
    "eps": 0.57,
    "epsEstimated": 0.54,
    "time": "amc",
    "revenue": 756100000,
    "revenueEstimated": 756100000,
    "updatedFromDate": "2025-04-16",
    "fiscalDateEnding": "2020-03-28"
  },
  {
    "date": "2020-01-29",
    "symbol": "HOLX",
    "eps": 0.61,
    "epsEstimated": 0.61,
    "time": "amc",
    "revenue": 850500000,
    "revenueEstimated": 850500000,
    "updatedFromDate": "2025-04-16",
    "fiscalDateEnding": "2019-12-28"
  },
  {
    "date": "2019-11-06",
    "symbol": "HOLX",
    "eps": 0.65,
    "epsEstimated": 0.65,
    "time": "amc",
    "revenue": 865800000,
    "revenueEstimated": 865900000,
    "updatedFromDate": "2025-04-16",
    "fiscalDateEnding": "2019-09-28"
  },
  {
    "date": "2019-07-31",
    "symbol": "HOLX",
    "eps": 0.63,
    "epsEstimated": 0.61,
    "time": "amc",
    "revenue": 852400000,
    "revenueEstimated": 825339682,
    "updatedFromDate": "2025-04-16",
    "fiscalDateEnding": "2019-06-29"
  },
  {
    "date": "2019-05-01",
    "symbol": "HOLX",
    "eps": 0.58,
    "epsEstimated": 0.57,
    "time": "amc",
    "revenue": 818400000,
    "revenueEstimated": 804289655,
    "updatedFromDate": "2025-04-16",
    "fiscalDateEnding": "2019-03-30"
  },
  {
    "date": "2019-01-30",
    "symbol": "HOLX",
    "eps": 0.58,
    "epsEstimated": 0.57,
    "time": "amc",
    "revenue": 830700000,
    "revenueEstimated": 816377586,
    "updatedFromDate": "2025-04-16",
    "fiscalDateEnding": "2018-12-29"
  },
  {
    "date": "2018-11-07",
    "symbol": "HOLX",
    "eps": 0.58,
    "epsEstimated": 0.59,
    "time": "amc",
    "revenue": 813500000,
    "revenueEstimated": 813400000,
    "updatedFromDate": "2025-04-16",
    "fiscalDateEnding": "2018-09-29"
  },
  {
    "date": "2018-07-31",
    "symbol": "HOLX",
    "eps": 0.58,
    "epsEstimated": 0.56,
    "time": "amc",
    "revenue": 824000000,
    "revenueEstimated": 795586206,
    "updatedFromDate": "2025-04-16",
    "fiscalDateEnding": "2018-06-30"
  },
  {
    "date": "2018-05-02",
    "symbol": "HOLX",
    "eps": 0.53,
    "epsEstimated": 0.53,
    "time": "amc",
    "revenue": 789300000,
    "revenueEstimated": 789300000,
    "updatedFromDate": "2025-04-16",
    "fiscalDateEnding": "2018-03-31"
  },
  {
    "date": "2018-02-08",
    "symbol": "HOLX",
    "eps": 0.55,
    "epsEstimated": 0.49,
    "time": "amc",
    "revenue": 791100000,
    "revenueEstimated": 719181818,
    "updatedFromDate": "2025-04-16",
    "fiscalDateEnding": "2017-12-30"
  },
  {
    "date": "2017-11-08",
    "symbol": "HOLX",
    "eps": 0.5,
    "epsEstimated": 0.49,
    "time": "amc",
    "revenue": 802900000,
    "revenueEstimated": 786842000,
    "updatedFromDate": "2025-04-16",
    "fiscalDateEnding": "2017-09-30"
  },
  {
    "date": "2017-08-02",
    "symbol": "HOLX",
    "eps": 0.5,
    "epsEstimated": 0.49,
    "time": "amc",
    "revenue": 806100000,
    "revenueEstimated": 789978000,
    "updatedFromDate": "2025-04-16",
    "fiscalDateEnding": "2017-07-01"
  },
  {
    "date": "2017-05-10",
    "symbol": "HOLX",
    "eps": 0.5,
    "epsEstimated": 0.46,
    "time": "amc",
    "revenue": 715400000,
    "revenueEstimated": 658168000,
    "updatedFromDate": "2025-04-16",
    "fiscalDateEnding": "2017-04-01"
  },
  {
    "date": "2017-02-01",
    "symbol": "HOLX",
    "eps": 0.52,
    "epsEstimated": 0.51,
    "time": "amc",
    "revenue": 734400000,
    "revenueEstimated": 720276923,
    "updatedFromDate": "2025-04-16",
    "fiscalDateEnding": "2016-12-31"
  },
  {
    "date": "2016-11-02",
    "symbol": "HOLX",
    "eps": 0.52,
    "epsEstimated": 0.5,
    "time": "amc",
    "revenue": 726800000,
    "revenueEstimated": 698942307,
    "updatedFromDate": "2025-04-16",
    "fiscalDateEnding": "2016-09-24"
  },
  {
    "date": "2016-07-27",
    "symbol": "HOLX",
    "eps": 0.51,
    "epsEstimated": 0.47,
    "time": "amc",
    "revenue": 717400000,
    "revenueEstimated": 675200000,
    "updatedFromDate": "2025-04-16",
    "fiscalDateEnding": "2016-06-25"
  }
]