[
  {
    "date": "2026-04-27",
    "symbol": "HON",
    "eps": null,
    "epsEstimated": null,
    "time": "bmo",
    "revenue": null,
    "revenueEstimated": null,
    "updatedFromDate": "2025-10-02",
    "fiscalDateEnding": "2026-03-30"
  },
  {
    "date": "2026-02-04",
    "symbol": "HON",
    "eps": null,
    "epsEstimated": null,
    "time": "bmo",
    "revenue": null,
    "revenueEstimated": null,
    "updatedFromDate": "2025-10-02",
    "fiscalDateEnding": "2025-12-30"
  },
  {
    "date": "2025-10-23",
    "symbol": "HON",
    "eps": null,
    "epsEstimated": 2.56,
    "time": "bmo",
    "revenue": null,
    "revenueEstimated": 10146322820,
    "updatedFromDate": "2025-10-02",
    "fiscalDateEnding": "2025-09-30"
  },
  {
    "date": "2025-07-24",
    "symbol": "HON",
    "eps": 2.75,
    "epsEstimated": 2.66,
    "time": "bmo",
    "revenue": 10353000000,
    "revenueEstimated": 10059337508,
    "updatedFromDate": "2025-10-02",
    "fiscalDateEnding": "2025-06-30"
  },
  {
    "date": "2025-04-29",
    "symbol": "HON",
    "eps": 2.51,
    "epsEstimated": 2.21,
    "time": "bmo",
    "revenue": 9822000000,
    "revenueEstimated": 9593261310,
    "updatedFromDate": "2025-07-29",
    "fiscalDateEnding": "2025-03-31"
  },
  {
    "date": "2025-02-06",
    "symbol": "HON",
    "eps": 2.47,
    "epsEstimated": 2.32,
    "time": "bmo",
    "revenue": 10088000000,
    "revenueEstimated": 9835121350,
    "updatedFromDate": "2025-05-06",
    "fiscalDateEnding": "2024-12-31"
  },
  {
    "date": "2024-10-24",
    "symbol": "HON",
    "eps": 2.58,
    "epsEstimated": 2.5,
    "time": "bmo",
    "revenue": 9728000000,
    "revenueEstimated": 9905249770,
    "updatedFromDate": "2025-04-25",
    "fiscalDateEnding": "2024-09-30"
  },
  {
    "date": "2024-07-25",
    "symbol": "HON",
    "eps": 2.49,
    "epsEstimated": 2.42,
    "time": "bmo",
    "revenue": 9575000000,
    "revenueEstimated": 9413124081,
    "updatedFromDate": "2025-04-25",
    "fiscalDateEnding": "2024-06-30"
  },
  {
    "date": "2024-04-25",
    "symbol": "HON",
    "eps": 2.25,
    "epsEstimated": 2.17,
    "time": "bmo",
    "revenue": 9104000000,
    "revenueEstimated": 9027205749,
    "updatedFromDate": "2025-04-25",
    "fiscalDateEnding": "2024-03-31"
  },
  {
    "date": "2024-02-01",
    "symbol": "HON",
    "eps": 2.6,
    "epsEstimated": 2.6,
    "time": "bmo",
    "revenue": 9433000000,
    "revenueEstimated": 9697170000,
    "updatedFromDate": "2025-04-25",
    "fiscalDateEnding": "2023-12-31"
  },
  {
    "date": "2023-10-26",
    "symbol": "HON",
    "eps": 2.27,
    "epsEstimated": 2.23,
    "time": "bmo",
    "revenue": 9212000000,
    "revenueEstimated": 9230540000,
    "updatedFromDate": "2025-04-25",
    "fiscalDateEnding": "2023-09-30"
  },
  {
    "date": "2023-07-27",
    "symbol": "HON",
    "eps": 2.23,
    "epsEstimated": 2.21,
    "time": "bmo",
    "revenue": 9146000000,
    "revenueEstimated": 9168600000,
    "updatedFromDate": "2025-04-25",
    "fiscalDateEnding": "2023-06-30"
  },
  {
    "date": "2023-04-27",
    "symbol": "HON",
    "eps": 2.07,
    "epsEstimated": 1.93,
    "time": "bmo",
    "revenue": 8864000000,
    "revenueEstimated": 8519430000,
    "updatedFromDate": "2025-04-25",
    "fiscalDateEnding": "2023-03-31"
  },
  {
    "date": "2023-02-02",
    "symbol": "HON",
    "eps": 2.52,
    "epsEstimated": 2.49,
    "time": "bmo",
    "revenue": 9186000000,
    "revenueEstimated": 9254312018,
    "updatedFromDate": "2025-04-25",
    "fiscalDateEnding": "2022-12-31"
  },
  {
    "date": "2022-10-27",
    "symbol": "HON",
    "eps": 2.25,
    "epsEstimated": 2.16,
    "time": "bmo",
    "revenue": 8951000000,
    "revenueEstimated": 8977940669,
    "updatedFromDate": "2025-04-25",
    "fiscalDateEnding": "2022-09-30"
  },
  {
    "date": "2022-07-28",
    "symbol": "HON",
    "eps": 2.1,
    "epsEstimated": 2.03,
    "time": "bmo",
    "revenue": 8953000000,
    "revenueEstimated": 8674201548,
    "updatedFromDate": "2025-04-25",
    "fiscalDateEnding": "2022-06-30"
  },
  {
    "date": "2022-04-29",
    "symbol": "HON",
    "eps": 1.91,
    "epsEstimated": 1.86,
    "time": "bmo",
    "revenue": 8376000000,
    "revenueEstimated": 8288157240,
    "updatedFromDate": "2025-04-25",
    "fiscalDateEnding": "2022-03-31"
  },
  {
    "date": "2022-02-03",
    "symbol": "HON",
    "eps": 2.09,
    "epsEstimated": 2.08,
    "time": "bmo",
    "revenue": 8657000000,
    "revenueEstimated": 8734280359,
    "updatedFromDate": "2025-04-25",
    "fiscalDateEnding": "2021-12-31"
  },
  {
    "date": "2021-10-22",
    "symbol": "HON",
    "eps": 2.02,
    "epsEstimated": 1.99,
    "time": "bmo",
    "revenue": 8473000000,
    "revenueEstimated": 8704300000,
    "updatedFromDate": "2025-04-25",
    "fiscalDateEnding": "2021-09-30"
  },
  {
    "date": "2021-07-23",
    "symbol": "HON",
    "eps": 2.02,
    "epsEstimated": 1.94,
    "time": "bmo",
    "revenue": 8808000000,
    "revenueEstimated": 8710140000,
    "updatedFromDate": "2025-04-25",
    "fiscalDateEnding": "2021-06-30"
  },
  {
    "date": "2021-04-23",
    "symbol": "HON",
    "eps": 1.92,
    "epsEstimated": 1.8,
    "time": "bmo",
    "revenue": 8454000000,
    "revenueEstimated": 8053340000,
    "updatedFromDate": "2025-04-25",
    "fiscalDateEnding": "2021-03-31"
  },
  {
    "date": "2021-01-29",
    "symbol": "HON",
    "eps": 2.07,
    "epsEstimated": 2,
    "time": "bmo",
    "revenue": 8900000000,
    "revenueEstimated": 8399050000,
    "updatedFromDate": "2025-04-25",
    "fiscalDateEnding": "2020-12-31"
  },
  {
    "date": "2020-10-30",
    "symbol": "HON",
    "eps": 1.56,
    "epsEstimated": 1.49,
    "time": "bmo",
    "revenue": 7797000000,
    "revenueEstimated": 7447134615,
    "updatedFromDate": "2025-04-25",
    "fiscalDateEnding": "2020-09-30"
  },
  {
    "date": "2020-07-24",
    "symbol": "HON",
    "eps": 1.26,
    "epsEstimated": 1.21,
    "time": "bmo",
    "revenue": 7477000000,
    "revenueEstimated": 7180293650,
    "updatedFromDate": "2025-04-25",
    "fiscalDateEnding": "2020-06-30"
  },
  {
    "date": "2020-05-01",
    "symbol": "HON",
    "eps": 2.21,
    "epsEstimated": 1.95,
    "time": "bmo",
    "revenue": 8463000000,
    "revenueEstimated": 7505647058,
    "updatedFromDate": "2025-04-25",
    "fiscalDateEnding": "2020-03-31"
  },
  {
    "date": "2020-01-31",
    "symbol": "HON",
    "eps": 2.06,
    "epsEstimated": 2.04,
    "time": "bmo",
    "revenue": 9496000000,
    "revenueEstimated": 9403805825,
    "updatedFromDate": "2025-04-25",
    "fiscalDateEnding": "2019-12-31"
  },
  {
    "date": "2019-10-17",
    "symbol": "HON",
    "eps": 2.08,
    "epsEstimated": 2.01,
    "time": "bmo",
    "revenue": 9086000000,
    "revenueEstimated": 8780221153,
    "updatedFromDate": "2025-04-25",
    "fiscalDateEnding": "2019-09-30"
  },
  {
    "date": "2019-07-18",
    "symbol": "HON",
    "eps": 2.1,
    "epsEstimated": 2.08,
    "time": "bmo",
    "revenue": 9243000000,
    "revenueEstimated": 9154971428,
    "updatedFromDate": "2025-04-25",
    "fiscalDateEnding": "2019-06-30"
  },
  {
    "date": "2019-04-18",
    "symbol": "HON",
    "eps": 1.92,
    "epsEstimated": 1.83,
    "time": "bmo",
    "revenue": 8884000000,
    "revenueEstimated": 8467562500,
    "updatedFromDate": "2025-04-25",
    "fiscalDateEnding": "2019-03-31"
  },
  {
    "date": "2019-02-01",
    "symbol": "HON",
    "eps": 1.91,
    "epsEstimated": 1.89,
    "time": "bmo",
    "revenue": 9729000000,
    "revenueEstimated": 9627125654,
    "updatedFromDate": "2025-04-25",
    "fiscalDateEnding": "2018-12-31"
  },
  {
    "date": "2018-10-19",
    "symbol": "HON",
    "eps": 2.03,
    "epsEstimated": 1.99,
    "time": "bmo",
    "revenue": 10762000000,
    "revenueEstimated": 10549940886,
    "updatedFromDate": "2025-04-25",
    "fiscalDateEnding": "2018-09-30"
  },
  {
    "date": "2018-07-20",
    "symbol": "HON",
    "eps": 2.05,
    "epsEstimated": 2.01,
    "time": "bmo",
    "revenue": 10919000000,
    "revenueEstimated": 10352448113,
    "updatedFromDate": "2025-04-25",
    "fiscalDateEnding": "2018-06-30"
  },
  {
    "date": "2018-04-20",
    "symbol": "HON",
    "eps": 1.95,
    "epsEstimated": 1.9,
    "time": "bmo",
    "revenue": 10392000000,
    "revenueEstimated": 10125538461,
    "updatedFromDate": "2025-04-25",
    "fiscalDateEnding": "2018-03-31"
  },
  {
    "date": "2018-01-26",
    "symbol": "HON",
    "eps": 1.85,
    "epsEstimated": 1.84,
    "time": "bmo",
    "revenue": 10843000000,
    "revenueEstimated": 10784389189,
    "updatedFromDate": "2025-04-25",
    "fiscalDateEnding": "2017-12-31"
  },
  {
    "date": "2017-10-20",
    "symbol": "HON",
    "eps": 1.75,
    "epsEstimated": 1.75,
    "time": "bmo",
    "revenue": 10121000000,
    "revenueEstimated": 10121000000,
    "updatedFromDate": "2025-04-25",
    "fiscalDateEnding": "2017-09-30"
  },
  {
    "date": "2017-07-21",
    "symbol": "HON",
    "eps": 1.8,
    "epsEstimated": 1.78,
    "time": "bmo",
    "revenue": 10078000000,
    "revenueEstimated": 9966022222,
    "updatedFromDate": "2025-04-25",
    "fiscalDateEnding": "2017-06-30"
  },
  {
    "date": "2017-04-21",
    "symbol": "HON",
    "eps": 1.66,
    "epsEstimated": 1.62,
    "time": "bmo",
    "revenue": 9492000000,
    "revenueEstimated": 8992421052,
    "updatedFromDate": "2025-04-25",
    "fiscalDateEnding": "2017-03-31"
  },
  {
    "date": "2017-01-27",
    "symbol": "HON",
    "eps": 1.74,
    "epsEstimated": 1.74,
    "time": "bmo",
    "revenue": 9985000000,
    "revenueEstimated": 9985000000,
    "updatedFromDate": "2025-04-25",
    "fiscalDateEnding": "2016-12-31"
  },
  {
    "date": "2016-10-21",
    "symbol": "HON",
    "eps": 1.6,
    "epsEstimated": 1.6,
    "time": "bmo",
    "revenue": 9804000000,
    "revenueEstimated": 9804000000,
    "updatedFromDate": "2025-04-25",
    "fiscalDateEnding": "2016-09-30"
  },
  {
    "date": "2016-07-22",
    "symbol": "HON",
    "eps": 1.66,
    "epsEstimated": 1.64,
    "time": "bmo",
    "revenue": 9991000000,
    "revenueEstimated": 9870626506,
    "updatedFromDate": "2025-04-25",
    "fiscalDateEnding": "2016-06-30"
  }
]