[
  {
    "date": "2026-04-28",
    "symbol": "HOOD",
    "eps": null,
    "epsEstimated": null,
    "time": "amc",
    "revenue": null,
    "revenueEstimated": null,
    "updatedFromDate": "2025-10-02",
    "fiscalDateEnding": "2026-03-30"
  },
  {
    "date": "2026-02-10",
    "symbol": "HOOD",
    "eps": null,
    "epsEstimated": null,
    "time": "amc",
    "revenue": null,
    "revenueEstimated": null,
    "updatedFromDate": "2025-10-02",
    "fiscalDateEnding": "2025-12-30"
  },
  {
    "date": "2025-10-29",
    "symbol": "HOOD",
    "eps": null,
    "epsEstimated": 0.41,
    "time": "bmo",
    "revenue": null,
    "revenueEstimated": 1163467450,
    "updatedFromDate": "2025-10-02",
    "fiscalDateEnding": "2025-09-30"
  },
  {
    "date": "2025-07-30",
    "symbol": "HOOD",
    "eps": 0.42,
    "epsEstimated": 0.3067,
    "time": "amc",
    "revenue": 989000000,
    "revenueEstimated": 914551546,
    "updatedFromDate": "2025-10-02",
    "fiscalDateEnding": "2025-06-30"
  },
  {
    "date": "2025-04-30",
    "symbol": "HOOD",
    "eps": 0.37,
    "epsEstimated": 0.3253,
    "time": "amc",
    "revenue": 927000000,
    "revenueEstimated": 920075978,
    "updatedFromDate": "2025-05-01",
    "fiscalDateEnding": "2025-03-31"
  },
  {
    "date": "2025-02-12",
    "symbol": "HOOD",
    "eps": 0.54,
    "epsEstimated": 0.4184,
    "time": "amc",
    "revenue": 1014000000,
    "revenueEstimated": 945781890,
    "updatedFromDate": "2025-05-01",
    "fiscalDateEnding": "2024-12-31"
  },
  {
    "date": "2024-10-30",
    "symbol": "HOOD",
    "eps": 0.17,
    "epsEstimated": 0.18,
    "time": "amc",
    "revenue": 637000000,
    "revenueEstimated": 660526922,
    "updatedFromDate": "2025-04-09",
    "fiscalDateEnding": "2024-09-30"
  },
  {
    "date": "2024-08-07",
    "symbol": "HOOD",
    "eps": 0.21,
    "epsEstimated": 0.15,
    "time": "amc",
    "revenue": 682000000,
    "revenueEstimated": 640390682,
    "updatedFromDate": "2025-04-09",
    "fiscalDateEnding": "2024-06-30"
  },
  {
    "date": "2024-05-08",
    "symbol": "HOOD",
    "eps": 0.18,
    "epsEstimated": 0.06,
    "time": "amc",
    "revenue": 618000000,
    "revenueEstimated": 552210515,
    "updatedFromDate": "2025-04-09",
    "fiscalDateEnding": "2024-03-31"
  },
  {
    "date": "2024-02-13",
    "symbol": "HOOD",
    "eps": 0.03,
    "epsEstimated": 0.0074,
    "time": "amc",
    "revenue": 481000000,
    "revenueEstimated": 456810000,
    "updatedFromDate": "2025-04-09",
    "fiscalDateEnding": "2023-12-31"
  },
  {
    "date": "2023-11-07",
    "symbol": "HOOD",
    "eps": -0.09,
    "epsEstimated": -0.1,
    "time": "amc",
    "revenue": 469000000,
    "revenueEstimated": 478410000,
    "updatedFromDate": "2025-04-09",
    "fiscalDateEnding": "2023-09-30"
  },
  {
    "date": "2023-08-02",
    "symbol": "HOOD",
    "eps": 0.03,
    "epsEstimated": 0.00732,
    "time": "amc",
    "revenue": 491000000,
    "revenueEstimated": 473860000,
    "updatedFromDate": "2025-04-09",
    "fiscalDateEnding": "2023-06-30"
  },
  {
    "date": "2023-05-10",
    "symbol": "HOOD",
    "eps": -0.57,
    "epsEstimated": -0.61,
    "time": "amc",
    "revenue": 441000000,
    "revenueEstimated": 469250000,
    "updatedFromDate": "2025-04-09",
    "fiscalDateEnding": "2023-03-31"
  },
  {
    "date": "2023-02-08",
    "symbol": "HOOD",
    "eps": -0.19,
    "epsEstimated": -0.13,
    "time": "amc",
    "revenue": 386000000,
    "revenueEstimated": 422550000,
    "updatedFromDate": "2025-04-09",
    "fiscalDateEnding": "2022-12-31"
  },
  {
    "date": "2022-11-02",
    "symbol": "HOOD",
    "eps": -0.2,
    "epsEstimated": -0.33,
    "time": "amc",
    "revenue": 367000000,
    "revenueEstimated": 362495983,
    "updatedFromDate": "2025-04-09",
    "fiscalDateEnding": "2022-09-30"
  },
  {
    "date": "2022-08-02",
    "symbol": "HOOD",
    "eps": -0.34,
    "epsEstimated": -0.36,
    "time": "amc",
    "revenue": 318000000,
    "revenueEstimated": 313711227,
    "updatedFromDate": "2025-04-09",
    "fiscalDateEnding": "2022-06-30"
  },
  {
    "date": "2022-04-28",
    "symbol": "HOOD",
    "eps": 0.21,
    "epsEstimated": -0.31,
    "time": "amc",
    "revenue": 305000000,
    "revenueEstimated": 354591283,
    "updatedFromDate": "2025-04-09",
    "fiscalDateEnding": "2022-03-31"
  },
  {
    "date": "2022-01-27",
    "symbol": "HOOD",
    "eps": -0.49,
    "epsEstimated": -0.34,
    "time": "amc",
    "revenue": 368612000,
    "revenueEstimated": 376323279,
    "updatedFromDate": "2025-04-09",
    "fiscalDateEnding": "2021-12-31"
  },
  {
    "date": "2021-10-26",
    "symbol": "HOOD",
    "eps": -2.06,
    "epsEstimated": -1.37,
    "time": "amc",
    "revenue": 371175000,
    "revenueEstimated": 423920000,
    "updatedFromDate": "2025-04-09",
    "fiscalDateEnding": "2021-09-30"
  },
  {
    "date": "2021-08-18",
    "symbol": "HOOD",
    "eps": 0.11,
    "epsEstimated": 0.08,
    "time": "amc",
    "revenue": 570601000,
    "revenueEstimated": 423920000,
    "updatedFromDate": "2025-04-09",
    "fiscalDateEnding": "2021-06-30"
  },
  {
    "date": "2021-07-27",
    "symbol": "HOOD",
    "eps": -1.69941,
    "epsEstimated": null,
    "time": "amc",
    "revenue": 522174000,
    "revenueEstimated": null,
    "updatedFromDate": "2025-04-09",
    "fiscalDateEnding": "2021-03-31"
  },
  {
    "date": "2020-12-30",
    "symbol": "HOOD",
    "eps": 0.01532,
    "epsEstimated": null,
    "time": "amc",
    "revenue": 317542000,
    "revenueEstimated": null,
    "updatedFromDate": "2025-04-09",
    "fiscalDateEnding": "2020-12-31"
  },
  {
    "date": "2020-09-29",
    "symbol": "HOOD",
    "eps": -0.01254,
    "epsEstimated": null,
    "time": "amc",
    "revenue": 269530000,
    "revenueEstimated": null,
    "updatedFromDate": "2025-04-09",
    "fiscalDateEnding": "2020-09-30"
  },
  {
    "date": "2020-06-29",
    "symbol": "HOOD",
    "eps": 0.06773,
    "epsEstimated": null,
    "time": "amc",
    "revenue": 244211000,
    "revenueEstimated": null,
    "updatedFromDate": "2025-04-09",
    "fiscalDateEnding": "2020-06-30"
  },
  {
    "date": "2020-03-30",
    "symbol": "HOOD",
    "eps": -0.06175,
    "epsEstimated": null,
    "time": "amc",
    "revenue": 127550000,
    "revenueEstimated": null,
    "updatedFromDate": "2025-04-09",
    "fiscalDateEnding": "2020-03-31"
  },
  {
    "date": "2019-12-30",
    "symbol": "HOOD",
    "eps": -0.05251,
    "epsEstimated": null,
    "time": "amc",
    "revenue": 72165000,
    "revenueEstimated": null,
    "updatedFromDate": "2025-04-09",
    "fiscalDateEnding": "2019-12-31"
  },
  {
    "date": "2019-09-29",
    "symbol": "HOOD",
    "eps": -0.0452,
    "epsEstimated": null,
    "time": "amc",
    "revenue": 77480000,
    "revenueEstimated": null,
    "updatedFromDate": "2025-04-09",
    "fiscalDateEnding": "2019-09-30"
  },
  {
    "date": "2019-06-29",
    "symbol": "HOOD",
    "eps": -0.01341,
    "epsEstimated": null,
    "time": "amc",
    "revenue": 71732000,
    "revenueEstimated": null,
    "updatedFromDate": "2025-04-09",
    "fiscalDateEnding": "2019-06-30"
  },
  {
    "date": "2019-03-30",
    "symbol": "HOOD",
    "eps": -0.01423,
    "epsEstimated": null,
    "time": "amc",
    "revenue": 56156000,
    "revenueEstimated": null,
    "updatedFromDate": "2025-04-09",
    "fiscalDateEnding": "2019-03-31"
  }
]