[
  {
    "date": "2026-05-26",
    "symbol": "HPQ",
    "eps": null,
    "epsEstimated": null,
    "time": "amc",
    "revenue": null,
    "revenueEstimated": null,
    "updatedFromDate": "2025-10-02",
    "fiscalDateEnding": "2026-04-30"
  },
  {
    "date": "2026-02-25",
    "symbol": "HPQ",
    "eps": null,
    "epsEstimated": null,
    "time": "amc",
    "revenue": null,
    "revenueEstimated": null,
    "updatedFromDate": "2025-10-02",
    "fiscalDateEnding": "2026-01-31"
  },
  {
    "date": "2025-11-25",
    "symbol": "HPQ",
    "eps": null,
    "epsEstimated": 0.91,
    "time": "bmo",
    "revenue": null,
    "revenueEstimated": 14442756430,
    "updatedFromDate": "2025-10-02",
    "fiscalDateEnding": "2025-10-31"
  },
  {
    "date": "2025-08-27",
    "symbol": "HPQ",
    "eps": 0.75,
    "epsEstimated": 0.745,
    "time": "amc",
    "revenue": 13932000000,
    "revenueEstimated": 13691083313,
    "updatedFromDate": "2025-10-02",
    "fiscalDateEnding": "2025-07-31"
  },
  {
    "date": "2025-05-28",
    "symbol": "HPQ",
    "eps": 0.71,
    "epsEstimated": 0.775,
    "time": "amc",
    "revenue": 13220000000,
    "revenueEstimated": 13107899893,
    "updatedFromDate": "2025-08-28",
    "fiscalDateEnding": "2025-04-30"
  },
  {
    "date": "2025-02-27",
    "symbol": "HPQ",
    "eps": 0.74,
    "epsEstimated": 0.746,
    "time": "amc",
    "revenue": 13504000000,
    "revenueEstimated": 13386546394,
    "updatedFromDate": "2025-05-27",
    "fiscalDateEnding": "2025-01-31"
  },
  {
    "date": "2024-11-26",
    "symbol": "HPQ",
    "eps": 0.93,
    "epsEstimated": 0.93,
    "time": "amc",
    "revenue": 14055000000,
    "revenueEstimated": 13985922115,
    "updatedFromDate": "2025-04-25",
    "fiscalDateEnding": "2024-10-31"
  },
  {
    "date": "2024-08-28",
    "symbol": "HPQ",
    "eps": 0.83,
    "epsEstimated": 0.86,
    "time": "amc",
    "revenue": 13519000000,
    "revenueEstimated": 13425355333,
    "updatedFromDate": "2025-04-25",
    "fiscalDateEnding": "2024-07-31"
  },
  {
    "date": "2024-05-29",
    "symbol": "HPQ",
    "eps": 0.82,
    "epsEstimated": 0.811,
    "time": "amc",
    "revenue": 12761000000,
    "revenueEstimated": 12606702349,
    "updatedFromDate": "2025-04-25",
    "fiscalDateEnding": "2024-04-30"
  },
  {
    "date": "2024-02-28",
    "symbol": "HPQ",
    "eps": 0.81,
    "epsEstimated": 0.81,
    "time": "amc",
    "revenue": 13185000000,
    "revenueEstimated": 13563856143,
    "updatedFromDate": "2025-04-25",
    "fiscalDateEnding": "2024-01-31"
  },
  {
    "date": "2023-11-21",
    "symbol": "HPQ",
    "eps": 0.9,
    "epsEstimated": 0.9,
    "time": "amc",
    "revenue": 13817000000,
    "revenueEstimated": 12489700000,
    "updatedFromDate": "2025-04-25",
    "fiscalDateEnding": "2023-10-31"
  },
  {
    "date": "2023-08-29",
    "symbol": "HPQ",
    "eps": 0.86,
    "epsEstimated": 0.86,
    "time": "amc",
    "revenue": 13196000000,
    "revenueEstimated": 13376900000,
    "updatedFromDate": "2025-04-25",
    "fiscalDateEnding": "2023-07-31"
  },
  {
    "date": "2023-05-30",
    "symbol": "HPQ",
    "eps": 0.8,
    "epsEstimated": 0.76,
    "time": "amc",
    "revenue": 12913000000,
    "revenueEstimated": 13073400000,
    "updatedFromDate": "2025-04-25",
    "fiscalDateEnding": "2023-04-30"
  },
  {
    "date": "2023-02-28",
    "symbol": "HPQ",
    "eps": 0.75,
    "epsEstimated": 0.74,
    "time": "amc",
    "revenue": 13798000000,
    "revenueEstimated": 14100528105,
    "updatedFromDate": "2025-04-25",
    "fiscalDateEnding": "2023-01-31"
  },
  {
    "date": "2022-11-22",
    "symbol": "HPQ",
    "eps": 0.85,
    "epsEstimated": 0.84,
    "time": "amc",
    "revenue": 14801000000,
    "revenueEstimated": 14685510076,
    "updatedFromDate": "2025-04-25",
    "fiscalDateEnding": "2022-10-31"
  },
  {
    "date": "2022-08-30",
    "symbol": "HPQ",
    "eps": 1.04,
    "epsEstimated": 1.04,
    "time": "amc",
    "revenue": 14664000000,
    "revenueEstimated": 15587533058,
    "updatedFromDate": "2025-04-25",
    "fiscalDateEnding": "2022-07-31"
  },
  {
    "date": "2022-05-31",
    "symbol": "HPQ",
    "eps": 1.08,
    "epsEstimated": 1.05,
    "time": "amc",
    "revenue": 16490000000,
    "revenueEstimated": 16160970638,
    "updatedFromDate": "2025-04-25",
    "fiscalDateEnding": "2022-04-30"
  },
  {
    "date": "2022-02-28",
    "symbol": "HPQ",
    "eps": 1.1,
    "epsEstimated": 1.02,
    "time": "amc",
    "revenue": 17028000000,
    "revenueEstimated": 16515898667,
    "updatedFromDate": "2025-04-25",
    "fiscalDateEnding": "2022-01-31"
  },
  {
    "date": "2021-11-23",
    "symbol": "HPQ",
    "eps": 0.94,
    "epsEstimated": 0.88,
    "time": "amc",
    "revenue": 16675000000,
    "revenueEstimated": 16514300000,
    "updatedFromDate": "2025-04-25",
    "fiscalDateEnding": "2021-10-31"
  },
  {
    "date": "2021-08-26",
    "symbol": "HPQ",
    "eps": 0.87,
    "epsEstimated": 0.84,
    "time": "amc",
    "revenue": 15289000000,
    "revenueEstimated": 15441900000,
    "updatedFromDate": "2025-04-25",
    "fiscalDateEnding": "2021-07-31"
  },
  {
    "date": "2021-05-27",
    "symbol": "HPQ",
    "eps": 0.93,
    "epsEstimated": 0.89,
    "time": "amc",
    "revenue": 15877000000,
    "revenueEstimated": 14844400000,
    "updatedFromDate": "2025-04-25",
    "fiscalDateEnding": "2021-04-30"
  },
  {
    "date": "2021-02-25",
    "symbol": "HPQ",
    "eps": 0.92,
    "epsEstimated": 0.66,
    "time": "amc",
    "revenue": 15646000000,
    "revenueEstimated": 14982100000,
    "updatedFromDate": "2025-04-25",
    "fiscalDateEnding": "2021-01-31"
  },
  {
    "date": "2020-11-24",
    "symbol": "HPQ",
    "eps": 0.62,
    "epsEstimated": 0.52,
    "time": "amc",
    "revenue": 15258000000,
    "revenueEstimated": 12323769230,
    "updatedFromDate": "2025-04-25",
    "fiscalDateEnding": "2020-10-31"
  },
  {
    "date": "2020-08-27",
    "symbol": "HPQ",
    "eps": 0.49,
    "epsEstimated": 0.43,
    "time": "amc",
    "revenue": 14294000000,
    "revenueEstimated": 12543714285,
    "updatedFromDate": "2025-04-25",
    "fiscalDateEnding": "2020-07-31"
  },
  {
    "date": "2020-05-27",
    "symbol": "HPQ",
    "eps": 0.51,
    "epsEstimated": 0.44,
    "time": "amc",
    "revenue": 12469000000,
    "revenueEstimated": 10757568627,
    "updatedFromDate": "2025-04-25",
    "fiscalDateEnding": "2020-04-30"
  },
  {
    "date": "2020-02-24",
    "symbol": "HPQ",
    "eps": 0.65,
    "epsEstimated": 0.54,
    "time": "amc",
    "revenue": 14618000000,
    "revenueEstimated": 12144184615,
    "updatedFromDate": "2025-04-25",
    "fiscalDateEnding": "2020-01-31"
  },
  {
    "date": "2019-11-26",
    "symbol": "HPQ",
    "eps": 0.6,
    "epsEstimated": 0.58,
    "time": "amc",
    "revenue": 15407000000,
    "revenueEstimated": 14893433333,
    "updatedFromDate": "2025-04-25",
    "fiscalDateEnding": "2019-10-31"
  },
  {
    "date": "2019-08-22",
    "symbol": "HPQ",
    "eps": 0.58,
    "epsEstimated": 0.55,
    "time": "amc",
    "revenue": 14603000000,
    "revenueEstimated": 13847672413,
    "updatedFromDate": "2025-04-25",
    "fiscalDateEnding": "2019-07-31"
  },
  {
    "date": "2019-05-23",
    "symbol": "HPQ",
    "eps": 0.53,
    "epsEstimated": 0.51,
    "time": "amc",
    "revenue": 14036000000,
    "revenueEstimated": 13506339622,
    "updatedFromDate": "2025-04-25",
    "fiscalDateEnding": "2019-04-30"
  },
  {
    "date": "2019-02-27",
    "symbol": "HPQ",
    "eps": 0.52,
    "epsEstimated": 0.51,
    "time": "amc",
    "revenue": 14710000000,
    "revenueEstimated": 14427115384,
    "updatedFromDate": "2025-04-25",
    "fiscalDateEnding": "2019-01-31"
  },
  {
    "date": "2018-11-29",
    "symbol": "HPQ",
    "eps": 0.54,
    "epsEstimated": 0.54,
    "time": "amc",
    "revenue": 15366000000,
    "revenueEstimated": 15366000000,
    "updatedFromDate": "2025-04-25",
    "fiscalDateEnding": "2018-10-31"
  },
  {
    "date": "2018-08-23",
    "symbol": "HPQ",
    "eps": 0.52,
    "epsEstimated": 0.51,
    "time": "amc",
    "revenue": 14586000000,
    "revenueEstimated": 14305500000,
    "updatedFromDate": "2025-04-25",
    "fiscalDateEnding": "2018-07-31"
  },
  {
    "date": "2018-05-29",
    "symbol": "HPQ",
    "eps": 0.48,
    "epsEstimated": 0.48,
    "time": "amc",
    "revenue": 14003000000,
    "revenueEstimated": 14003000000,
    "updatedFromDate": "2025-04-25",
    "fiscalDateEnding": "2018-04-30"
  },
  {
    "date": "2018-02-22",
    "symbol": "HPQ",
    "eps": 0.48,
    "epsEstimated": 0.42,
    "time": "amc",
    "revenue": 14517000000,
    "revenueEstimated": 12702375000,
    "updatedFromDate": "2025-04-25",
    "fiscalDateEnding": "2018-01-31"
  },
  {
    "date": "2017-11-21",
    "symbol": "HPQ",
    "eps": 0.44,
    "epsEstimated": 0.44,
    "time": "amc",
    "revenue": 13927000000,
    "revenueEstimated": 13927000000,
    "updatedFromDate": "2025-04-25",
    "fiscalDateEnding": "2017-10-31"
  },
  {
    "date": "2017-08-23",
    "symbol": "HPQ",
    "eps": 0.43,
    "epsEstimated": 0.42,
    "time": "amc",
    "revenue": 13060000000,
    "revenueEstimated": 12756279069,
    "updatedFromDate": "2025-04-25",
    "fiscalDateEnding": "2017-07-31"
  },
  {
    "date": "2017-05-24",
    "symbol": "HPQ",
    "eps": 0.4,
    "epsEstimated": 0.39,
    "time": "amc",
    "revenue": 12385000000,
    "revenueEstimated": 12075375000,
    "updatedFromDate": "2025-04-25",
    "fiscalDateEnding": "2017-04-30"
  },
  {
    "date": "2017-02-22",
    "symbol": "HPQ",
    "eps": 0.38,
    "epsEstimated": 0.37,
    "time": "amc",
    "revenue": 12684000000,
    "revenueEstimated": 12350210526,
    "updatedFromDate": "2025-04-25",
    "fiscalDateEnding": "2017-01-31"
  },
  {
    "date": "2016-11-22",
    "symbol": "HPQ",
    "eps": 0.36,
    "epsEstimated": 0.36,
    "time": "amc",
    "revenue": 12512000000,
    "revenueEstimated": 12512000000,
    "updatedFromDate": "2025-04-25",
    "fiscalDateEnding": "2016-10-31"
  },
  {
    "date": "2016-08-24",
    "symbol": "HPQ",
    "eps": 0.48,
    "epsEstimated": 0.44,
    "time": "amc",
    "revenue": 11892000000,
    "revenueEstimated": 10901000000,
    "updatedFromDate": "2025-04-25",
    "fiscalDateEnding": "2016-07-31"
  }
]