[
  {
    "date": "2026-05-27",
    "symbol": "HRL",
    "eps": null,
    "epsEstimated": null,
    "time": "bmo",
    "revenue": null,
    "revenueEstimated": null,
    "updatedFromDate": "2025-10-02",
    "fiscalDateEnding": "2026-04-27"
  },
  {
    "date": "2026-02-25",
    "symbol": "HRL",
    "eps": null,
    "epsEstimated": null,
    "time": "bmo",
    "revenue": null,
    "revenueEstimated": null,
    "updatedFromDate": "2025-10-02",
    "fiscalDateEnding": "2026-01-27"
  },
  {
    "date": "2025-12-03",
    "symbol": "HRL",
    "eps": null,
    "epsEstimated": 0.39,
    "time": "bmo",
    "revenue": null,
    "revenueEstimated": 3229405050,
    "updatedFromDate": "2025-10-02",
    "fiscalDateEnding": "2025-10-27"
  },
  {
    "date": "2025-08-28",
    "symbol": "HRL",
    "eps": 0.35,
    "epsEstimated": 0.4015,
    "time": "bmo",
    "revenue": 3032876000,
    "revenueEstimated": 2984153439,
    "updatedFromDate": "2025-10-02",
    "fiscalDateEnding": "2025-07-27"
  },
  {
    "date": "2025-05-29",
    "symbol": "HRL",
    "eps": 0.35,
    "epsEstimated": 0.3417,
    "time": "bmo",
    "revenue": 2898810000,
    "revenueEstimated": 2903344424,
    "updatedFromDate": "2025-08-29",
    "fiscalDateEnding": "2025-04-27"
  },
  {
    "date": "2025-02-27",
    "symbol": "HRL",
    "eps": 0.35,
    "epsEstimated": 0.3764,
    "time": "bmo",
    "revenue": 2988813000,
    "revenueEstimated": 2946804934,
    "updatedFromDate": "2025-05-27",
    "fiscalDateEnding": "2025-01-26"
  },
  {
    "date": "2024-12-04",
    "symbol": "HRL",
    "eps": 0.42,
    "epsEstimated": 0.43,
    "time": "bmo",
    "revenue": 3138091000,
    "revenueEstimated": 3142365601,
    "updatedFromDate": "2025-04-25",
    "fiscalDateEnding": "2024-10-27"
  },
  {
    "date": "2024-09-04",
    "symbol": "HRL",
    "eps": 0.37,
    "epsEstimated": 0.36,
    "time": "bmo",
    "revenue": 2898443000,
    "revenueEstimated": 2945253848,
    "updatedFromDate": "2025-04-25",
    "fiscalDateEnding": "2024-07-28"
  },
  {
    "date": "2024-05-30",
    "symbol": "HRL",
    "eps": 0.38,
    "epsEstimated": 0.36,
    "time": "bmo",
    "revenue": 2887352000,
    "revenueEstimated": 2967451931,
    "updatedFromDate": "2025-04-25",
    "fiscalDateEnding": "2024-04-28"
  },
  {
    "date": "2024-02-29",
    "symbol": "HRL",
    "eps": 0.41,
    "epsEstimated": 0.33,
    "time": "bmo",
    "revenue": 2996911000,
    "revenueEstimated": 2910957074,
    "updatedFromDate": "2025-04-25",
    "fiscalDateEnding": "2024-01-28"
  },
  {
    "date": "2023-11-29",
    "symbol": "HRL",
    "eps": 0.42,
    "epsEstimated": 0.44,
    "time": "bmo",
    "revenue": 3198080000,
    "revenueEstimated": 3260990000,
    "updatedFromDate": "2025-04-25",
    "fiscalDateEnding": "2023-10-29"
  },
  {
    "date": "2023-08-31",
    "symbol": "HRL",
    "eps": 0.4,
    "epsEstimated": 0.41,
    "time": "bmo",
    "revenue": 2963299000,
    "revenueEstimated": 3047890000,
    "updatedFromDate": "2025-04-25",
    "fiscalDateEnding": "2023-07-30"
  },
  {
    "date": "2023-06-01",
    "symbol": "HRL",
    "eps": 0.4,
    "epsEstimated": 0.4,
    "time": "bmo",
    "revenue": 2977639000,
    "revenueEstimated": 3053240000,
    "updatedFromDate": "2025-04-25",
    "fiscalDateEnding": "2023-04-30"
  },
  {
    "date": "2023-03-02",
    "symbol": "HRL",
    "eps": 0.4,
    "epsEstimated": 0.45,
    "time": "bmo",
    "revenue": 2970992000,
    "revenueEstimated": 3074813284,
    "updatedFromDate": "2025-04-25",
    "fiscalDateEnding": "2023-01-29"
  },
  {
    "date": "2022-11-30",
    "symbol": "HRL",
    "eps": 0.51,
    "epsEstimated": 0.5,
    "time": "bmo",
    "revenue": 3283475000,
    "revenueEstimated": 3375755512,
    "updatedFromDate": "2025-04-25",
    "fiscalDateEnding": "2022-10-30"
  },
  {
    "date": "2022-09-01",
    "symbol": "HRL",
    "eps": 0.4,
    "epsEstimated": 0.41,
    "time": "bmo",
    "revenue": 3034414000,
    "revenueEstimated": 3022889692,
    "updatedFromDate": "2025-04-25",
    "fiscalDateEnding": "2022-07-31"
  },
  {
    "date": "2022-06-02",
    "symbol": "HRL",
    "eps": 0.48,
    "epsEstimated": 0.47,
    "time": "bmo",
    "revenue": 3096559000,
    "revenueEstimated": 3068823640,
    "updatedFromDate": "2025-04-25",
    "fiscalDateEnding": "2022-05-01"
  },
  {
    "date": "2022-03-01",
    "symbol": "HRL",
    "eps": 0.44,
    "epsEstimated": 0.44,
    "time": "bmo",
    "revenue": 3044358000,
    "revenueEstimated": 2919962337,
    "updatedFromDate": "2025-04-25",
    "fiscalDateEnding": "2022-01-30"
  },
  {
    "date": "2021-12-09",
    "symbol": "HRL",
    "eps": 0.51,
    "epsEstimated": 0.5,
    "time": "bmo",
    "revenue": 3454751000,
    "revenueEstimated": 2964690000,
    "updatedFromDate": "2025-04-25",
    "fiscalDateEnding": "2021-10-31"
  },
  {
    "date": "2021-09-02",
    "symbol": "HRL",
    "eps": 0.39,
    "epsEstimated": 0.39,
    "time": "bmo",
    "revenue": 2863670000,
    "revenueEstimated": 2788310263,
    "updatedFromDate": "2025-04-25",
    "fiscalDateEnding": "2021-07-25"
  },
  {
    "date": "2021-05-20",
    "symbol": "HRL",
    "eps": 0.42,
    "epsEstimated": 0.41,
    "time": "bmo",
    "revenue": 2606621000,
    "revenueEstimated": 2413300000,
    "updatedFromDate": "2025-04-25",
    "fiscalDateEnding": "2021-04-25"
  },
  {
    "date": "2021-02-18",
    "symbol": "HRL",
    "eps": 0.41,
    "epsEstimated": 0.41,
    "time": "bmo",
    "revenue": 2461147000,
    "revenueEstimated": 2381060000,
    "updatedFromDate": "2025-04-25",
    "fiscalDateEnding": "2021-01-24"
  },
  {
    "date": "2020-11-24",
    "symbol": "HRL",
    "eps": 0.43,
    "epsEstimated": 0.44,
    "time": "bmo",
    "revenue": 2420105000,
    "revenueEstimated": 2475108409,
    "updatedFromDate": "2025-04-25",
    "fiscalDateEnding": "2020-10-25"
  },
  {
    "date": "2020-08-25",
    "symbol": "HRL",
    "eps": 0.37,
    "epsEstimated": 0.34,
    "time": "bmo",
    "revenue": 2381457000,
    "revenueEstimated": 2252729594,
    "updatedFromDate": "2025-04-25",
    "fiscalDateEnding": "2020-07-26"
  },
  {
    "date": "2020-05-21",
    "symbol": "HRL",
    "eps": 0.42,
    "epsEstimated": 0.43,
    "time": "bmo",
    "revenue": 2422465000,
    "revenueEstimated": 2480142738,
    "updatedFromDate": "2025-04-25",
    "fiscalDateEnding": "2020-04-26"
  },
  {
    "date": "2020-02-20",
    "symbol": "HRL",
    "eps": 0.45,
    "epsEstimated": 0.46,
    "time": "bmo",
    "revenue": 2384434000,
    "revenueEstimated": 2437421422,
    "updatedFromDate": "2025-04-25",
    "fiscalDateEnding": "2020-01-26"
  },
  {
    "date": "2019-11-26",
    "symbol": "HRL",
    "eps": 0.47,
    "epsEstimated": 0.46,
    "time": "bmo",
    "revenue": 2501513000,
    "revenueEstimated": 2448289319,
    "updatedFromDate": "2025-04-25",
    "fiscalDateEnding": "2019-10-27"
  },
  {
    "date": "2019-08-22",
    "symbol": "HRL",
    "eps": 0.37,
    "epsEstimated": 0.36,
    "time": "bmo",
    "revenue": 2290705000,
    "revenueEstimated": 2228794054,
    "updatedFromDate": "2025-04-25",
    "fiscalDateEnding": "2019-07-28"
  },
  {
    "date": "2019-05-23",
    "symbol": "HRL",
    "eps": 0.46,
    "epsEstimated": 0.45,
    "time": "bmo",
    "revenue": 2344744000,
    "revenueEstimated": 2293771304,
    "updatedFromDate": "2025-04-25",
    "fiscalDateEnding": "2019-04-28"
  },
  {
    "date": "2019-02-21",
    "symbol": "HRL",
    "eps": 0.44,
    "epsEstimated": 0.44,
    "time": "bmo",
    "revenue": 2360355000,
    "revenueEstimated": 2360355000,
    "updatedFromDate": "2025-04-25",
    "fiscalDateEnding": "2019-01-27"
  },
  {
    "date": "2018-11-20",
    "symbol": "HRL",
    "eps": 0.51,
    "epsEstimated": 0.49,
    "time": "bmo",
    "revenue": 2524697000,
    "revenueEstimated": 2425689274,
    "updatedFromDate": "2025-04-25",
    "fiscalDateEnding": "2018-10-28"
  },
  {
    "date": "2018-08-23",
    "symbol": "HRL",
    "eps": 0.39,
    "epsEstimated": 0.39,
    "time": "bmo",
    "revenue": 2359142000,
    "revenueEstimated": 2359100000,
    "updatedFromDate": "2025-04-25",
    "fiscalDateEnding": "2018-07-29"
  },
  {
    "date": "2018-05-24",
    "symbol": "HRL",
    "eps": 0.44,
    "epsEstimated": 0.45,
    "time": "bmo",
    "revenue": 2330568000,
    "revenueEstimated": 2383568181,
    "updatedFromDate": "2025-04-25",
    "fiscalDateEnding": "2018-04-29"
  },
  {
    "date": "2018-02-22",
    "symbol": "HRL",
    "eps": 0.44,
    "epsEstimated": 0.44,
    "time": "bmo",
    "revenue": 2331293000,
    "revenueEstimated": 1831735714,
    "updatedFromDate": "2025-04-25",
    "fiscalDateEnding": "2018-01-28"
  },
  {
    "date": "2017-11-21",
    "symbol": "HRL",
    "eps": 0.41,
    "epsEstimated": 0.4,
    "time": "bmo",
    "revenue": 2492608000,
    "revenueEstimated": 2431804878,
    "updatedFromDate": "2025-04-25",
    "fiscalDateEnding": "2017-10-29"
  },
  {
    "date": "2017-08-24",
    "symbol": "HRL",
    "eps": 0.34,
    "epsEstimated": 0.37,
    "time": "bmo",
    "revenue": 2207375000,
    "revenueEstimated": 2402170588,
    "updatedFromDate": "2025-04-25",
    "fiscalDateEnding": "2017-07-30"
  },
  {
    "date": "2017-05-25",
    "symbol": "HRL",
    "eps": 0.39,
    "epsEstimated": 0.4,
    "time": "bmo",
    "revenue": 2187309000,
    "revenueEstimated": 2243384615,
    "updatedFromDate": "2025-04-25",
    "fiscalDateEnding": "2017-04-30"
  },
  {
    "date": "2017-02-23",
    "symbol": "HRL",
    "eps": 0.44,
    "epsEstimated": 0.45,
    "time": "bmo",
    "revenue": 2280227000,
    "revenueEstimated": 2332022727,
    "updatedFromDate": "2025-04-25",
    "fiscalDateEnding": "2017-01-29"
  },
  {
    "date": "2016-11-22",
    "symbol": "HRL",
    "eps": 0.45,
    "epsEstimated": 0.46,
    "time": "bmo",
    "revenue": 2627941000,
    "revenueEstimated": 2686297777,
    "updatedFromDate": "2025-04-25",
    "fiscalDateEnding": "2016-10-30"
  },
  {
    "date": "2016-08-18",
    "symbol": "HRL",
    "eps": 0.36,
    "epsEstimated": 0.35,
    "time": "bmo",
    "revenue": 2302376000,
    "revenueEstimated": 2238444444,
    "updatedFromDate": "2025-04-25",
    "fiscalDateEnding": "2016-07-24"
  }
]