[
  {
    "date": "2026-05-04",
    "symbol": "HSIC",
    "eps": null,
    "epsEstimated": null,
    "time": "bmo",
    "revenue": null,
    "revenueEstimated": null,
    "updatedFromDate": "2025-10-02",
    "fiscalDateEnding": "2026-03-28"
  },
  {
    "date": "2026-02-23",
    "symbol": "HSIC",
    "eps": null,
    "epsEstimated": null,
    "time": "bmo",
    "revenue": null,
    "revenueEstimated": null,
    "updatedFromDate": "2025-10-02",
    "fiscalDateEnding": "2025-12-28"
  },
  {
    "date": "2025-11-04",
    "symbol": "HSIC",
    "eps": null,
    "epsEstimated": 1.27,
    "time": "bmo",
    "revenue": null,
    "revenueEstimated": 3281127030,
    "updatedFromDate": "2025-10-02",
    "fiscalDateEnding": "2025-09-28"
  },
  {
    "date": "2025-08-05",
    "symbol": "HSIC",
    "eps": 1.1,
    "epsEstimated": 1.18,
    "time": "bmo",
    "revenue": 3240000000,
    "revenueEstimated": 3275712930,
    "updatedFromDate": "2025-10-02",
    "fiscalDateEnding": "2025-06-28"
  },
  {
    "date": "2025-05-05",
    "symbol": "HSIC",
    "eps": 1.15,
    "epsEstimated": 1.11,
    "time": "bmo",
    "revenue": 3168000000,
    "revenueEstimated": 3216545600,
    "updatedFromDate": "2025-08-05",
    "fiscalDateEnding": "2025-03-29"
  },
  {
    "date": "2025-02-25",
    "symbol": "HSIC",
    "eps": 1.19,
    "epsEstimated": 1.23,
    "time": "bmo",
    "revenue": 3191000000,
    "revenueEstimated": 3294531490,
    "updatedFromDate": "2025-05-25",
    "fiscalDateEnding": "2024-12-28"
  },
  {
    "date": "2024-11-05",
    "symbol": "HSIC",
    "eps": 1.22,
    "epsEstimated": 1.16,
    "time": "bmo",
    "revenue": 3174000000,
    "revenueEstimated": 3362293440,
    "updatedFromDate": "2025-04-25",
    "fiscalDateEnding": "2024-09-28"
  },
  {
    "date": "2024-08-06",
    "symbol": "HSIC",
    "eps": 1.23,
    "epsEstimated": 1.22,
    "time": "bmo",
    "revenue": 3136000000,
    "revenueEstimated": 3279040000,
    "updatedFromDate": "2025-04-25",
    "fiscalDateEnding": "2024-06-29"
  },
  {
    "date": "2024-05-07",
    "symbol": "HSIC",
    "eps": 1.1,
    "epsEstimated": 1.02,
    "time": "bmo",
    "revenue": 3172000000,
    "revenueEstimated": 3205554142,
    "updatedFromDate": "2025-04-25",
    "fiscalDateEnding": "2024-03-30"
  },
  {
    "date": "2024-02-27",
    "symbol": "HSIC",
    "eps": 0.66,
    "epsEstimated": 0.7,
    "time": "bmo",
    "revenue": 3017000000,
    "revenueEstimated": 3036000000,
    "updatedFromDate": "2025-04-25",
    "fiscalDateEnding": "2023-12-30"
  },
  {
    "date": "2023-11-13",
    "symbol": "HSIC",
    "eps": 1.32,
    "epsEstimated": 1.32,
    "time": "bmo",
    "revenue": 3162000000,
    "revenueEstimated": 3221420000,
    "updatedFromDate": "2025-04-25",
    "fiscalDateEnding": "2023-09-30"
  },
  {
    "date": "2023-08-07",
    "symbol": "HSIC",
    "eps": 1.31,
    "epsEstimated": 1.28,
    "time": "bmo",
    "revenue": 3100000000,
    "revenueEstimated": 3126110000,
    "updatedFromDate": "2025-04-25",
    "fiscalDateEnding": "2023-07-01"
  },
  {
    "date": "2023-05-09",
    "symbol": "HSIC",
    "eps": 1.21,
    "epsEstimated": 1.24,
    "time": "bmo",
    "revenue": 3060000000,
    "revenueEstimated": 3089850000,
    "updatedFromDate": "2025-04-25",
    "fiscalDateEnding": "2023-04-01"
  },
  {
    "date": "2023-02-16",
    "symbol": "HSIC",
    "eps": 1.21,
    "epsEstimated": 1.21,
    "time": "bmo",
    "revenue": 3371000000,
    "revenueEstimated": 3354173152,
    "updatedFromDate": "2025-04-25",
    "fiscalDateEnding": "2022-12-31"
  },
  {
    "date": "2022-11-01",
    "symbol": "HSIC",
    "eps": 1.09,
    "epsEstimated": 1.14,
    "time": "bmo",
    "revenue": 3067000000,
    "revenueEstimated": 3190016219,
    "updatedFromDate": "2025-04-25",
    "fiscalDateEnding": "2022-09-24"
  },
  {
    "date": "2022-08-02",
    "symbol": "HSIC",
    "eps": 1.16,
    "epsEstimated": 1.16,
    "time": "bmo",
    "revenue": 3030000000,
    "revenueEstimated": 3121123640,
    "updatedFromDate": "2025-04-25",
    "fiscalDateEnding": "2022-06-25"
  },
  {
    "date": "2022-05-03",
    "symbol": "HSIC",
    "eps": 1.3,
    "epsEstimated": 1.19,
    "time": "bmo",
    "revenue": 3179000000,
    "revenueEstimated": 3102381823,
    "updatedFromDate": "2025-04-25",
    "fiscalDateEnding": "2022-03-26"
  },
  {
    "date": "2022-02-15",
    "symbol": "HSIC",
    "eps": 1.07,
    "epsEstimated": 0.91,
    "time": "bmo",
    "revenue": 3330522000,
    "revenueEstimated": 3153507100,
    "updatedFromDate": "2025-04-25",
    "fiscalDateEnding": "2021-12-25"
  },
  {
    "date": "2021-11-02",
    "symbol": "HSIC",
    "eps": 1.1,
    "epsEstimated": 0.95,
    "time": "bmo",
    "revenue": 3178315000,
    "revenueEstimated": 2929180000,
    "updatedFromDate": "2025-04-25",
    "fiscalDateEnding": "2021-09-25"
  },
  {
    "date": "2021-08-03",
    "symbol": "HSIC",
    "eps": 1.11,
    "epsEstimated": 0.97,
    "time": "bmo",
    "revenue": 2967223000,
    "revenueEstimated": 2871320000,
    "updatedFromDate": "2025-04-25",
    "fiscalDateEnding": "2021-06-26"
  },
  {
    "date": "2021-05-04",
    "symbol": "HSIC",
    "eps": 1.24,
    "epsEstimated": 0.84,
    "time": "bmo",
    "revenue": 2924961000,
    "revenueEstimated": 2808290000,
    "updatedFromDate": "2025-04-25",
    "fiscalDateEnding": "2021-03-27"
  },
  {
    "date": "2021-02-17",
    "symbol": "HSIC",
    "eps": 1,
    "epsEstimated": 0.99,
    "time": "bmo",
    "revenue": 3165725000,
    "revenueEstimated": 2872430000,
    "updatedFromDate": "2025-04-25",
    "fiscalDateEnding": "2020-12-26"
  },
  {
    "date": "2020-11-02",
    "symbol": "HSIC",
    "eps": 1.03,
    "epsEstimated": 0.79,
    "time": "bmo",
    "revenue": 2840146000,
    "revenueEstimated": 2178364407,
    "updatedFromDate": "2025-04-25",
    "fiscalDateEnding": "2020-09-26"
  },
  {
    "date": "2020-08-04",
    "symbol": "HSIC",
    "eps": -0.07585,
    "epsEstimated": -0.12,
    "time": "bmo",
    "revenue": 1684399000,
    "revenueEstimated": 2304117465,
    "updatedFromDate": "2025-04-25",
    "fiscalDateEnding": "2020-06-27"
  },
  {
    "date": "2020-05-05",
    "symbol": "HSIC",
    "eps": 0.94,
    "epsEstimated": 0.74,
    "time": "bmo",
    "revenue": 2428871000,
    "revenueEstimated": 1912089936,
    "updatedFromDate": "2025-04-25",
    "fiscalDateEnding": "2020-03-28"
  },
  {
    "date": "2020-02-20",
    "symbol": "HSIC",
    "eps": 0.97,
    "epsEstimated": 0.91,
    "time": "bmo",
    "revenue": 2668941000,
    "revenueEstimated": 2503851865,
    "updatedFromDate": "2025-04-25",
    "fiscalDateEnding": "2019-12-28"
  },
  {
    "date": "2019-11-05",
    "symbol": "HSIC",
    "eps": 0.9,
    "epsEstimated": 0.86,
    "time": "bmo",
    "revenue": 2508767000,
    "revenueEstimated": 2397266244,
    "updatedFromDate": "2025-04-25",
    "fiscalDateEnding": "2019-09-28"
  },
  {
    "date": "2019-08-06",
    "symbol": "HSIC",
    "eps": 0.84,
    "epsEstimated": 0.83,
    "time": "bmo",
    "revenue": 2447827000,
    "revenueEstimated": 2418686202,
    "updatedFromDate": "2025-04-25",
    "fiscalDateEnding": "2019-06-29"
  },
  {
    "date": "2019-05-07",
    "symbol": "HSIC",
    "eps": 0.8,
    "epsEstimated": 0.76,
    "time": "bmo",
    "revenue": 2360268000,
    "revenueEstimated": 2242254600,
    "updatedFromDate": "2025-04-25",
    "fiscalDateEnding": "2019-03-30"
  },
  {
    "date": "2019-02-20",
    "symbol": "HSIC",
    "eps": 1.12,
    "epsEstimated": 1.11,
    "time": "bmo",
    "revenue": 3375202000,
    "revenueEstimated": 2450479607,
    "updatedFromDate": "2025-04-25",
    "fiscalDateEnding": "2018-12-29"
  },
  {
    "date": "2018-11-06",
    "symbol": "HSIC",
    "eps": 1.03,
    "epsEstimated": 1.01,
    "time": "bmo",
    "revenue": 3279678000,
    "revenueEstimated": 2309825873,
    "updatedFromDate": "2025-04-25",
    "fiscalDateEnding": "2018-09-29"
  },
  {
    "date": "2018-08-06",
    "symbol": "HSIC",
    "eps": 1.04,
    "epsEstimated": 1.01,
    "time": "bmo",
    "revenue": 3326676000,
    "revenueEstimated": 2249192307,
    "updatedFromDate": "2025-04-25",
    "fiscalDateEnding": "2018-06-30"
  },
  {
    "date": "2018-05-08",
    "symbol": "HSIC",
    "eps": 0.95,
    "epsEstimated": 0.92,
    "time": "bmo",
    "revenue": 3220439000,
    "revenueEstimated": 2201705263,
    "updatedFromDate": "2025-04-25",
    "fiscalDateEnding": "2018-03-31"
  },
  {
    "date": "2018-02-20",
    "symbol": "HSIC",
    "eps": 0.97,
    "epsEstimated": 0.97,
    "time": "bmo",
    "revenue": 3318054000,
    "revenueEstimated": 3318100000,
    "updatedFromDate": "2025-04-25",
    "fiscalDateEnding": "2017-12-31"
  },
  {
    "date": "2017-11-06",
    "symbol": "HSIC",
    "eps": 0.87,
    "epsEstimated": 0.89,
    "time": "bmo",
    "revenue": 3161083000,
    "revenueEstimated": 3233751574,
    "updatedFromDate": "2025-04-25",
    "fiscalDateEnding": "2017-09-30"
  },
  {
    "date": "2017-08-08",
    "symbol": "HSIC",
    "eps": 0.88,
    "epsEstimated": 0.87,
    "time": "bmo",
    "revenue": 3059458000,
    "revenueEstimated": 3024732954,
    "updatedFromDate": "2025-04-25",
    "fiscalDateEnding": "2017-06-30"
  },
  {
    "date": "2017-05-09",
    "symbol": "HSIC",
    "eps": 0.88,
    "epsEstimated": 0.82,
    "time": "bmo",
    "revenue": 2922948000,
    "revenueEstimated": 2723611363,
    "updatedFromDate": "2025-04-25",
    "fiscalDateEnding": "2017-03-31"
  },
  {
    "date": "2017-02-21",
    "symbol": "HSIC",
    "eps": 0.94,
    "epsEstimated": 0.92,
    "time": "bmo",
    "revenue": 3120934000,
    "revenueEstimated": 3054497872,
    "updatedFromDate": "2025-04-25",
    "fiscalDateEnding": "2016-12-31"
  },
  {
    "date": "2016-11-02",
    "symbol": "HSIC",
    "eps": 0.84,
    "epsEstimated": 0.83,
    "time": "bmo",
    "revenue": 2865148000,
    "revenueEstimated": 2831039095,
    "updatedFromDate": "2025-04-25",
    "fiscalDateEnding": "2016-09-30"
  },
  {
    "date": "2016-08-04",
    "symbol": "HSIC",
    "eps": 0.8,
    "epsEstimated": 0.82,
    "time": "bmo",
    "revenue": 2872630000,
    "revenueEstimated": 2872600000,
    "updatedFromDate": "2025-04-25",
    "fiscalDateEnding": "2016-06-30"
  }
]