[
  {
    "date": "2026-04-28",
    "symbol": "HST",
    "eps": null,
    "epsEstimated": null,
    "time": "amc",
    "revenue": null,
    "revenueEstimated": null,
    "updatedFromDate": "2025-10-02",
    "fiscalDateEnding": "2026-03-30"
  },
  {
    "date": "2026-02-17",
    "symbol": "HST",
    "eps": null,
    "epsEstimated": null,
    "time": "amc",
    "revenue": null,
    "revenueEstimated": null,
    "updatedFromDate": "2025-10-02",
    "fiscalDateEnding": "2025-12-30"
  },
  {
    "date": "2025-11-05",
    "symbol": "HST",
    "eps": null,
    "epsEstimated": 0.33,
    "time": "amc",
    "revenue": null,
    "revenueEstimated": 1304911970,
    "updatedFromDate": "2025-10-02",
    "fiscalDateEnding": "2025-09-30"
  },
  {
    "date": "2025-07-30",
    "symbol": "HST",
    "eps": 0.58,
    "epsEstimated": 0.51,
    "time": "amc",
    "revenue": 1586000000,
    "revenueEstimated": 1317033660,
    "updatedFromDate": "2025-10-02",
    "fiscalDateEnding": "2025-06-30"
  },
  {
    "date": "2025-04-30",
    "symbol": "HST",
    "eps": 0.64,
    "epsEstimated": 0.56,
    "time": "amc",
    "revenue": 1594000000,
    "revenueEstimated": 1546371300,
    "updatedFromDate": "2025-07-30",
    "fiscalDateEnding": "2025-03-31"
  },
  {
    "date": "2025-02-19",
    "symbol": "HST",
    "eps": 0.44,
    "epsEstimated": 0.15,
    "time": "amc",
    "revenue": 1428000000,
    "revenueEstimated": 1517836530,
    "updatedFromDate": "2025-05-19",
    "fiscalDateEnding": "2024-12-31"
  },
  {
    "date": "2024-11-06",
    "symbol": "HST",
    "eps": 0.36,
    "epsEstimated": 0.36,
    "time": "amc",
    "revenue": 1319000000,
    "revenueEstimated": 1379554830,
    "updatedFromDate": "2025-04-25",
    "fiscalDateEnding": "2024-09-30"
  },
  {
    "date": "2024-07-31",
    "symbol": "HST",
    "eps": 0.57,
    "epsEstimated": 0.56,
    "time": "amc",
    "revenue": 1466000000,
    "revenueEstimated": 1467380000,
    "updatedFromDate": "2025-04-25",
    "fiscalDateEnding": "2024-06-30"
  },
  {
    "date": "2024-05-01",
    "symbol": "HST",
    "eps": 0.6,
    "epsEstimated": 0.54,
    "time": "amc",
    "revenue": 1471000000,
    "revenueEstimated": 1426400000,
    "updatedFromDate": "2025-04-25",
    "fiscalDateEnding": "2024-03-31"
  },
  {
    "date": "2024-02-21",
    "symbol": "HST",
    "eps": 0.44,
    "epsEstimated": 0.44,
    "time": "amc",
    "revenue": 1323000000,
    "revenueEstimated": 1291930000,
    "updatedFromDate": "2025-04-25",
    "fiscalDateEnding": "2023-12-31"
  },
  {
    "date": "2023-11-01",
    "symbol": "HST",
    "eps": 0.41,
    "epsEstimated": 0.35,
    "time": "amc",
    "revenue": 1214000000,
    "revenueEstimated": 1206780000,
    "updatedFromDate": "2025-04-25",
    "fiscalDateEnding": "2023-09-30"
  },
  {
    "date": "2023-08-02",
    "symbol": "HST",
    "eps": 0.53,
    "epsEstimated": 0.56,
    "time": "amc",
    "revenue": 1393000000,
    "revenueEstimated": 1878000000,
    "updatedFromDate": "2025-04-25",
    "fiscalDateEnding": "2023-06-30"
  },
  {
    "date": "2023-05-03",
    "symbol": "HST",
    "eps": 0.4,
    "epsEstimated": 0.24,
    "time": "amc",
    "revenue": 1381000000,
    "revenueEstimated": 1312260000,
    "updatedFromDate": "2025-04-25",
    "fiscalDateEnding": "2023-03-31"
  },
  {
    "date": "2023-02-15",
    "symbol": "HST",
    "eps": 0.44,
    "epsEstimated": 0.43,
    "time": "amc",
    "revenue": 1263000000,
    "revenueEstimated": 1253477262,
    "updatedFromDate": "2025-04-25",
    "fiscalDateEnding": "2022-12-31"
  },
  {
    "date": "2022-11-02",
    "symbol": "HST",
    "eps": 0.38,
    "epsEstimated": 0.39,
    "time": "amc",
    "revenue": 1189000000,
    "revenueEstimated": 1173501239,
    "updatedFromDate": "2025-04-25",
    "fiscalDateEnding": "2022-09-30"
  },
  {
    "date": "2022-08-03",
    "symbol": "HST",
    "eps": 0.58,
    "epsEstimated": 0.49,
    "time": "amc",
    "revenue": 1381000000,
    "revenueEstimated": 1260244253,
    "updatedFromDate": "2025-04-25",
    "fiscalDateEnding": "2022-06-30"
  },
  {
    "date": "2022-05-04",
    "symbol": "HST",
    "eps": 0.39,
    "epsEstimated": 0.26,
    "time": "amc",
    "revenue": 1074000000,
    "revenueEstimated": 951086023,
    "updatedFromDate": "2025-04-25",
    "fiscalDateEnding": "2022-03-31"
  },
  {
    "date": "2022-02-16",
    "symbol": "HST",
    "eps": 0.29,
    "epsEstimated": 0.16,
    "time": "amc",
    "revenue": 998000000,
    "revenueEstimated": 908360437,
    "updatedFromDate": "2025-04-25",
    "fiscalDateEnding": "2021-12-31"
  },
  {
    "date": "2021-11-03",
    "symbol": "HST",
    "eps": 0.2,
    "epsEstimated": 0.14,
    "time": "amc",
    "revenue": 844000000,
    "revenueEstimated": 795771427,
    "updatedFromDate": "2025-04-25",
    "fiscalDateEnding": "2021-09-30"
  },
  {
    "date": "2021-08-03",
    "symbol": "HST",
    "eps": 0.12,
    "epsEstimated": 0.07494,
    "time": "amc",
    "revenue": 649000000,
    "revenueEstimated": 649000000,
    "updatedFromDate": "2025-04-25",
    "fiscalDateEnding": "2021-06-30"
  },
  {
    "date": "2021-05-04",
    "symbol": "HST",
    "eps": 0.01,
    "epsEstimated": -0.15,
    "time": "amc",
    "revenue": 399000000,
    "revenueEstimated": 306030000,
    "updatedFromDate": "2025-04-25",
    "fiscalDateEnding": "2021-03-31"
  },
  {
    "date": "2021-02-18",
    "symbol": "HST",
    "eps": -0.02,
    "epsEstimated": -0.21,
    "time": "amc",
    "revenue": 267000000,
    "revenueEstimated": 429107142,
    "updatedFromDate": "2025-04-25",
    "fiscalDateEnding": "2020-12-31"
  },
  {
    "date": "2020-11-04",
    "symbol": "HST",
    "eps": -0.11,
    "epsEstimated": -0.21,
    "time": "amc",
    "revenue": 198000000,
    "revenueEstimated": 97159090,
    "updatedFromDate": "2025-04-25",
    "fiscalDateEnding": "2020-09-30"
  },
  {
    "date": "2020-07-30",
    "symbol": "HST",
    "eps": -0.26,
    "epsEstimated": -0.26,
    "time": "amc",
    "revenue": 103000000,
    "revenueEstimated": 94760000,
    "updatedFromDate": "2025-04-25",
    "fiscalDateEnding": "2020-06-30"
  },
  {
    "date": "2020-05-07",
    "symbol": "HST",
    "eps": 0.23,
    "epsEstimated": 0.09,
    "time": "amc",
    "revenue": 1052000000,
    "revenueEstimated": 1938173240,
    "updatedFromDate": "2025-04-25",
    "fiscalDateEnding": "2020-03-31"
  },
  {
    "date": "2020-02-19",
    "symbol": "HST",
    "eps": 0.41,
    "epsEstimated": 0.4,
    "time": "amc",
    "revenue": 1334000000,
    "revenueEstimated": 1455272727,
    "updatedFromDate": "2025-04-25",
    "fiscalDateEnding": "2019-12-31"
  },
  {
    "date": "2019-11-05",
    "symbol": "HST",
    "eps": 0.35,
    "epsEstimated": 0.34,
    "time": "amc",
    "revenue": 1262000000,
    "revenueEstimated": 1085320000,
    "updatedFromDate": "2025-04-25",
    "fiscalDateEnding": "2019-09-30"
  },
  {
    "date": "2019-08-06",
    "symbol": "HST",
    "eps": 0.39,
    "epsEstimated": 0.31,
    "time": "amc",
    "revenue": 1483000000,
    "revenueEstimated": 1178794871,
    "updatedFromDate": "2025-04-25",
    "fiscalDateEnding": "2019-06-30"
  },
  {
    "date": "2019-05-01",
    "symbol": "HST",
    "eps": 0.48,
    "epsEstimated": 0.45,
    "time": "amc",
    "revenue": 1390000000,
    "revenueEstimated": 1167600000,
    "updatedFromDate": "2025-04-25",
    "fiscalDateEnding": "2019-03-31"
  },
  {
    "date": "2019-02-19",
    "symbol": "HST",
    "eps": 0.4,
    "epsEstimated": 0.18,
    "time": "amc",
    "revenue": 1361000000,
    "revenueEstimated": 1122824997,
    "updatedFromDate": "2025-04-25",
    "fiscalDateEnding": "2018-12-31"
  },
  {
    "date": "2018-11-01",
    "symbol": "HST",
    "eps": 0.43,
    "epsEstimated": 0.11,
    "time": "amc",
    "revenue": 1299000000,
    "revenueEstimated": 332302325,
    "updatedFromDate": "2025-04-25",
    "fiscalDateEnding": "2018-09-30"
  },
  {
    "date": "2018-08-07",
    "symbol": "HST",
    "eps": 0.54,
    "epsEstimated": 0.51,
    "time": "amc",
    "revenue": 1518000000,
    "revenueEstimated": 1409571428,
    "updatedFromDate": "2025-04-25",
    "fiscalDateEnding": "2018-06-30"
  },
  {
    "date": "2018-05-02",
    "symbol": "HST",
    "eps": 0.34,
    "epsEstimated": 0.21,
    "time": "amc",
    "revenue": 1346000000,
    "revenueEstimated": 831352941,
    "updatedFromDate": "2025-04-25",
    "fiscalDateEnding": "2018-03-31"
  },
  {
    "date": "2018-02-21",
    "symbol": "HST",
    "eps": 0.42,
    "epsEstimated": 0.39,
    "time": "amc",
    "revenue": 1344000000,
    "revenueEstimated": 1680000000,
    "updatedFromDate": "2025-04-25",
    "fiscalDateEnding": "2017-12-31"
  },
  {
    "date": "2017-11-01",
    "symbol": "HST",
    "eps": 0.33,
    "epsEstimated": 0.33,
    "time": "amc",
    "revenue": 1254000000,
    "revenueEstimated": 1254000000,
    "updatedFromDate": "2025-04-25",
    "fiscalDateEnding": "2017-09-30"
  },
  {
    "date": "2017-07-26",
    "symbol": "HST",
    "eps": 0.49,
    "epsEstimated": 0.46,
    "time": "amc",
    "revenue": 1441000000,
    "revenueEstimated": 1492464285,
    "updatedFromDate": "2025-04-25",
    "fiscalDateEnding": "2017-06-30"
  },
  {
    "date": "2017-04-28",
    "symbol": "HST",
    "eps": 0.44,
    "epsEstimated": 0.39,
    "time": "bmo",
    "revenue": 1348000000,
    "revenueEstimated": 1027047619,
    "updatedFromDate": "2025-04-25",
    "fiscalDateEnding": "2017-03-31"
  },
  {
    "date": "2017-02-22",
    "symbol": "HST",
    "eps": 0.41,
    "epsEstimated": 0.38,
    "time": "bmo",
    "revenue": 1337000000,
    "revenueEstimated": 1101058823,
    "updatedFromDate": "2025-04-25",
    "fiscalDateEnding": "2016-12-31"
  },
  {
    "date": "2016-11-02",
    "symbol": "HST",
    "eps": 0.37,
    "epsEstimated": 0.36,
    "time": "bmo",
    "revenue": 1295000000,
    "revenueEstimated": 1202500000,
    "updatedFromDate": "2025-04-25",
    "fiscalDateEnding": "2016-09-30"
  },
  {
    "date": "2016-07-29",
    "symbol": "HST",
    "eps": 0.47,
    "epsEstimated": 0.43,
    "time": "bmo",
    "revenue": 1459000000,
    "revenueEstimated": 1334829787,
    "updatedFromDate": "2025-04-25",
    "fiscalDateEnding": "2016-06-30"
  }
]