[
  {
    "date": "2026-04-29",
    "symbol": "HSY",
    "eps": null,
    "epsEstimated": null,
    "time": "bmo",
    "revenue": null,
    "revenueEstimated": null,
    "updatedFromDate": "2025-10-02",
    "fiscalDateEnding": "2026-03-29"
  },
  {
    "date": "2026-02-04",
    "symbol": "HSY",
    "eps": null,
    "epsEstimated": null,
    "time": "bmo",
    "revenue": null,
    "revenueEstimated": null,
    "updatedFromDate": "2025-10-02",
    "fiscalDateEnding": "2025-12-29"
  },
  {
    "date": "2025-11-06",
    "symbol": "HSY",
    "eps": null,
    "epsEstimated": 1.06,
    "time": "bmo",
    "revenue": null,
    "revenueEstimated": 3107720800,
    "updatedFromDate": "2025-10-02",
    "fiscalDateEnding": "2025-09-29"
  },
  {
    "date": "2025-07-30",
    "symbol": "HSY",
    "eps": 1.21,
    "epsEstimated": 0.993,
    "time": "bmo",
    "revenue": 2614718000,
    "revenueEstimated": 2523759876,
    "updatedFromDate": "2025-10-02",
    "fiscalDateEnding": "2025-06-29"
  },
  {
    "date": "2025-05-01",
    "symbol": "HSY",
    "eps": 2.09,
    "epsEstimated": 1.94,
    "time": "bmo",
    "revenue": 2805419000,
    "revenueEstimated": 2791275904,
    "updatedFromDate": "2025-08-01",
    "fiscalDateEnding": "2025-03-30"
  },
  {
    "date": "2025-02-06",
    "symbol": "HSY",
    "eps": 2.69,
    "epsEstimated": 2.4,
    "time": "bmo",
    "revenue": 2887540000,
    "revenueEstimated": 2840335038,
    "updatedFromDate": "2025-05-06",
    "fiscalDateEnding": "2024-12-31"
  },
  {
    "date": "2024-11-07",
    "symbol": "HSY",
    "eps": 2.34,
    "epsEstimated": 2.56,
    "time": "bmo",
    "revenue": 2987494000,
    "revenueEstimated": 3075914075,
    "updatedFromDate": "2025-04-25",
    "fiscalDateEnding": "2024-09-29"
  },
  {
    "date": "2024-08-01",
    "symbol": "HSY",
    "eps": 1.27,
    "epsEstimated": 1.44,
    "time": "bmo",
    "revenue": 2074480000,
    "revenueEstimated": 2303662680,
    "updatedFromDate": "2025-04-25",
    "fiscalDateEnding": "2024-06-30"
  },
  {
    "date": "2024-05-03",
    "symbol": "HSY",
    "eps": 3.07,
    "epsEstimated": 2.76,
    "time": "bmo",
    "revenue": 3252749000,
    "revenueEstimated": 3112300909,
    "updatedFromDate": "2025-04-25",
    "fiscalDateEnding": "2024-03-31"
  },
  {
    "date": "2024-02-08",
    "symbol": "HSY",
    "eps": 2.02,
    "epsEstimated": 1.95,
    "time": "bmo",
    "revenue": 2657111000,
    "revenueEstimated": 2716179056,
    "updatedFromDate": "2025-04-25",
    "fiscalDateEnding": "2023-12-31"
  },
  {
    "date": "2023-10-26",
    "symbol": "HSY",
    "eps": 2.6,
    "epsEstimated": 2.45,
    "time": "bmo",
    "revenue": 3029987000,
    "revenueEstimated": 2956940000,
    "updatedFromDate": "2025-04-25",
    "fiscalDateEnding": "2023-10-01"
  },
  {
    "date": "2023-07-27",
    "symbol": "HSY",
    "eps": 2.01,
    "epsEstimated": 1.91,
    "time": "bmo",
    "revenue": 2490280000,
    "revenueEstimated": 2974000000,
    "updatedFromDate": "2025-04-25",
    "fiscalDateEnding": "2023-07-02"
  },
  {
    "date": "2023-04-27",
    "symbol": "HSY",
    "eps": 2.96,
    "epsEstimated": 2.66,
    "time": "bmo",
    "revenue": 2987614000,
    "revenueEstimated": 2907210000,
    "updatedFromDate": "2025-04-25",
    "fiscalDateEnding": "2023-04-02"
  },
  {
    "date": "2023-02-02",
    "symbol": "HSY",
    "eps": 2.02,
    "epsEstimated": 1.77,
    "time": "bmo",
    "revenue": 2652338000,
    "revenueEstimated": 2577179732,
    "updatedFromDate": "2025-04-25",
    "fiscalDateEnding": "2022-12-31"
  },
  {
    "date": "2022-11-04",
    "symbol": "HSY",
    "eps": 2.17,
    "epsEstimated": 2.1,
    "time": "bmo",
    "revenue": 2728153000,
    "revenueEstimated": 2617357813,
    "updatedFromDate": "2025-04-25",
    "fiscalDateEnding": "2022-10-02"
  },
  {
    "date": "2022-07-28",
    "symbol": "HSY",
    "eps": 1.8,
    "epsEstimated": 1.69,
    "time": "bmo",
    "revenue": 2372582000,
    "revenueEstimated": 2238142411,
    "updatedFromDate": "2025-04-25",
    "fiscalDateEnding": "2022-07-03"
  },
  {
    "date": "2022-04-28",
    "symbol": "HSY",
    "eps": 2.53,
    "epsEstimated": 2.1,
    "time": "bmo",
    "revenue": 2666221000,
    "revenueEstimated": 2476688762,
    "updatedFromDate": "2025-04-25",
    "fiscalDateEnding": "2022-04-03"
  },
  {
    "date": "2022-02-03",
    "symbol": "HSY",
    "eps": 1.69,
    "epsEstimated": 1.62,
    "time": "bmo",
    "revenue": 2326128000,
    "revenueEstimated": 2265602572,
    "updatedFromDate": "2025-04-25",
    "fiscalDateEnding": "2021-12-31"
  },
  {
    "date": "2021-10-28",
    "symbol": "HSY",
    "eps": 2.1,
    "epsEstimated": 2.01,
    "time": "bmo",
    "revenue": 2359839000,
    "revenueEstimated": 2290030000,
    "updatedFromDate": "2025-04-25",
    "fiscalDateEnding": "2021-10-03"
  },
  {
    "date": "2021-07-29",
    "symbol": "HSY",
    "eps": 1.47,
    "epsEstimated": 1.43,
    "time": "bmo",
    "revenue": 1989422000,
    "revenueEstimated": 1989420000,
    "updatedFromDate": "2025-04-25",
    "fiscalDateEnding": "2021-07-04"
  },
  {
    "date": "2021-04-29",
    "symbol": "HSY",
    "eps": 1.92,
    "epsEstimated": 1.8,
    "time": "bmo",
    "revenue": 2295948000,
    "revenueEstimated": 2114990000,
    "updatedFromDate": "2025-04-25",
    "fiscalDateEnding": "2021-04-04"
  },
  {
    "date": "2021-02-04",
    "symbol": "HSY",
    "eps": 1.49,
    "epsEstimated": 1.43,
    "time": "bmo",
    "revenue": 2185244000,
    "revenueEstimated": 2093555440,
    "updatedFromDate": "2025-04-25",
    "fiscalDateEnding": "2020-12-31"
  },
  {
    "date": "2020-11-06",
    "symbol": "HSY",
    "eps": 1.86,
    "epsEstimated": 1.72,
    "time": "bmo",
    "revenue": 2219829000,
    "revenueEstimated": 2052745096,
    "updatedFromDate": "2025-04-25",
    "fiscalDateEnding": "2020-09-27"
  },
  {
    "date": "2020-07-23",
    "symbol": "HSY",
    "eps": 1.31,
    "epsEstimated": 1.13,
    "time": "bmo",
    "revenue": 1707329000,
    "revenueEstimated": 1472734175,
    "updatedFromDate": "2025-04-25",
    "fiscalDateEnding": "2020-06-28"
  },
  {
    "date": "2020-04-23",
    "symbol": "HSY",
    "eps": 1.63,
    "epsEstimated": 1.71,
    "time": "bmo",
    "revenue": 2037317000,
    "revenueEstimated": 2137308018,
    "updatedFromDate": "2025-04-25",
    "fiscalDateEnding": "2020-03-29"
  },
  {
    "date": "2020-01-30",
    "symbol": "HSY",
    "eps": 1.28,
    "epsEstimated": 1.24,
    "time": "bmo",
    "revenue": 2068125000,
    "revenueEstimated": 2003496093,
    "updatedFromDate": "2025-04-25",
    "fiscalDateEnding": "2019-12-31"
  },
  {
    "date": "2019-10-24",
    "symbol": "HSY",
    "eps": 1.61,
    "epsEstimated": 1.6,
    "time": "bmo",
    "revenue": 2134422000,
    "revenueEstimated": 2121164720,
    "updatedFromDate": "2025-04-25",
    "fiscalDateEnding": "2019-09-29"
  },
  {
    "date": "2019-07-25",
    "symbol": "HSY",
    "eps": 1.31,
    "epsEstimated": 1.18,
    "time": "bmo",
    "revenue": 1767217000,
    "revenueEstimated": 1591844320,
    "updatedFromDate": "2025-04-25",
    "fiscalDateEnding": "2019-06-30"
  },
  {
    "date": "2019-04-25",
    "symbol": "HSY",
    "eps": 1.59,
    "epsEstimated": 1.47,
    "time": "bmo",
    "revenue": 2016488000,
    "revenueEstimated": 1864300226,
    "updatedFromDate": "2025-04-25",
    "fiscalDateEnding": "2019-03-31"
  },
  {
    "date": "2019-01-31",
    "symbol": "HSY",
    "eps": 1.26,
    "epsEstimated": 1.27,
    "time": "bmo",
    "revenue": 1987902000,
    "revenueEstimated": 2003679000,
    "updatedFromDate": "2025-04-25",
    "fiscalDateEnding": "2018-12-31"
  },
  {
    "date": "2018-10-25",
    "symbol": "HSY",
    "eps": 1.55,
    "epsEstimated": 1.55,
    "time": "bmo",
    "revenue": 2079593000,
    "revenueEstimated": 2079600000,
    "updatedFromDate": "2025-04-25",
    "fiscalDateEnding": "2018-09-30"
  },
  {
    "date": "2018-07-26",
    "symbol": "HSY",
    "eps": 1.14,
    "epsEstimated": 1.1,
    "time": "bmo",
    "revenue": 1751615000,
    "revenueEstimated": 1690140350,
    "updatedFromDate": "2025-04-25",
    "fiscalDateEnding": "2018-07-01"
  },
  {
    "date": "2018-04-26",
    "symbol": "HSY",
    "eps": 1.41,
    "epsEstimated": 1.4,
    "time": "bmo",
    "revenue": 1971959000,
    "revenueEstimated": 1958014184,
    "updatedFromDate": "2025-04-25",
    "fiscalDateEnding": "2018-04-01"
  },
  {
    "date": "2018-02-01",
    "symbol": "HSY",
    "eps": 1.03,
    "epsEstimated": 1.07,
    "time": "bmo",
    "revenue": 1939636000,
    "revenueEstimated": 2014924271,
    "updatedFromDate": "2025-04-25",
    "fiscalDateEnding": "2017-12-31"
  },
  {
    "date": "2017-10-26",
    "symbol": "HSY",
    "eps": 1.33,
    "epsEstimated": 1.29,
    "time": "bmo",
    "revenue": 2033121000,
    "revenueEstimated": 1987240601,
    "updatedFromDate": "2025-04-25",
    "fiscalDateEnding": "2017-10-01"
  },
  {
    "date": "2017-07-26",
    "symbol": "HSY",
    "eps": 1.09,
    "epsEstimated": 0.9,
    "time": "bmo",
    "revenue": 1662991000,
    "revenueEstimated": 1373119266,
    "updatedFromDate": "2025-04-25",
    "fiscalDateEnding": "2017-07-02"
  },
  {
    "date": "2017-04-26",
    "symbol": "HSY",
    "eps": 1.31,
    "epsEstimated": 1.26,
    "time": "bmo",
    "revenue": 1879678000,
    "revenueEstimated": 1793606870,
    "updatedFromDate": "2025-04-25",
    "fiscalDateEnding": "2017-04-02"
  },
  {
    "date": "2017-02-03",
    "symbol": "HSY",
    "eps": 1.17,
    "epsEstimated": 1.08,
    "time": "bmo",
    "revenue": 1970244000,
    "revenueEstimated": 1818646153,
    "updatedFromDate": "2025-04-25",
    "fiscalDateEnding": "2016-12-31"
  },
  {
    "date": "2016-10-28",
    "symbol": "HSY",
    "eps": 1.29,
    "epsEstimated": 1.18,
    "time": "bmo",
    "revenue": 2003454000,
    "revenueEstimated": 1832658914,
    "updatedFromDate": "2025-04-25",
    "fiscalDateEnding": "2016-10-02"
  },
  {
    "date": "2016-07-28",
    "symbol": "HSY",
    "eps": 0.85,
    "epsEstimated": 0.78,
    "time": "bmo",
    "revenue": 1637671000,
    "revenueEstimated": 1502830588,
    "updatedFromDate": "2025-04-25",
    "fiscalDateEnding": "2016-07-03"
  }
]