[
  {
    "date": "2026-04-29",
    "symbol": "HUBB",
    "eps": null,
    "epsEstimated": null,
    "time": "bmo",
    "revenue": null,
    "revenueEstimated": null,
    "updatedFromDate": "2025-10-02",
    "fiscalDateEnding": "2026-03-30"
  },
  {
    "date": "2026-02-02",
    "symbol": "HUBB",
    "eps": null,
    "epsEstimated": null,
    "time": "bmo",
    "revenue": null,
    "revenueEstimated": null,
    "updatedFromDate": "2025-10-02",
    "fiscalDateEnding": "2025-12-30"
  },
  {
    "date": "2025-11-04",
    "symbol": "HUBB",
    "eps": null,
    "epsEstimated": 4.99,
    "time": "bmo",
    "revenue": null,
    "revenueEstimated": null,
    "updatedFromDate": "2025-10-02",
    "fiscalDateEnding": "2025-09-30"
  },
  {
    "date": "2025-07-29",
    "symbol": "HUBB",
    "eps": 4.93,
    "epsEstimated": 4.36,
    "time": "bmo",
    "revenue": 1484300000,
    "revenueEstimated": 1551764300,
    "updatedFromDate": "2025-10-02",
    "fiscalDateEnding": "2025-06-30"
  },
  {
    "date": "2025-05-01",
    "symbol": "HUBB",
    "eps": 3.5,
    "epsEstimated": 3.7,
    "time": "bmo",
    "revenue": 1365200000,
    "revenueEstimated": 1383721645,
    "updatedFromDate": "2025-08-01",
    "fiscalDateEnding": "2025-03-31"
  },
  {
    "date": "2025-02-04",
    "symbol": "HUBB",
    "eps": 4.1,
    "epsEstimated": 4.02,
    "time": "bmo",
    "revenue": 1334300000,
    "revenueEstimated": 1412393396,
    "updatedFromDate": "2025-05-04",
    "fiscalDateEnding": "2024-12-31"
  },
  {
    "date": "2024-10-29",
    "symbol": "HUBB",
    "eps": 4.49,
    "epsEstimated": 4.45,
    "time": "bmo",
    "revenue": 1442600000,
    "revenueEstimated": 1482903192,
    "updatedFromDate": "2025-04-25",
    "fiscalDateEnding": "2024-09-30"
  },
  {
    "date": "2024-07-30",
    "symbol": "HUBB",
    "eps": 4.37,
    "epsEstimated": 4.24,
    "time": "bmo",
    "revenue": 1452500000,
    "revenueEstimated": 1483487500,
    "updatedFromDate": "2025-04-25",
    "fiscalDateEnding": "2024-06-30"
  },
  {
    "date": "2024-04-30",
    "symbol": "HUBB",
    "eps": 3.6,
    "epsEstimated": 3.54,
    "time": "bmo",
    "revenue": 1399100000,
    "revenueEstimated": 1390481970,
    "updatedFromDate": "2025-04-25",
    "fiscalDateEnding": "2024-03-31"
  },
  {
    "date": "2024-01-30",
    "symbol": "HUBB",
    "eps": 3.69,
    "epsEstimated": 3.58,
    "time": "bmo",
    "revenue": 1345800000,
    "revenueEstimated": 1317120000,
    "updatedFromDate": "2025-04-25",
    "fiscalDateEnding": "2023-12-31"
  },
  {
    "date": "2023-10-31",
    "symbol": "HUBB",
    "eps": 3.95,
    "epsEstimated": 4.05,
    "time": "bmo",
    "revenue": 1375800000,
    "revenueEstimated": 1394460000,
    "updatedFromDate": "2025-04-25",
    "fiscalDateEnding": "2023-09-30"
  },
  {
    "date": "2023-07-25",
    "symbol": "HUBB",
    "eps": 4.07,
    "epsEstimated": 3.72,
    "time": "bmo",
    "revenue": 1365900000,
    "revenueEstimated": 1372770000,
    "updatedFromDate": "2025-04-25",
    "fiscalDateEnding": "2023-06-30"
  },
  {
    "date": "2023-04-25",
    "symbol": "HUBB",
    "eps": 3.61,
    "epsEstimated": 2.47,
    "time": "bmo",
    "revenue": 1285400000,
    "revenueEstimated": 1251620000,
    "updatedFromDate": "2025-04-25",
    "fiscalDateEnding": "2023-03-31"
  },
  {
    "date": "2023-01-31",
    "symbol": "HUBB",
    "eps": 2.6,
    "epsEstimated": 2.41,
    "time": "bmo",
    "revenue": 1219600000,
    "revenueEstimated": 1238374376,
    "updatedFromDate": "2025-04-25",
    "fiscalDateEnding": "2022-12-31"
  },
  {
    "date": "2022-10-25",
    "symbol": "HUBB",
    "eps": 2.88,
    "epsEstimated": 2.71,
    "time": "bmo",
    "revenue": 1316200000,
    "revenueEstimated": 1250479225,
    "updatedFromDate": "2025-04-25",
    "fiscalDateEnding": "2022-09-30"
  },
  {
    "date": "2022-07-26",
    "symbol": "HUBB",
    "eps": 2.81,
    "epsEstimated": 2.41,
    "time": "bmo",
    "revenue": 1256000000,
    "revenueEstimated": 1201726875,
    "updatedFromDate": "2025-04-25",
    "fiscalDateEnding": "2022-06-30"
  },
  {
    "date": "2022-04-26",
    "symbol": "HUBB",
    "eps": 2.12,
    "epsEstimated": 1.85,
    "time": "bmo",
    "revenue": 1156100000,
    "revenueEstimated": 1079642500,
    "updatedFromDate": "2025-04-25",
    "fiscalDateEnding": "2022-03-31"
  },
  {
    "date": "2022-02-03",
    "symbol": "HUBB",
    "eps": 2.07,
    "epsEstimated": 2.1,
    "time": "bmo",
    "revenue": 1100100000,
    "revenueEstimated": 1216742814,
    "updatedFromDate": "2025-04-25",
    "fiscalDateEnding": "2021-12-31"
  },
  {
    "date": "2021-10-26",
    "symbol": "HUBB",
    "eps": 2.24,
    "epsEstimated": 2.34,
    "time": "bmo",
    "revenue": 1213600000,
    "revenueEstimated": 1255950000,
    "updatedFromDate": "2025-04-25",
    "fiscalDateEnding": "2021-09-30"
  },
  {
    "date": "2021-07-27",
    "symbol": "HUBB",
    "eps": 2.36,
    "epsEstimated": 2.15,
    "time": "bmo",
    "revenue": 1191800000,
    "revenueEstimated": 1250620000,
    "updatedFromDate": "2025-04-25",
    "fiscalDateEnding": "2021-06-30"
  },
  {
    "date": "2021-04-27",
    "symbol": "HUBB",
    "eps": 1.72,
    "epsEstimated": 1.65,
    "time": "bmo",
    "revenue": 1078400000,
    "revenueEstimated": 1066080000,
    "updatedFromDate": "2025-04-25",
    "fiscalDateEnding": "2021-03-31"
  },
  {
    "date": "2021-02-02",
    "symbol": "HUBB",
    "eps": 1.76,
    "epsEstimated": 1.77,
    "time": "bmo",
    "revenue": 1037900000,
    "revenueEstimated": 1063390000,
    "updatedFromDate": "2025-04-25",
    "fiscalDateEnding": "2020-12-31"
  },
  {
    "date": "2020-10-27",
    "symbol": "HUBB",
    "eps": 2.3,
    "epsEstimated": 2,
    "time": "bmo",
    "revenue": 1108600000,
    "revenueEstimated": 964347826,
    "updatedFromDate": "2025-04-25",
    "fiscalDateEnding": "2020-09-30"
  },
  {
    "date": "2020-07-30",
    "symbol": "HUBB",
    "eps": 1.87,
    "epsEstimated": 1.61,
    "time": "bmo",
    "revenue": 949200000,
    "revenueEstimated": 817225668,
    "updatedFromDate": "2025-04-25",
    "fiscalDateEnding": "2020-06-30"
  },
  {
    "date": "2020-04-30",
    "symbol": "HUBB",
    "eps": 1.64,
    "epsEstimated": 1.52,
    "time": "bmo",
    "revenue": 1090300000,
    "revenueEstimated": 1010521951,
    "updatedFromDate": "2025-04-25",
    "fiscalDateEnding": "2020-03-31"
  },
  {
    "date": "2020-02-04",
    "symbol": "HUBB",
    "eps": 1.91,
    "epsEstimated": 1.85,
    "time": "bmo",
    "revenue": 1103300000,
    "revenueEstimated": 1068641361,
    "updatedFromDate": "2025-04-25",
    "fiscalDateEnding": "2019-12-31"
  },
  {
    "date": "2019-10-29",
    "symbol": "HUBB",
    "eps": 2.34,
    "epsEstimated": 2.27,
    "time": "bmo",
    "revenue": 1204000000,
    "revenueEstimated": 1167982905,
    "updatedFromDate": "2025-04-25",
    "fiscalDateEnding": "2019-09-30"
  },
  {
    "date": "2019-07-30",
    "symbol": "HUBB",
    "eps": 2.31,
    "epsEstimated": 2.15,
    "time": "bmo",
    "revenue": 1196400000,
    "revenueEstimated": 1118711688,
    "updatedFromDate": "2025-04-25",
    "fiscalDateEnding": "2019-06-30"
  },
  {
    "date": "2019-04-30",
    "symbol": "HUBB",
    "eps": 1.57,
    "epsEstimated": 1.51,
    "time": "bmo",
    "revenue": 1087300000,
    "revenueEstimated": 1045747133,
    "updatedFromDate": "2025-04-25",
    "fiscalDateEnding": "2019-03-31"
  },
  {
    "date": "2019-02-05",
    "symbol": "HUBB",
    "eps": 1.72,
    "epsEstimated": 1.7,
    "time": "bmo",
    "revenue": 1144100000,
    "revenueEstimated": 1130796511,
    "updatedFromDate": "2025-04-25",
    "fiscalDateEnding": "2018-12-31"
  },
  {
    "date": "2018-10-23",
    "symbol": "HUBB",
    "eps": 2.22,
    "epsEstimated": 2.1,
    "time": "bmo",
    "revenue": 1179700000,
    "revenueEstimated": 1115932432,
    "updatedFromDate": "2025-04-25",
    "fiscalDateEnding": "2018-09-30"
  },
  {
    "date": "2018-07-24",
    "symbol": "HUBB",
    "eps": 1.97,
    "epsEstimated": 1.79,
    "time": "bmo",
    "revenue": 1166700000,
    "revenueEstimated": 1060097969,
    "updatedFromDate": "2025-04-25",
    "fiscalDateEnding": "2018-06-30"
  },
  {
    "date": "2018-04-24",
    "symbol": "HUBB",
    "eps": 1.39,
    "epsEstimated": 1.38,
    "time": "bmo",
    "revenue": 991200000,
    "revenueEstimated": 969807194,
    "updatedFromDate": "2025-04-25",
    "fiscalDateEnding": "2018-03-31"
  },
  {
    "date": "2018-01-30",
    "symbol": "HUBB",
    "eps": 1.54,
    "epsEstimated": 1.42,
    "time": "bmo",
    "revenue": 917700000,
    "revenueEstimated": 868756000,
    "updatedFromDate": "2025-04-25",
    "fiscalDateEnding": "2017-12-31"
  },
  {
    "date": "2017-10-24",
    "symbol": "HUBB",
    "eps": 1.59,
    "epsEstimated": 1.5,
    "time": "bmo",
    "revenue": 950500000,
    "revenueEstimated": 969897959,
    "updatedFromDate": "2025-04-25",
    "fiscalDateEnding": "2017-09-30"
  },
  {
    "date": "2017-07-25",
    "symbol": "HUBB",
    "eps": 1.43,
    "epsEstimated": 1.41,
    "time": "bmo",
    "revenue": 948300000,
    "revenueEstimated": 935037062,
    "updatedFromDate": "2025-04-25",
    "fiscalDateEnding": "2017-06-30"
  },
  {
    "date": "2017-04-25",
    "symbol": "HUBB",
    "eps": 1.13,
    "epsEstimated": 1.11,
    "time": "bmo",
    "revenue": 852300000,
    "revenueEstimated": 837215044,
    "updatedFromDate": "2025-04-25",
    "fiscalDateEnding": "2017-03-31"
  },
  {
    "date": "2017-01-31",
    "symbol": "HUBB",
    "eps": 1.16,
    "epsEstimated": 1.23,
    "time": "bmo",
    "revenue": 854200000,
    "revenueEstimated": 905746551,
    "updatedFromDate": "2025-04-25",
    "fiscalDateEnding": "2016-12-31"
  },
  {
    "date": "2016-10-25",
    "symbol": "HUBB",
    "eps": 1.56,
    "epsEstimated": 1.5,
    "time": "bmo",
    "revenue": 907400000,
    "revenueEstimated": 872499999,
    "updatedFromDate": "2025-04-25",
    "fiscalDateEnding": "2016-09-30"
  },
  {
    "date": "2016-07-26",
    "symbol": "HUBB",
    "eps": 1.45,
    "epsEstimated": 1.43,
    "time": "bmo",
    "revenue": 908800000,
    "revenueEstimated": 896264827,
    "updatedFromDate": "2025-04-25",
    "fiscalDateEnding": "2016-06-30"
  }
]