[
  {
    "date": "2026-04-28",
    "symbol": "HUM",
    "eps": null,
    "epsEstimated": null,
    "time": "bmo",
    "revenue": null,
    "revenueEstimated": null,
    "updatedFromDate": "2025-10-02",
    "fiscalDateEnding": "2026-03-30"
  },
  {
    "date": "2026-02-09",
    "symbol": "HUM",
    "eps": null,
    "epsEstimated": null,
    "time": "bmo",
    "revenue": null,
    "revenueEstimated": null,
    "updatedFromDate": "2025-10-02",
    "fiscalDateEnding": "2025-12-30"
  },
  {
    "date": "2025-11-05",
    "symbol": "HUM",
    "eps": null,
    "epsEstimated": 2.88,
    "time": "bmo",
    "revenue": null,
    "revenueEstimated": 31990675480,
    "updatedFromDate": "2025-10-02",
    "fiscalDateEnding": "2025-09-30"
  },
  {
    "date": "2025-07-30",
    "symbol": "HUM",
    "eps": 6.27,
    "epsEstimated": 5.92,
    "time": "bmo",
    "revenue": 32388000000,
    "revenueEstimated": 31871526252,
    "updatedFromDate": "2025-10-02",
    "fiscalDateEnding": "2025-06-30"
  },
  {
    "date": "2025-04-30",
    "symbol": "HUM",
    "eps": 11.58,
    "epsEstimated": 10.07,
    "time": "bmo",
    "revenue": 32112000000,
    "revenueEstimated": 32199258298,
    "updatedFromDate": "2025-07-30",
    "fiscalDateEnding": "2025-03-31"
  },
  {
    "date": "2025-02-11",
    "symbol": "HUM",
    "eps": -2.16,
    "epsEstimated": -2.23,
    "time": "bmo",
    "revenue": 29213000000,
    "revenueEstimated": 28808962501,
    "updatedFromDate": "2025-05-11",
    "fiscalDateEnding": "2024-12-31"
  },
  {
    "date": "2024-10-30",
    "symbol": "HUM",
    "eps": 4.16,
    "epsEstimated": 3.4,
    "time": "bmo",
    "revenue": 29397000000,
    "revenueEstimated": 28679920829,
    "updatedFromDate": "2025-04-14",
    "fiscalDateEnding": "2024-09-30"
  },
  {
    "date": "2024-07-31",
    "symbol": "HUM",
    "eps": 6.96,
    "epsEstimated": 5.85,
    "time": "bmo",
    "revenue": 29540000000,
    "revenueEstimated": 28524671737,
    "updatedFromDate": "2025-04-14",
    "fiscalDateEnding": "2024-06-30"
  },
  {
    "date": "2024-04-24",
    "symbol": "HUM",
    "eps": 7.23,
    "epsEstimated": 6.12,
    "time": "bmo",
    "revenue": 29611000000,
    "revenueEstimated": 28522892977,
    "updatedFromDate": "2025-04-14",
    "fiscalDateEnding": "2024-03-31"
  },
  {
    "date": "2024-01-25",
    "symbol": "HUM",
    "eps": -0.11,
    "epsEstimated": -0.07,
    "time": "bmo",
    "revenue": 26462000000,
    "revenueEstimated": 25539600000,
    "updatedFromDate": "2025-04-14",
    "fiscalDateEnding": "2023-12-31"
  },
  {
    "date": "2023-11-01",
    "symbol": "HUM",
    "eps": 7.78,
    "epsEstimated": 7.16,
    "time": "bmo",
    "revenue": 26423000000,
    "revenueEstimated": 25554400000,
    "updatedFromDate": "2025-04-14",
    "fiscalDateEnding": "2023-09-30"
  },
  {
    "date": "2023-08-02",
    "symbol": "HUM",
    "eps": 8.94,
    "epsEstimated": 8.82,
    "time": "bmo",
    "revenue": 26747000000,
    "revenueEstimated": 26229000000,
    "updatedFromDate": "2025-04-14",
    "fiscalDateEnding": "2023-06-30"
  },
  {
    "date": "2023-04-26",
    "symbol": "HUM",
    "eps": 9.38,
    "epsEstimated": 9.27,
    "time": "bmo",
    "revenue": 26742000000,
    "revenueEstimated": 26194200000,
    "updatedFromDate": "2025-04-14",
    "fiscalDateEnding": "2023-03-31"
  },
  {
    "date": "2023-02-01",
    "symbol": "HUM",
    "eps": 1.62,
    "epsEstimated": 1.46,
    "time": "bmo",
    "revenue": 22439000000,
    "revenueEstimated": 22479091775,
    "updatedFromDate": "2025-04-14",
    "fiscalDateEnding": "2022-12-31"
  },
  {
    "date": "2022-11-02",
    "symbol": "HUM",
    "eps": 6.88,
    "epsEstimated": 6.28,
    "time": "bmo",
    "revenue": 22799000000,
    "revenueEstimated": 22815157173,
    "updatedFromDate": "2025-04-14",
    "fiscalDateEnding": "2022-09-30"
  },
  {
    "date": "2022-07-27",
    "symbol": "HUM",
    "eps": 8.67,
    "epsEstimated": 7.67,
    "time": "bmo",
    "revenue": 23662000000,
    "revenueEstimated": 23446525106,
    "updatedFromDate": "2025-04-14",
    "fiscalDateEnding": "2022-06-30"
  },
  {
    "date": "2022-04-27",
    "symbol": "HUM",
    "eps": 8.04,
    "epsEstimated": 6.78,
    "time": "bmo",
    "revenue": 23970000000,
    "revenueEstimated": 23535751633,
    "updatedFromDate": "2025-04-14",
    "fiscalDateEnding": "2022-03-31"
  },
  {
    "date": "2022-02-02",
    "symbol": "HUM",
    "eps": 1.24,
    "epsEstimated": 1.23,
    "time": "bmo",
    "revenue": 21054000000,
    "revenueEstimated": 23379500000,
    "updatedFromDate": "2025-04-14",
    "fiscalDateEnding": "2021-12-31"
  },
  {
    "date": "2021-11-03",
    "symbol": "HUM",
    "eps": 4.83,
    "epsEstimated": 4.61,
    "time": "bmo",
    "revenue": 20697000000,
    "revenueEstimated": 20879000000,
    "updatedFromDate": "2025-04-14",
    "fiscalDateEnding": "2021-09-30"
  },
  {
    "date": "2021-07-28",
    "symbol": "HUM",
    "eps": 6.89,
    "epsEstimated": 6.86,
    "time": "bmo",
    "revenue": 20645000000,
    "revenueEstimated": 20861000000,
    "updatedFromDate": "2025-04-14",
    "fiscalDateEnding": "2021-06-30"
  },
  {
    "date": "2021-04-28",
    "symbol": "HUM",
    "eps": 7.67,
    "epsEstimated": 7.06,
    "time": "bmo",
    "revenue": 20668000000,
    "revenueEstimated": 18882237960,
    "updatedFromDate": "2025-04-14",
    "fiscalDateEnding": "2021-03-31"
  },
  {
    "date": "2021-02-03",
    "symbol": "HUM",
    "eps": -2.3,
    "epsEstimated": -2.35,
    "time": "bmo",
    "revenue": 19062000000,
    "revenueEstimated": 19625012658,
    "updatedFromDate": "2025-04-14",
    "fiscalDateEnding": "2020-12-31"
  },
  {
    "date": "2020-11-03",
    "symbol": "HUM",
    "eps": 3.08,
    "epsEstimated": 2.86,
    "time": "bmo",
    "revenue": 20075000000,
    "revenueEstimated": 116779220,
    "updatedFromDate": "2025-04-14",
    "fiscalDateEnding": "2020-09-30"
  },
  {
    "date": "2020-08-05",
    "symbol": "HUM",
    "eps": 12.56,
    "epsEstimated": 10.27,
    "time": "bmo",
    "revenue": 19083000000,
    "revenueEstimated": 15540734076,
    "updatedFromDate": "2025-04-14",
    "fiscalDateEnding": "2020-06-30"
  },
  {
    "date": "2020-04-29",
    "symbol": "HUM",
    "eps": 5.4,
    "epsEstimated": 4.84,
    "time": "bmo",
    "revenue": 18935000000,
    "revenueEstimated": 16281199999,
    "updatedFromDate": "2025-04-14",
    "fiscalDateEnding": "2020-03-31"
  },
  {
    "date": "2020-02-05",
    "symbol": "HUM",
    "eps": 2.28,
    "epsEstimated": 2.2,
    "time": "bmo",
    "revenue": 16295000000,
    "revenueEstimated": 15578508771,
    "updatedFromDate": "2025-04-14",
    "fiscalDateEnding": "2019-12-31"
  },
  {
    "date": "2019-11-06",
    "symbol": "HUM",
    "eps": 5.03,
    "epsEstimated": 4.58,
    "time": "bmo",
    "revenue": 16241000000,
    "revenueEstimated": 14664194831,
    "updatedFromDate": "2025-04-14",
    "fiscalDateEnding": "2019-09-30"
  },
  {
    "date": "2019-07-31",
    "symbol": "HUM",
    "eps": 6.05,
    "epsEstimated": 5.31,
    "time": "bmo",
    "revenue": 16245000000,
    "revenueEstimated": 14157952066,
    "updatedFromDate": "2025-04-14",
    "fiscalDateEnding": "2019-06-30"
  },
  {
    "date": "2019-05-01",
    "symbol": "HUM",
    "eps": 4.48,
    "epsEstimated": 4.3,
    "time": "bmo",
    "revenue": 16107000000,
    "revenueEstimated": 15362901785,
    "updatedFromDate": "2025-04-14",
    "fiscalDateEnding": "2019-03-31"
  },
  {
    "date": "2019-02-06",
    "symbol": "HUM",
    "eps": 2.65,
    "epsEstimated": 2.53,
    "time": "bmo",
    "revenue": 14168000000,
    "revenueEstimated": 13434777358,
    "updatedFromDate": "2025-04-14",
    "fiscalDateEnding": "2018-12-31"
  },
  {
    "date": "2018-11-07",
    "symbol": "HUM",
    "eps": 4.58,
    "epsEstimated": 4.26,
    "time": "bmo",
    "revenue": 14206000000,
    "revenueEstimated": 13108336244,
    "updatedFromDate": "2025-04-14",
    "fiscalDateEnding": "2018-09-30"
  },
  {
    "date": "2018-08-01",
    "symbol": "HUM",
    "eps": 3.96,
    "epsEstimated": 3.79,
    "time": "bmo",
    "revenue": 14259000000,
    "revenueEstimated": 13454318181,
    "updatedFromDate": "2025-04-14",
    "fiscalDateEnding": "2018-06-30"
  },
  {
    "date": "2018-05-02",
    "symbol": "HUM",
    "eps": 3.36,
    "epsEstimated": 3.19,
    "time": "bmo",
    "revenue": 14279000000,
    "revenueEstimated": 13422684523,
    "updatedFromDate": "2025-04-14",
    "fiscalDateEnding": "2018-03-31"
  },
  {
    "date": "2018-02-07",
    "symbol": "HUM",
    "eps": 2.06,
    "epsEstimated": 2,
    "time": "bmo",
    "revenue": 13189000000,
    "revenueEstimated": 12718446601,
    "updatedFromDate": "2025-04-14",
    "fiscalDateEnding": "2017-12-31"
  },
  {
    "date": "2017-11-08",
    "symbol": "HUM",
    "eps": 3.39,
    "epsEstimated": 3.27,
    "time": "bmo",
    "revenue": 13282000000,
    "revenueEstimated": 12711522123,
    "updatedFromDate": "2025-04-14",
    "fiscalDateEnding": "2017-09-30"
  },
  {
    "date": "2017-08-02",
    "symbol": "HUM",
    "eps": 3.49,
    "epsEstimated": 3.08,
    "time": "bmo",
    "revenue": 13534000000,
    "revenueEstimated": 11854911174,
    "updatedFromDate": "2025-04-14",
    "fiscalDateEnding": "2017-06-30"
  },
  {
    "date": "2017-05-03",
    "symbol": "HUM",
    "eps": 2.75,
    "epsEstimated": 2.55,
    "time": "bmo",
    "revenue": 13762000000,
    "revenueEstimated": 12410000000,
    "updatedFromDate": "2025-04-14",
    "fiscalDateEnding": "2017-03-31"
  },
  {
    "date": "2017-02-08",
    "symbol": "HUM",
    "eps": 2.09,
    "epsEstimated": 2.06,
    "time": "bmo",
    "revenue": 12878000000,
    "revenueEstimated": 12535406698,
    "updatedFromDate": "2025-04-14",
    "fiscalDateEnding": "2016-12-31"
  },
  {
    "date": "2016-11-04",
    "symbol": "HUM",
    "eps": 3.18,
    "epsEstimated": 3.15,
    "time": "bmo",
    "revenue": 13694000000,
    "revenueEstimated": 13469716981,
    "updatedFromDate": "2025-04-14",
    "fiscalDateEnding": "2016-09-30"
  },
  {
    "date": "2016-08-03",
    "symbol": "HUM",
    "eps": 2.3,
    "epsEstimated": 2.23,
    "time": "bmo",
    "revenue": 14007000000,
    "revenueEstimated": 13549078260,
    "updatedFromDate": "2025-04-14",
    "fiscalDateEnding": "2016-06-30"
  }
]