[
  {
    "date": "2026-04-29",
    "symbol": "HWM",
    "eps": null,
    "epsEstimated": null,
    "time": "bmo",
    "revenue": null,
    "revenueEstimated": null,
    "updatedFromDate": "2025-10-02",
    "fiscalDateEnding": "2026-03-30"
  },
  {
    "date": "2026-02-11",
    "symbol": "HWM",
    "eps": null,
    "epsEstimated": null,
    "time": "bmo",
    "revenue": null,
    "revenueEstimated": null,
    "updatedFromDate": "2025-10-02",
    "fiscalDateEnding": "2025-12-30"
  },
  {
    "date": "2025-11-05",
    "symbol": "HWM",
    "eps": null,
    "epsEstimated": 0.9,
    "time": "bmo",
    "revenue": null,
    "revenueEstimated": 2039976090,
    "updatedFromDate": "2025-10-02",
    "fiscalDateEnding": "2025-09-30"
  },
  {
    "date": "2025-07-31",
    "symbol": "HWM",
    "eps": 0.91,
    "epsEstimated": 0.872,
    "time": "bmo",
    "revenue": 2053000000,
    "revenueEstimated": 2006590886,
    "updatedFromDate": "2025-10-02",
    "fiscalDateEnding": "2025-06-30"
  },
  {
    "date": "2025-05-01",
    "symbol": "HWM",
    "eps": 0.86,
    "epsEstimated": 0.776,
    "time": "bmo",
    "revenue": 1942000000,
    "revenueEstimated": 1941251500,
    "updatedFromDate": "2025-08-01",
    "fiscalDateEnding": "2025-03-31"
  },
  {
    "date": "2025-02-13",
    "symbol": "HWM",
    "eps": 0.74,
    "epsEstimated": 0.71,
    "time": "bmo",
    "revenue": 1891000000,
    "revenueEstimated": 1879664403,
    "updatedFromDate": "2025-05-13",
    "fiscalDateEnding": "2024-12-31"
  },
  {
    "date": "2024-11-06",
    "symbol": "HWM",
    "eps": 0.71,
    "epsEstimated": 0.66,
    "time": "bmo",
    "revenue": 1835000000,
    "revenueEstimated": 1852345850,
    "updatedFromDate": "2025-04-24",
    "fiscalDateEnding": "2024-09-30"
  },
  {
    "date": "2024-07-30",
    "symbol": "HWM",
    "eps": 0.67,
    "epsEstimated": 0.6,
    "time": "bmo",
    "revenue": 1880000000,
    "revenueEstimated": 1834009444,
    "updatedFromDate": "2025-04-24",
    "fiscalDateEnding": "2024-06-30"
  },
  {
    "date": "2024-05-02",
    "symbol": "HWM",
    "eps": 0.57,
    "epsEstimated": 0.52,
    "time": "bmo",
    "revenue": 1824000000,
    "revenueEstimated": 1736423188,
    "updatedFromDate": "2025-04-24",
    "fiscalDateEnding": "2024-03-31"
  },
  {
    "date": "2024-02-13",
    "symbol": "HWM",
    "eps": 0.53,
    "epsEstimated": 0.47,
    "time": "bmo",
    "revenue": 1731000000,
    "revenueEstimated": 1652929177,
    "updatedFromDate": "2025-04-24",
    "fiscalDateEnding": "2023-12-31"
  },
  {
    "date": "2023-11-02",
    "symbol": "HWM",
    "eps": 0.46,
    "epsEstimated": 0.43,
    "time": "bmo",
    "revenue": 1658000000,
    "revenueEstimated": 1593980000,
    "updatedFromDate": "2025-04-24",
    "fiscalDateEnding": "2023-09-30"
  },
  {
    "date": "2023-08-01",
    "symbol": "HWM",
    "eps": 0.44,
    "epsEstimated": 0.43,
    "time": "bmo",
    "revenue": 1648000000,
    "revenueEstimated": 1609470000,
    "updatedFromDate": "2025-04-24",
    "fiscalDateEnding": "2023-06-30"
  },
  {
    "date": "2023-05-02",
    "symbol": "HWM",
    "eps": 0.42,
    "epsEstimated": 0.38,
    "time": "bmo",
    "revenue": 1603000000,
    "revenueEstimated": 1487880000,
    "updatedFromDate": "2025-04-24",
    "fiscalDateEnding": "2023-03-31"
  },
  {
    "date": "2023-02-14",
    "symbol": "HWM",
    "eps": 0.38,
    "epsEstimated": 0.38,
    "time": "bmo",
    "revenue": 1513000000,
    "revenueEstimated": 1466780300,
    "updatedFromDate": "2025-04-24",
    "fiscalDateEnding": "2022-12-31"
  },
  {
    "date": "2022-10-31",
    "symbol": "HWM",
    "eps": 0.36,
    "epsEstimated": 0.36,
    "time": "bmo",
    "revenue": 1433000000,
    "revenueEstimated": 1444271972,
    "updatedFromDate": "2025-04-24",
    "fiscalDateEnding": "2022-09-30"
  },
  {
    "date": "2022-08-04",
    "symbol": "HWM",
    "eps": 0.35,
    "epsEstimated": 0.33,
    "time": "bmo",
    "revenue": 1393000000,
    "revenueEstimated": 1367523273,
    "updatedFromDate": "2025-04-24",
    "fiscalDateEnding": "2022-06-30"
  },
  {
    "date": "2022-05-03",
    "symbol": "HWM",
    "eps": 0.31,
    "epsEstimated": 0.29,
    "time": "bmo",
    "revenue": 1324000000,
    "revenueEstimated": 1306261818,
    "updatedFromDate": "2025-04-24",
    "fiscalDateEnding": "2022-03-31"
  },
  {
    "date": "2022-02-02",
    "symbol": "HWM",
    "eps": 0.3,
    "epsEstimated": 0.29,
    "time": "bmo",
    "revenue": 1285000000,
    "revenueEstimated": 1310330545,
    "updatedFromDate": "2025-04-24",
    "fiscalDateEnding": "2021-12-31"
  },
  {
    "date": "2021-11-04",
    "symbol": "HWM",
    "eps": 0.27,
    "epsEstimated": 0.25,
    "time": "bmo",
    "revenue": 1283000000,
    "revenueEstimated": 1294410000,
    "updatedFromDate": "2025-04-24",
    "fiscalDateEnding": "2021-09-30"
  },
  {
    "date": "2021-08-04",
    "symbol": "HWM",
    "eps": 0.22,
    "epsEstimated": 0.22,
    "time": "bmo",
    "revenue": 1195000000,
    "revenueEstimated": 1195000000,
    "updatedFromDate": "2025-04-24",
    "fiscalDateEnding": "2021-06-30"
  },
  {
    "date": "2021-05-06",
    "symbol": "HWM",
    "eps": 0.22,
    "epsEstimated": 0.19,
    "time": "bmo",
    "revenue": 1209000000,
    "revenueEstimated": 1223250000,
    "updatedFromDate": "2025-04-24",
    "fiscalDateEnding": "2021-03-31"
  },
  {
    "date": "2021-02-03",
    "symbol": "HWM",
    "eps": 0.21,
    "epsEstimated": 0.17,
    "time": "bmo",
    "revenue": 1238000000,
    "revenueEstimated": 1228700000,
    "updatedFromDate": "2025-04-24",
    "fiscalDateEnding": "2020-12-31"
  },
  {
    "date": "2020-11-09",
    "symbol": "HWM",
    "eps": 0.03,
    "epsEstimated": 0.0475,
    "time": "bmo",
    "revenue": 1134000000,
    "revenueEstimated": 1428840000,
    "updatedFromDate": "2025-04-24",
    "fiscalDateEnding": "2020-09-30"
  },
  {
    "date": "2020-08-06",
    "symbol": "HWM",
    "eps": 0.32,
    "epsEstimated": 0.1627,
    "time": "bmo",
    "revenue": 1253000000,
    "revenueEstimated": 626500000,
    "updatedFromDate": "2025-04-24",
    "fiscalDateEnding": "2020-06-30"
  },
  {
    "date": "2020-05-05",
    "symbol": "HWM",
    "eps": 0.62,
    "epsEstimated": 0.44,
    "time": "bmo",
    "revenue": 3209000000,
    "revenueEstimated": 1159612903,
    "updatedFromDate": "2025-04-24",
    "fiscalDateEnding": "2020-03-31"
  },
  {
    "date": "2020-01-27",
    "symbol": "HWM",
    "eps": 0.53,
    "epsEstimated": 0.54,
    "time": "bmo",
    "revenue": 3401000000,
    "revenueEstimated": 3465169811,
    "updatedFromDate": "2025-04-24",
    "fiscalDateEnding": "2019-12-31"
  },
  {
    "date": "2019-11-05",
    "symbol": "HWM",
    "eps": 0.58,
    "epsEstimated": 0.52,
    "time": "bmo",
    "revenue": 3559000000,
    "revenueEstimated": 3190827586,
    "updatedFromDate": "2025-04-24",
    "fiscalDateEnding": "2019-09-30"
  },
  {
    "date": "2019-08-02",
    "symbol": "HWM",
    "eps": 0.58,
    "epsEstimated": 0.5,
    "time": "bmo",
    "revenue": 3691000000,
    "revenueEstimated": 1567241379,
    "updatedFromDate": "2025-04-24",
    "fiscalDateEnding": "2019-06-30"
  },
  {
    "date": "2019-04-30",
    "symbol": "HWM",
    "eps": 0.43,
    "epsEstimated": 0.39,
    "time": "bmo",
    "revenue": 3541000000,
    "revenueEstimated": 3211604651,
    "updatedFromDate": "2025-04-24",
    "fiscalDateEnding": "2019-03-31"
  },
  {
    "date": "2019-02-08",
    "symbol": "HWM",
    "eps": 0.33,
    "epsEstimated": 0.3,
    "time": "bmo",
    "revenue": 3472000000,
    "revenueEstimated": 3156363636,
    "updatedFromDate": "2025-04-24",
    "fiscalDateEnding": "2018-12-31"
  },
  {
    "date": "2018-10-30",
    "symbol": "HWM",
    "eps": 0.32,
    "epsEstimated": 0.3,
    "time": "bmo",
    "revenue": 3524000000,
    "revenueEstimated": 3303750000,
    "updatedFromDate": "2025-04-24",
    "fiscalDateEnding": "2018-09-30"
  },
  {
    "date": "2018-07-31",
    "symbol": "HWM",
    "eps": 0.37,
    "epsEstimated": 0.29,
    "time": "bmo",
    "revenue": 3573000000,
    "revenueEstimated": 2800459459,
    "updatedFromDate": "2025-04-24",
    "fiscalDateEnding": "2018-06-30"
  },
  {
    "date": "2018-04-30",
    "symbol": "HWM",
    "eps": 0.34,
    "epsEstimated": 0.33,
    "time": "bmo",
    "revenue": 3445000000,
    "revenueEstimated": 3343676470,
    "updatedFromDate": "2025-04-24",
    "fiscalDateEnding": "2018-03-31"
  },
  {
    "date": "2018-02-05",
    "symbol": "HWM",
    "eps": 0.31,
    "epsEstimated": 0.24,
    "time": "bmo",
    "revenue": 3271000000,
    "revenueEstimated": 2532387096,
    "updatedFromDate": "2025-04-24",
    "fiscalDateEnding": "2017-12-31"
  },
  {
    "date": "2017-10-23",
    "symbol": "HWM",
    "eps": 0.26,
    "epsEstimated": 0.27,
    "time": "bmo",
    "revenue": 3236000000,
    "revenueEstimated": 3360461538,
    "updatedFromDate": "2025-04-24",
    "fiscalDateEnding": "2017-09-30"
  },
  {
    "date": "2017-07-24",
    "symbol": "HWM",
    "eps": 0.32,
    "epsEstimated": 0.26,
    "time": "bmo",
    "revenue": 3261000000,
    "revenueEstimated": 2649562500,
    "updatedFromDate": "2025-04-24",
    "fiscalDateEnding": "2017-06-30"
  },
  {
    "date": "2017-04-25",
    "symbol": "HWM",
    "eps": 0.33,
    "epsEstimated": 0.24,
    "time": "bmo",
    "revenue": 3192000000,
    "revenueEstimated": 2321454545,
    "updatedFromDate": "2025-04-24",
    "fiscalDateEnding": "2017-03-31"
  },
  {
    "date": "2017-01-31",
    "symbol": "HWM",
    "eps": 0.12,
    "epsEstimated": 0.13,
    "time": "bmo",
    "revenue": 2967000000,
    "revenueEstimated": 3316083333,
    "updatedFromDate": "2025-04-24",
    "fiscalDateEnding": "2016-12-31"
  },
  {
    "date": "2016-10-11",
    "symbol": "HWM",
    "eps": 0.32,
    "epsEstimated": 0.35,
    "time": "bmo",
    "revenue": 3138000000,
    "revenueEstimated": 16903906250,
    "updatedFromDate": "2025-04-24",
    "fiscalDateEnding": "2016-09-30"
  },
  {
    "date": "2016-07-11",
    "symbol": "HWM",
    "eps": 0.45,
    "epsEstimated": 0.28,
    "time": "bmo",
    "revenue": 3234000000,
    "revenueEstimated": null,
    "updatedFromDate": "2025-04-24",
    "fiscalDateEnding": "2016-06-30"
  }
]