[
  {
    "date": "2026-04-13",
    "symbol": "IBKR",
    "eps": null,
    "epsEstimated": null,
    "time": "amc",
    "revenue": null,
    "revenueEstimated": null,
    "updatedFromDate": "2025-06-30",
    "fiscalDateEnding": "2026-03-31"
  },
  {
    "date": "2026-01-19",
    "symbol": "IBKR",
    "eps": null,
    "epsEstimated": null,
    "time": "amc",
    "revenue": null,
    "revenueEstimated": null,
    "updatedFromDate": "2025-10-02",
    "fiscalDateEnding": "2025-12-30"
  },
  {
    "date": "2025-10-16",
    "symbol": "IBKR",
    "eps": null,
    "epsEstimated": 0.49,
    "time": "amc",
    "revenue": null,
    "revenueEstimated": 1472498250,
    "updatedFromDate": "2025-10-02",
    "fiscalDateEnding": "2025-09-30"
  },
  {
    "date": "2025-07-17",
    "symbol": "IBKR",
    "eps": 0.51,
    "epsEstimated": 0.4713,
    "time": "amc",
    "revenue": 2469000000,
    "revenueEstimated": 1373702767,
    "updatedFromDate": "2025-10-02",
    "fiscalDateEnding": "2025-06-30"
  },
  {
    "date": "2025-04-15",
    "symbol": "IBKR",
    "eps": 0.47,
    "epsEstimated": 0.4809,
    "time": "amc",
    "revenue": 1427000000,
    "revenueEstimated": 1408912142,
    "updatedFromDate": "2025-07-14",
    "fiscalDateEnding": "2025-03-31"
  },
  {
    "date": "2025-01-21",
    "symbol": "IBKR",
    "eps": 0.5075,
    "epsEstimated": 0.46,
    "time": "amc",
    "revenue": 1387000000,
    "revenueEstimated": 1354825038,
    "updatedFromDate": "2025-02-04",
    "fiscalDateEnding": "2024-12-31"
  },
  {
    "date": "2024-10-15",
    "symbol": "IBKR",
    "eps": 0.4375,
    "epsEstimated": 0.455,
    "time": "amc",
    "revenue": 1365000000,
    "revenueEstimated": 1336849069,
    "updatedFromDate": "2025-01-14",
    "fiscalDateEnding": "2024-09-30"
  },
  {
    "date": "2024-07-16",
    "symbol": "IBKR",
    "eps": 0.44,
    "epsEstimated": 0.435,
    "time": "amc",
    "revenue": 1250000000,
    "revenueEstimated": 1272659393,
    "updatedFromDate": "2025-06-30",
    "fiscalDateEnding": "2024-06-30"
  },
  {
    "date": "2024-04-16",
    "symbol": "IBKR",
    "eps": 0.41,
    "epsEstimated": 0.4075,
    "time": "amc",
    "revenue": 1205000000,
    "revenueEstimated": 1204841923,
    "updatedFromDate": "2025-06-30",
    "fiscalDateEnding": "2024-03-31"
  },
  {
    "date": "2024-01-16",
    "symbol": "IBKR",
    "eps": 0.38,
    "epsEstimated": 0.38,
    "time": "amc",
    "revenue": 1148000000,
    "revenueEstimated": 1145540000,
    "updatedFromDate": "2025-06-30",
    "fiscalDateEnding": "2023-12-31"
  },
  {
    "date": "2023-10-17",
    "symbol": "IBKR",
    "eps": 0.39,
    "epsEstimated": 0.37,
    "time": "amc",
    "revenue": 1162000000,
    "revenueEstimated": 1111380000,
    "updatedFromDate": "2025-06-30",
    "fiscalDateEnding": "2023-09-30"
  },
  {
    "date": "2023-07-18",
    "symbol": "IBKR",
    "eps": 0.33,
    "epsEstimated": 0.35,
    "time": "amc",
    "revenue": 1055000000,
    "revenueEstimated": 1057210000,
    "updatedFromDate": "2025-06-30",
    "fiscalDateEnding": "2023-06-30"
  },
  {
    "date": "2023-04-18",
    "symbol": "IBKR",
    "eps": 0.34,
    "epsEstimated": 0.35,
    "time": "amc",
    "revenue": 1055000000,
    "revenueEstimated": 1076570000,
    "updatedFromDate": "2025-06-30",
    "fiscalDateEnding": "2023-03-31"
  },
  {
    "date": "2023-01-17",
    "symbol": "IBKR",
    "eps": 0.32,
    "epsEstimated": 0.29,
    "time": "amc",
    "revenue": 965000000,
    "revenueEstimated": 924166667,
    "updatedFromDate": "2025-06-30",
    "fiscalDateEnding": "2022-12-31"
  },
  {
    "date": "2022-10-18",
    "symbol": "IBKR",
    "eps": 0.27,
    "epsEstimated": 0.25,
    "time": "amc",
    "revenue": 830000000,
    "revenueEstimated": 797574000,
    "updatedFromDate": "2025-06-30",
    "fiscalDateEnding": "2022-09-30"
  },
  {
    "date": "2022-07-19",
    "symbol": "IBKR",
    "eps": 0.21,
    "epsEstimated": 0.23,
    "time": "amc",
    "revenue": 709000000,
    "revenueEstimated": 739632500,
    "updatedFromDate": "2025-06-30",
    "fiscalDateEnding": "2022-06-30"
  },
  {
    "date": "2022-04-19",
    "symbol": "IBKR",
    "eps": 0.2,
    "epsEstimated": 0.21,
    "time": "amc",
    "revenue": 663000000,
    "revenueEstimated": 701653800,
    "updatedFromDate": "2025-06-30",
    "fiscalDateEnding": "2022-03-31"
  },
  {
    "date": "2022-01-18",
    "symbol": "IBKR",
    "eps": 0.21,
    "epsEstimated": 0.2,
    "time": "amc",
    "revenue": 626000000,
    "revenueEstimated": 700120000,
    "updatedFromDate": "2025-06-30",
    "fiscalDateEnding": "2021-12-31"
  },
  {
    "date": "2021-10-19",
    "symbol": "IBKR",
    "eps": 0.19,
    "epsEstimated": 0.19,
    "time": "amc",
    "revenue": 467000000,
    "revenueEstimated": 609820000,
    "updatedFromDate": "2025-06-30",
    "fiscalDateEnding": "2021-09-30"
  },
  {
    "date": "2021-07-20",
    "symbol": "IBKR",
    "eps": 0.2,
    "epsEstimated": 0.21,
    "time": "amc",
    "revenue": 763000000,
    "revenueEstimated": 609820000,
    "updatedFromDate": "2025-06-30",
    "fiscalDateEnding": "2021-06-30"
  },
  {
    "date": "2021-04-20",
    "symbol": "IBKR",
    "eps": 0.25,
    "epsEstimated": 0.22,
    "time": "amc",
    "revenue": 895000000,
    "revenueEstimated": 632180000,
    "updatedFromDate": "2025-06-30",
    "fiscalDateEnding": "2021-03-31"
  },
  {
    "date": "2021-01-19",
    "symbol": "IBKR",
    "eps": 0.17,
    "epsEstimated": 0.15,
    "time": "amc",
    "revenue": 612000000,
    "revenueEstimated": 442661016,
    "updatedFromDate": "2025-06-30",
    "fiscalDateEnding": "2020-12-31"
  },
  {
    "date": "2020-10-20",
    "symbol": "IBKR",
    "eps": 0.13,
    "epsEstimated": 0.13,
    "time": "amc",
    "revenue": 521000000,
    "revenueEstimated": 568679245,
    "updatedFromDate": "2025-06-30",
    "fiscalDateEnding": "2020-09-30"
  },
  {
    "date": "2020-07-21",
    "symbol": "IBKR",
    "eps": 0.14,
    "epsEstimated": 0.08,
    "time": "amc",
    "revenue": 523000000,
    "revenueEstimated": 454781250,
    "updatedFromDate": "2025-06-30",
    "fiscalDateEnding": "2020-06-30"
  },
  {
    "date": "2020-04-21",
    "symbol": "IBKR",
    "eps": 0.17,
    "epsEstimated": 0.17,
    "time": "amc",
    "revenue": 581000000,
    "revenueEstimated": 643710144,
    "updatedFromDate": "2025-06-30",
    "fiscalDateEnding": "2020-03-31"
  },
  {
    "date": "2020-01-21",
    "symbol": "IBKR",
    "eps": 0.14,
    "epsEstimated": 0.61,
    "time": "amc",
    "revenue": 486000000,
    "revenueEstimated": 672070175,
    "updatedFromDate": "2025-06-30",
    "fiscalDateEnding": "2019-12-31"
  },
  {
    "date": "2019-10-15",
    "symbol": "IBKR",
    "eps": 0.11,
    "epsEstimated": 0.49,
    "time": "amc",
    "revenue": 513000000,
    "revenueEstimated": 758955555,
    "updatedFromDate": "2025-06-30",
    "fiscalDateEnding": "2019-09-30"
  },
  {
    "date": "2019-07-16",
    "symbol": "IBKR",
    "eps": 0.11,
    "epsEstimated": 0.12,
    "time": "amc",
    "revenue": 419000000,
    "revenueEstimated": 803627906,
    "updatedFromDate": "2025-06-30",
    "fiscalDateEnding": "2019-06-30"
  },
  {
    "date": "2019-04-16",
    "symbol": "IBKR",
    "eps": 0.16,
    "epsEstimated": 0.11,
    "time": "amc",
    "revenue": 577000000,
    "revenueEstimated": 515921875,
    "updatedFromDate": "2025-06-30",
    "fiscalDateEnding": "2019-03-31"
  },
  {
    "date": "2019-01-22",
    "symbol": "IBKR",
    "eps": 0.14,
    "epsEstimated": 0.15,
    "time": "amc",
    "revenue": 472000000,
    "revenueEstimated": 681701754,
    "updatedFromDate": "2025-06-30",
    "fiscalDateEnding": "2018-12-31"
  },
  {
    "date": "2018-10-16",
    "symbol": "IBKR",
    "eps": 0.13,
    "epsEstimated": 0.12,
    "time": "amc",
    "revenue": 463000000,
    "revenueEstimated": 566666666,
    "updatedFromDate": "2025-06-30",
    "fiscalDateEnding": "2018-09-30"
  },
  {
    "date": "2018-07-17",
    "symbol": "IBKR",
    "eps": 0.14,
    "epsEstimated": 0.13,
    "time": "amc",
    "revenue": 466000000,
    "revenueEstimated": 593974358,
    "updatedFromDate": "2025-06-30",
    "fiscalDateEnding": "2018-06-30"
  },
  {
    "date": "2018-04-17",
    "symbol": "IBKR",
    "eps": 0.16,
    "epsEstimated": 0.14,
    "time": "amc",
    "revenue": 489000000,
    "revenueEstimated": 527369230,
    "updatedFromDate": "2025-06-30",
    "fiscalDateEnding": "2018-03-31"
  },
  {
    "date": "2018-01-16",
    "symbol": "IBKR",
    "eps": 0.11,
    "epsEstimated": 0.1,
    "time": "amc",
    "revenue": 507000000,
    "revenueEstimated": 846855000,
    "updatedFromDate": "2025-06-30",
    "fiscalDateEnding": "2017-12-31"
  },
  {
    "date": "2017-10-17",
    "symbol": "IBKR",
    "eps": 0.11,
    "epsEstimated": 0.09,
    "time": "amc",
    "revenue": 389000000,
    "revenueEstimated": 402976744,
    "updatedFromDate": "2025-06-30",
    "fiscalDateEnding": "2017-09-30"
  },
  {
    "date": "2017-07-18",
    "symbol": "IBKR",
    "eps": 0.08,
    "epsEstimated": 0.08,
    "time": "amc",
    "revenue": 358000000,
    "revenueEstimated": 369097560,
    "updatedFromDate": "2025-06-30",
    "fiscalDateEnding": "2017-06-30"
  },
  {
    "date": "2017-04-18",
    "symbol": "IBKR",
    "eps": 0.09,
    "epsEstimated": 0.1,
    "time": "amc",
    "revenue": 325000000,
    "revenueEstimated": 349050000,
    "updatedFromDate": "2025-06-30",
    "fiscalDateEnding": "2017-03-31"
  },
  {
    "date": "2017-01-17",
    "symbol": "IBKR",
    "eps": 0.02,
    "epsEstimated": 0.08,
    "time": "amc",
    "revenue": 345000000,
    "revenueEstimated": 228437500,
    "updatedFromDate": "2025-06-30",
    "fiscalDateEnding": "2016-12-31"
  },
  {
    "date": "2016-10-18",
    "symbol": "IBKR",
    "eps": 0.08,
    "epsEstimated": 0.08,
    "time": "amc",
    "revenue": 334000000,
    "revenueEstimated": 402600000,
    "updatedFromDate": "2025-06-30",
    "fiscalDateEnding": "2016-09-30"
  },
  {
    "date": "2016-07-19",
    "symbol": "IBKR",
    "eps": 0.1,
    "epsEstimated": 0.09,
    "time": "amc",
    "revenue": 352000000,
    "revenueEstimated": 376250000,
    "updatedFromDate": "2025-06-30",
    "fiscalDateEnding": "2016-06-30"
  }
]