[
  {
    "date": "2026-04-21",
    "symbol": "IBM",
    "eps": null,
    "epsEstimated": null,
    "time": "amc",
    "revenue": null,
    "revenueEstimated": null,
    "updatedFromDate": "2025-10-02",
    "fiscalDateEnding": "2026-03-30"
  },
  {
    "date": "2026-01-27",
    "symbol": "IBM",
    "eps": null,
    "epsEstimated": null,
    "time": "amc",
    "revenue": null,
    "revenueEstimated": null,
    "updatedFromDate": "2025-10-02",
    "fiscalDateEnding": "2025-12-30"
  },
  {
    "date": "2025-10-22",
    "symbol": "IBM",
    "eps": null,
    "epsEstimated": 2.43,
    "time": "bmo",
    "revenue": null,
    "revenueEstimated": 16103566460,
    "updatedFromDate": "2025-10-02",
    "fiscalDateEnding": "2025-09-30"
  },
  {
    "date": "2025-07-23",
    "symbol": "IBM",
    "eps": 2.8,
    "epsEstimated": 2.65,
    "time": "amc",
    "revenue": 16977000000,
    "revenueEstimated": 16588713381,
    "updatedFromDate": "2025-10-02",
    "fiscalDateEnding": "2025-06-30"
  },
  {
    "date": "2025-04-23",
    "symbol": "IBM",
    "eps": 1.6,
    "epsEstimated": 1.42,
    "time": "amc",
    "revenue": 14541000000,
    "revenueEstimated": 14389983103,
    "updatedFromDate": "2025-07-22",
    "fiscalDateEnding": "2025-03-31"
  },
  {
    "date": "2025-01-29",
    "symbol": "IBM",
    "eps": 3.92,
    "epsEstimated": 3.77,
    "time": "amc",
    "revenue": 17553000000,
    "revenueEstimated": 17558118097,
    "updatedFromDate": "2025-04-29",
    "fiscalDateEnding": "2024-12-31"
  },
  {
    "date": "2024-10-23",
    "symbol": "IBM",
    "eps": 2.3,
    "epsEstimated": 2.22,
    "time": "amc",
    "revenue": 14967000000,
    "revenueEstimated": 15077782623,
    "updatedFromDate": "2025-04-25",
    "fiscalDateEnding": "2024-09-30"
  },
  {
    "date": "2024-07-24",
    "symbol": "IBM",
    "eps": 2.43,
    "epsEstimated": 2.2,
    "time": "amc",
    "revenue": 15769000000,
    "revenueEstimated": 15623212962,
    "updatedFromDate": "2025-04-25",
    "fiscalDateEnding": "2024-06-30"
  },
  {
    "date": "2024-04-24",
    "symbol": "IBM",
    "eps": 1.68,
    "epsEstimated": 1.6,
    "time": "amc",
    "revenue": 14461000000,
    "revenueEstimated": 14550696967,
    "updatedFromDate": "2025-04-25",
    "fiscalDateEnding": "2024-03-31"
  },
  {
    "date": "2024-01-24",
    "symbol": "IBM",
    "eps": 3.87,
    "epsEstimated": 3.78,
    "time": "amc",
    "revenue": 17380000000,
    "revenueEstimated": 17298500000,
    "updatedFromDate": "2025-04-25",
    "fiscalDateEnding": "2023-12-31"
  },
  {
    "date": "2023-10-25",
    "symbol": "IBM",
    "eps": 2.2,
    "epsEstimated": 2.13,
    "time": "amc",
    "revenue": 14752000000,
    "revenueEstimated": 13905300000,
    "updatedFromDate": "2025-04-25",
    "fiscalDateEnding": "2023-09-30"
  },
  {
    "date": "2023-07-19",
    "symbol": "IBM",
    "eps": 2.18,
    "epsEstimated": 2.01,
    "time": "amc",
    "revenue": 15475000000,
    "revenueEstimated": 14801100000,
    "updatedFromDate": "2025-04-25",
    "fiscalDateEnding": "2023-06-30"
  },
  {
    "date": "2023-04-19",
    "symbol": "IBM",
    "eps": 1.36,
    "epsEstimated": 1.27,
    "time": "amc",
    "revenue": 14252000000,
    "revenueEstimated": 14345300000,
    "updatedFromDate": "2025-04-25",
    "fiscalDateEnding": "2023-03-31"
  },
  {
    "date": "2023-01-25",
    "symbol": "IBM",
    "eps": 3.6,
    "epsEstimated": 3.6,
    "time": "amc",
    "revenue": 16691000000,
    "revenueEstimated": 16150553131,
    "updatedFromDate": "2025-04-25",
    "fiscalDateEnding": "2022-12-31"
  },
  {
    "date": "2022-10-19",
    "symbol": "IBM",
    "eps": 1.81,
    "epsEstimated": 1.78,
    "time": "amc",
    "revenue": 14106000000,
    "revenueEstimated": 13516538653,
    "updatedFromDate": "2025-04-25",
    "fiscalDateEnding": "2022-09-30"
  },
  {
    "date": "2022-07-18",
    "symbol": "IBM",
    "eps": 2.31,
    "epsEstimated": 2.29,
    "time": "amc",
    "revenue": 15535000000,
    "revenueEstimated": 15083565248,
    "updatedFromDate": "2025-04-25",
    "fiscalDateEnding": "2022-06-30"
  },
  {
    "date": "2022-04-19",
    "symbol": "IBM",
    "eps": 1.4,
    "epsEstimated": 1.34,
    "time": "amc",
    "revenue": 14197000000,
    "revenueEstimated": 13777103015,
    "updatedFromDate": "2025-04-25",
    "fiscalDateEnding": "2022-03-31"
  },
  {
    "date": "2022-01-24",
    "symbol": "IBM",
    "eps": 3.35,
    "epsEstimated": 3.3,
    "time": "amc",
    "revenue": 16695000000,
    "revenueEstimated": 13886500000,
    "updatedFromDate": "2025-04-25",
    "fiscalDateEnding": "2021-12-31"
  },
  {
    "date": "2021-10-20",
    "symbol": "IBM",
    "eps": 2.52,
    "epsEstimated": 2.49,
    "time": "amc",
    "revenue": 13251000000,
    "revenueEstimated": 17765600000,
    "updatedFromDate": "2025-04-25",
    "fiscalDateEnding": "2021-09-30"
  },
  {
    "date": "2021-07-19",
    "symbol": "IBM",
    "eps": 2.33,
    "epsEstimated": 2.25,
    "time": "amc",
    "revenue": 14218000000,
    "revenueEstimated": 18294000000,
    "updatedFromDate": "2025-04-25",
    "fiscalDateEnding": "2021-06-30"
  },
  {
    "date": "2021-04-19",
    "symbol": "IBM",
    "eps": 1.77,
    "epsEstimated": 1.67,
    "time": "bmo",
    "revenue": 13187000000,
    "revenueEstimated": 16206263803,
    "updatedFromDate": "2025-04-25",
    "fiscalDateEnding": "2021-03-31"
  },
  {
    "date": "2021-01-21",
    "symbol": "IBM",
    "eps": 2.07,
    "epsEstimated": 1.78,
    "time": "amc",
    "revenue": 20368000000,
    "revenueEstimated": 17181944134,
    "updatedFromDate": "2025-04-25",
    "fiscalDateEnding": "2020-12-31"
  },
  {
    "date": "2020-10-19",
    "symbol": "IBM",
    "eps": 2.58,
    "epsEstimated": 2.55,
    "time": "amc",
    "revenue": 17561000000,
    "revenueEstimated": 17559000000,
    "updatedFromDate": "2025-04-25",
    "fiscalDateEnding": "2020-09-30"
  },
  {
    "date": "2020-07-20",
    "symbol": "IBM",
    "eps": 2.18,
    "epsEstimated": 2.14,
    "time": "amc",
    "revenue": 18123000000,
    "revenueEstimated": 17291669724,
    "updatedFromDate": "2025-04-25",
    "fiscalDateEnding": "2020-06-30"
  },
  {
    "date": "2020-04-20",
    "symbol": "IBM",
    "eps": 1.84,
    "epsEstimated": 1.78,
    "time": "amc",
    "revenue": 17570000000,
    "revenueEstimated": 17189021739,
    "updatedFromDate": "2025-04-25",
    "fiscalDateEnding": "2020-03-31"
  },
  {
    "date": "2020-01-21",
    "symbol": "IBM",
    "eps": 4.71,
    "epsEstimated": 4.68,
    "time": "amc",
    "revenue": 21777000000,
    "revenueEstimated": 21638292993,
    "updatedFromDate": "2025-04-25",
    "fiscalDateEnding": "2019-12-31"
  },
  {
    "date": "2019-10-16",
    "symbol": "IBM",
    "eps": 2.68,
    "epsEstimated": 2.64,
    "time": "amc",
    "revenue": 18027000000,
    "revenueEstimated": 17960731343,
    "updatedFromDate": "2025-04-25",
    "fiscalDateEnding": "2019-09-30"
  },
  {
    "date": "2019-07-17",
    "symbol": "IBM",
    "eps": 3.17,
    "epsEstimated": 3.07,
    "time": "amc",
    "revenue": 19161000000,
    "revenueEstimated": 18556552050,
    "updatedFromDate": "2025-04-25",
    "fiscalDateEnding": "2019-06-30"
  },
  {
    "date": "2019-04-16",
    "symbol": "IBM",
    "eps": 2.25,
    "epsEstimated": 2.22,
    "time": "amc",
    "revenue": 18181000000,
    "revenueEstimated": 17939573333,
    "updatedFromDate": "2025-04-25",
    "fiscalDateEnding": "2019-03-31"
  },
  {
    "date": "2019-01-22",
    "symbol": "IBM",
    "eps": 4.87,
    "epsEstimated": 4.81,
    "time": "amc",
    "revenue": 21760000000,
    "revenueEstimated": 21537581108,
    "updatedFromDate": "2025-04-25",
    "fiscalDateEnding": "2018-12-31"
  },
  {
    "date": "2018-10-16",
    "symbol": "IBM",
    "eps": 3.42,
    "epsEstimated": 3.4,
    "time": "amc",
    "revenue": 18756000000,
    "revenueEstimated": 18646315789,
    "updatedFromDate": "2025-04-25",
    "fiscalDateEnding": "2018-09-30"
  },
  {
    "date": "2018-07-18",
    "symbol": "IBM",
    "eps": 3.08,
    "epsEstimated": 3.04,
    "time": "amc",
    "revenue": 20003000000,
    "revenueEstimated": 19743220779,
    "updatedFromDate": "2025-04-25",
    "fiscalDateEnding": "2018-06-30"
  },
  {
    "date": "2018-04-17",
    "symbol": "IBM",
    "eps": 2.45,
    "epsEstimated": 2.4,
    "time": "amc",
    "revenue": 19071000000,
    "revenueEstimated": 18838465306,
    "updatedFromDate": "2025-04-25",
    "fiscalDateEnding": "2018-03-31"
  },
  {
    "date": "2018-01-18",
    "symbol": "IBM",
    "eps": 5.18,
    "epsEstimated": 5.17,
    "time": "amc",
    "revenue": 22543000000,
    "revenueEstimated": 22498482625,
    "updatedFromDate": "2025-04-25",
    "fiscalDateEnding": "2017-12-31"
  },
  {
    "date": "2017-10-17",
    "symbol": "IBM",
    "eps": 3.3,
    "epsEstimated": 3.28,
    "time": "amc",
    "revenue": 19153000000,
    "revenueEstimated": 19036921212,
    "updatedFromDate": "2025-04-25",
    "fiscalDateEnding": "2017-09-30"
  },
  {
    "date": "2017-07-18",
    "symbol": "IBM",
    "eps": 2.79,
    "epsEstimated": 2.74,
    "time": "amc",
    "revenue": 19289000000,
    "revenueEstimated": 17795239057,
    "updatedFromDate": "2025-04-25",
    "fiscalDateEnding": "2017-06-30"
  },
  {
    "date": "2017-04-18",
    "symbol": "IBM",
    "eps": 2.38,
    "epsEstimated": 2.35,
    "time": "amc",
    "revenue": 18155000000,
    "revenueEstimated": 17926155462,
    "updatedFromDate": "2025-04-25",
    "fiscalDateEnding": "2017-03-31"
  },
  {
    "date": "2017-01-19",
    "symbol": "IBM",
    "eps": 5.01,
    "epsEstimated": 4.88,
    "time": "amc",
    "revenue": 21771000000,
    "revenueEstimated": 21205109780,
    "updatedFromDate": "2025-04-25",
    "fiscalDateEnding": "2016-12-31"
  },
  {
    "date": "2016-10-17",
    "symbol": "IBM",
    "eps": 3.29,
    "epsEstimated": 3.23,
    "time": "amc",
    "revenue": 19227000000,
    "revenueEstimated": 18875373860,
    "updatedFromDate": "2025-04-25",
    "fiscalDateEnding": "2016-09-30"
  },
  {
    "date": "2016-07-18",
    "symbol": "IBM",
    "eps": 2.95,
    "epsEstimated": 2.89,
    "time": "amc",
    "revenue": 20239000000,
    "revenueEstimated": 19826379661,
    "updatedFromDate": "2025-04-25",
    "fiscalDateEnding": "2016-06-30"
  }
]