[
  {
    "date": "2026-04-29",
    "symbol": "ICE",
    "eps": null,
    "epsEstimated": null,
    "time": "bmo",
    "revenue": null,
    "revenueEstimated": null,
    "updatedFromDate": "2025-10-02",
    "fiscalDateEnding": "2026-03-30"
  },
  {
    "date": "2026-02-04",
    "symbol": "ICE",
    "eps": null,
    "epsEstimated": null,
    "time": "bmo",
    "revenue": null,
    "revenueEstimated": null,
    "updatedFromDate": "2025-10-02",
    "fiscalDateEnding": "2025-12-30"
  },
  {
    "date": "2025-10-30",
    "symbol": "ICE",
    "eps": null,
    "epsEstimated": 1.71,
    "time": "bmo",
    "revenue": null,
    "revenueEstimated": 2489138300,
    "updatedFromDate": "2025-10-02",
    "fiscalDateEnding": "2025-09-30"
  },
  {
    "date": "2025-07-31",
    "symbol": "ICE",
    "eps": 1.81,
    "epsEstimated": 1.77,
    "time": "bmo",
    "revenue": 3262000000,
    "revenueEstimated": 2536840968,
    "updatedFromDate": "2025-10-02",
    "fiscalDateEnding": "2025-06-30"
  },
  {
    "date": "2025-05-01",
    "symbol": "ICE",
    "eps": 1.72,
    "epsEstimated": 1.7,
    "time": "bmo",
    "revenue": 3229000000,
    "revenueEstimated": 2460126342,
    "updatedFromDate": "2025-08-01",
    "fiscalDateEnding": "2025-03-31"
  },
  {
    "date": "2025-02-06",
    "symbol": "ICE",
    "eps": 1.52,
    "epsEstimated": 1.53,
    "time": "bmo",
    "revenue": 3030000000,
    "revenueEstimated": 2327746558,
    "updatedFromDate": "2025-05-06",
    "fiscalDateEnding": "2024-12-31"
  },
  {
    "date": "2024-10-31",
    "symbol": "ICE",
    "eps": 1.55,
    "epsEstimated": 1.55,
    "time": "bmo",
    "revenue": 3033000000,
    "revenueEstimated": 2353689269,
    "updatedFromDate": "2025-04-25",
    "fiscalDateEnding": "2024-09-30"
  },
  {
    "date": "2024-08-01",
    "symbol": "ICE",
    "eps": 1.52,
    "epsEstimated": 1.49,
    "time": "bmo",
    "revenue": 2756000000,
    "revenueEstimated": 2311966350,
    "updatedFromDate": "2025-04-25",
    "fiscalDateEnding": "2024-06-30"
  },
  {
    "date": "2024-05-02",
    "symbol": "ICE",
    "eps": 1.48,
    "epsEstimated": 1.48,
    "time": "bmo",
    "revenue": 2731000000,
    "revenueEstimated": 2310805333,
    "updatedFromDate": "2025-04-25",
    "fiscalDateEnding": "2024-03-31"
  },
  {
    "date": "2024-02-08",
    "symbol": "ICE",
    "eps": 1.33,
    "epsEstimated": 1.29,
    "time": "bmo",
    "revenue": 2666000000,
    "revenueEstimated": 2203643090,
    "updatedFromDate": "2025-04-25",
    "fiscalDateEnding": "2023-12-31"
  },
  {
    "date": "2023-11-02",
    "symbol": "ICE",
    "eps": 1.46,
    "epsEstimated": 1.4,
    "time": "bmo",
    "revenue": 2429000000,
    "revenueEstimated": 1906790000,
    "updatedFromDate": "2025-04-25",
    "fiscalDateEnding": "2023-09-30"
  },
  {
    "date": "2023-08-03",
    "symbol": "ICE",
    "eps": 1.43,
    "epsEstimated": 1.37,
    "time": "bmo",
    "revenue": 2336000000,
    "revenueEstimated": 1891600000,
    "updatedFromDate": "2025-04-25",
    "fiscalDateEnding": "2023-06-30"
  },
  {
    "date": "2023-05-04",
    "symbol": "ICE",
    "eps": 1.41,
    "epsEstimated": 1.4,
    "time": "bmo",
    "revenue": 2472000000,
    "revenueEstimated": 1900970000,
    "updatedFromDate": "2025-04-25",
    "fiscalDateEnding": "2023-03-31"
  },
  {
    "date": "2023-02-02",
    "symbol": "ICE",
    "eps": 1.25,
    "epsEstimated": 1.26,
    "time": "bmo",
    "revenue": 2377000000,
    "revenueEstimated": 1784447965,
    "updatedFromDate": "2025-04-25",
    "fiscalDateEnding": "2022-12-31"
  },
  {
    "date": "2022-11-03",
    "symbol": "ICE",
    "eps": 1.31,
    "epsEstimated": 1.26,
    "time": "bmo",
    "revenue": 2387000000,
    "revenueEstimated": 1801810736,
    "updatedFromDate": "2025-04-25",
    "fiscalDateEnding": "2022-09-30"
  },
  {
    "date": "2022-08-04",
    "symbol": "ICE",
    "eps": 1.32,
    "epsEstimated": 1.28,
    "time": "bmo",
    "revenue": 2413000000,
    "revenueEstimated": 1801974139,
    "updatedFromDate": "2025-04-25",
    "fiscalDateEnding": "2022-06-30"
  },
  {
    "date": "2022-05-05",
    "symbol": "ICE",
    "eps": 1.43,
    "epsEstimated": 1.42,
    "time": "bmo",
    "revenue": 2459000000,
    "revenueEstimated": 2441683098,
    "updatedFromDate": "2025-04-25",
    "fiscalDateEnding": "2022-03-31"
  },
  {
    "date": "2022-02-03",
    "symbol": "ICE",
    "eps": 1.34,
    "epsEstimated": 1.32,
    "time": "bmo",
    "revenue": 2328000000,
    "revenueEstimated": 1865550000,
    "updatedFromDate": "2025-04-25",
    "fiscalDateEnding": "2021-12-31"
  },
  {
    "date": "2021-10-28",
    "symbol": "ICE",
    "eps": 1.3,
    "epsEstimated": 1.22,
    "time": "bmo",
    "revenue": 2277000000,
    "revenueEstimated": 1718900000,
    "updatedFromDate": "2025-04-25",
    "fiscalDateEnding": "2021-09-30"
  },
  {
    "date": "2021-07-29",
    "symbol": "ICE",
    "eps": 1.16,
    "epsEstimated": 1.16,
    "time": "bmo",
    "revenue": 2134000000,
    "revenueEstimated": 1706680000,
    "updatedFromDate": "2025-04-25",
    "fiscalDateEnding": "2021-06-30"
  },
  {
    "date": "2021-04-29",
    "symbol": "ICE",
    "eps": 1.34,
    "epsEstimated": 1.3,
    "time": "bmo",
    "revenue": 2429000000,
    "revenueEstimated": 2354261538,
    "updatedFromDate": "2025-04-25",
    "fiscalDateEnding": "2021-03-31"
  },
  {
    "date": "2021-02-04",
    "symbol": "ICE",
    "eps": 1.13,
    "epsEstimated": 1.08,
    "time": "bmo",
    "revenue": 2233000000,
    "revenueEstimated": 2129620370,
    "updatedFromDate": "2025-04-25",
    "fiscalDateEnding": "2020-12-31"
  },
  {
    "date": "2020-10-29",
    "symbol": "ICE",
    "eps": 1.03,
    "epsEstimated": 0.99,
    "time": "bmo",
    "revenue": 1930000000,
    "revenueEstimated": 1855048543,
    "updatedFromDate": "2025-04-25",
    "fiscalDateEnding": "2020-09-30"
  },
  {
    "date": "2020-07-30",
    "symbol": "ICE",
    "eps": 1.07,
    "epsEstimated": 1.04,
    "time": "bmo",
    "revenue": 1966000000,
    "revenueEstimated": 1355887850,
    "updatedFromDate": "2025-04-25",
    "fiscalDateEnding": "2020-06-30"
  },
  {
    "date": "2020-04-30",
    "symbol": "ICE",
    "eps": 1.28,
    "epsEstimated": 1.24,
    "time": "bmo",
    "revenue": 2115000000,
    "revenueEstimated": 1510281250,
    "updatedFromDate": "2025-04-25",
    "fiscalDateEnding": "2020-03-31"
  },
  {
    "date": "2020-02-06",
    "symbol": "ICE",
    "eps": 0.95,
    "epsEstimated": 0.95,
    "time": "bmo",
    "revenue": 1667000000,
    "revenueEstimated": 1298000000,
    "updatedFromDate": "2025-04-25",
    "fiscalDateEnding": "2019-12-31"
  },
  {
    "date": "2019-10-31",
    "symbol": "ICE",
    "eps": 1.06,
    "epsEstimated": 0.96,
    "time": "bmo",
    "revenue": 1663000000,
    "revenueEstimated": 1209962264,
    "updatedFromDate": "2025-04-25",
    "fiscalDateEnding": "2019-09-30"
  },
  {
    "date": "2019-08-01",
    "symbol": "ICE",
    "eps": 0.94,
    "epsEstimated": 0.92,
    "time": "bmo",
    "revenue": 1634000000,
    "revenueEstimated": 1270382978,
    "updatedFromDate": "2025-04-25",
    "fiscalDateEnding": "2019-06-30"
  },
  {
    "date": "2019-05-02",
    "symbol": "ICE",
    "eps": 0.92,
    "epsEstimated": 0.9,
    "time": "bmo",
    "revenue": 1583000000,
    "revenueEstimated": 1242391304,
    "updatedFromDate": "2025-04-25",
    "fiscalDateEnding": "2019-03-31"
  },
  {
    "date": "2019-02-07",
    "symbol": "ICE",
    "eps": 0.94,
    "epsEstimated": 0.92,
    "time": "bmo",
    "revenue": 1677000000,
    "revenueEstimated": 1280170212,
    "updatedFromDate": "2025-04-25",
    "fiscalDateEnding": "2018-12-31"
  },
  {
    "date": "2018-10-31",
    "symbol": "ICE",
    "eps": 0.85,
    "epsEstimated": 0.8,
    "time": "bmo",
    "revenue": 1463000000,
    "revenueEstimated": 1129411764,
    "updatedFromDate": "2025-04-25",
    "fiscalDateEnding": "2018-09-30"
  },
  {
    "date": "2018-08-02",
    "symbol": "ICE",
    "eps": 0.9,
    "epsEstimated": 0.89,
    "time": "bmo",
    "revenue": 1556000000,
    "revenueEstimated": 1232155555,
    "updatedFromDate": "2025-04-25",
    "fiscalDateEnding": "2018-06-30"
  },
  {
    "date": "2018-05-03",
    "symbol": "ICE",
    "eps": 0.9,
    "epsEstimated": 0.88,
    "time": "bmo",
    "revenue": 1580000000,
    "revenueEstimated": 1197777777,
    "updatedFromDate": "2025-04-25",
    "fiscalDateEnding": "2018-03-31"
  },
  {
    "date": "2018-02-07",
    "symbol": "ICE",
    "eps": 0.73,
    "epsEstimated": 0.72,
    "time": "bmo",
    "revenue": 1439000000,
    "revenueEstimated": 1130301369,
    "updatedFromDate": "2025-04-25",
    "fiscalDateEnding": "2017-12-31"
  },
  {
    "date": "2017-11-02",
    "symbol": "ICE",
    "eps": 0.73,
    "epsEstimated": 0.7,
    "time": "bmo",
    "revenue": 1432000000,
    "revenueEstimated": 1100821917,
    "updatedFromDate": "2025-04-25",
    "fiscalDateEnding": "2017-09-30"
  },
  {
    "date": "2017-08-03",
    "symbol": "ICE",
    "eps": 0.75,
    "epsEstimated": 0.76,
    "time": "bmo",
    "revenue": 1494000000,
    "revenueEstimated": 1195733333,
    "updatedFromDate": "2025-04-25",
    "fiscalDateEnding": "2017-06-30"
  },
  {
    "date": "2017-05-03",
    "symbol": "ICE",
    "eps": 0.74,
    "epsEstimated": 0.73,
    "time": "bmo",
    "revenue": 1469000000,
    "revenueEstimated": 1148270270,
    "updatedFromDate": "2025-04-25",
    "fiscalDateEnding": "2017-03-31"
  },
  {
    "date": "2017-02-07",
    "symbol": "ICE",
    "eps": 0.71,
    "epsEstimated": 0.69,
    "time": "bmo",
    "revenue": 1484000000,
    "revenueEstimated": 1118577464,
    "updatedFromDate": "2025-04-25",
    "fiscalDateEnding": "2016-12-31"
  },
  {
    "date": "2016-11-01",
    "symbol": "ICE",
    "eps": 0.64,
    "epsEstimated": 0.64,
    "time": "bmo",
    "revenue": 1416000000,
    "revenueEstimated": 1078000000,
    "updatedFromDate": "2025-04-25",
    "fiscalDateEnding": "2016-09-30"
  },
  {
    "date": "2016-08-03",
    "symbol": "ICE",
    "eps": 0.69,
    "epsEstimated": 0.68,
    "time": "bmo",
    "revenue": 1504000000,
    "revenueEstimated": 1112637681,
    "updatedFromDate": "2025-04-25",
    "fiscalDateEnding": "2016-06-30"
  }
]