[
  {
    "date": "2026-04-29",
    "symbol": "IDXX",
    "eps": null,
    "epsEstimated": null,
    "time": "bmo",
    "revenue": null,
    "revenueEstimated": null,
    "updatedFromDate": "2025-10-01",
    "fiscalDateEnding": "2026-03-30"
  },
  {
    "date": "2026-02-02",
    "symbol": "IDXX",
    "eps": null,
    "epsEstimated": null,
    "time": "bmo",
    "revenue": null,
    "revenueEstimated": null,
    "updatedFromDate": "2025-10-01",
    "fiscalDateEnding": "2025-12-30"
  },
  {
    "date": "2025-10-30",
    "symbol": "IDXX",
    "eps": null,
    "epsEstimated": 3.14,
    "time": "bmo",
    "revenue": null,
    "revenueEstimated": 1069629140,
    "updatedFromDate": "2025-10-01",
    "fiscalDateEnding": "2025-09-30"
  },
  {
    "date": "2025-08-04",
    "symbol": "IDXX",
    "eps": 3.63,
    "epsEstimated": 3.28,
    "time": "bmo",
    "revenue": 1109457000,
    "revenueEstimated": 1062350380,
    "updatedFromDate": "2025-10-01",
    "fiscalDateEnding": "2025-06-30"
  },
  {
    "date": "2025-05-01",
    "symbol": "IDXX",
    "eps": 2.96,
    "epsEstimated": 2.85,
    "time": "bmo",
    "revenue": 998427000,
    "revenueEstimated": 997097675,
    "updatedFromDate": "2025-08-01",
    "fiscalDateEnding": "2025-03-31"
  },
  {
    "date": "2025-02-03",
    "symbol": "IDXX",
    "eps": 2.62,
    "epsEstimated": 2.39,
    "time": "bmo",
    "revenue": 954288000,
    "revenueEstimated": 935146737,
    "updatedFromDate": "2025-05-03",
    "fiscalDateEnding": "2024-12-31"
  },
  {
    "date": "2024-10-31",
    "symbol": "IDXX",
    "eps": 2.8,
    "epsEstimated": 2.68,
    "time": "bmo",
    "revenue": 975543000,
    "revenueEstimated": 980319485,
    "updatedFromDate": "2025-04-25",
    "fiscalDateEnding": "2024-09-30"
  },
  {
    "date": "2024-08-06",
    "symbol": "IDXX",
    "eps": 3.02,
    "epsEstimated": 2.88,
    "time": "bmo",
    "revenue": 1003578000,
    "revenueEstimated": 1006652568,
    "updatedFromDate": "2025-04-25",
    "fiscalDateEnding": "2024-06-30"
  },
  {
    "date": "2024-05-01",
    "symbol": "IDXX",
    "eps": 2.81,
    "epsEstimated": 2.67,
    "time": "bmo",
    "revenue": 964095000,
    "revenueEstimated": 964412193,
    "updatedFromDate": "2025-04-25",
    "fiscalDateEnding": "2024-03-31"
  },
  {
    "date": "2024-02-05",
    "symbol": "IDXX",
    "eps": 2.32,
    "epsEstimated": 2.12,
    "time": "bmo",
    "revenue": 901601000,
    "revenueEstimated": 891250000,
    "updatedFromDate": "2025-04-25",
    "fiscalDateEnding": "2023-12-31"
  },
  {
    "date": "2023-11-01",
    "symbol": "IDXX",
    "eps": 2.53,
    "epsEstimated": 2.37,
    "time": "bmo",
    "revenue": 915527000,
    "revenueEstimated": 926760000,
    "updatedFromDate": "2025-04-25",
    "fiscalDateEnding": "2023-09-30"
  },
  {
    "date": "2023-08-01",
    "symbol": "IDXX",
    "eps": 2.67,
    "epsEstimated": 2.47,
    "time": "bmo",
    "revenue": 943630000,
    "revenueEstimated": 934420000,
    "updatedFromDate": "2025-04-25",
    "fiscalDateEnding": "2023-06-30"
  },
  {
    "date": "2023-05-02",
    "symbol": "IDXX",
    "eps": 2.55,
    "epsEstimated": 2.42,
    "time": "bmo",
    "revenue": 900195000,
    "revenueEstimated": 892470000,
    "updatedFromDate": "2025-04-25",
    "fiscalDateEnding": "2023-03-31"
  },
  {
    "date": "2023-02-06",
    "symbol": "IDXX",
    "eps": 2.05,
    "epsEstimated": 1.94,
    "time": "bmo",
    "revenue": 828568000,
    "revenueEstimated": 820908513,
    "updatedFromDate": "2025-04-25",
    "fiscalDateEnding": "2022-12-31"
  },
  {
    "date": "2022-11-01",
    "symbol": "IDXX",
    "eps": 2.15,
    "epsEstimated": 2.04,
    "time": "bmo",
    "revenue": 841661000,
    "revenueEstimated": 830002337,
    "updatedFromDate": "2025-04-25",
    "fiscalDateEnding": "2022-09-30"
  },
  {
    "date": "2022-08-02",
    "symbol": "IDXX",
    "eps": 1.56,
    "epsEstimated": 1.56,
    "time": "bmo",
    "revenue": 860546000,
    "revenueEstimated": 863137546,
    "updatedFromDate": "2025-04-25",
    "fiscalDateEnding": "2022-06-30"
  },
  {
    "date": "2022-05-04",
    "symbol": "IDXX",
    "eps": 2.27,
    "epsEstimated": 2.26,
    "time": "bmo",
    "revenue": 836549000,
    "revenueEstimated": 837104143,
    "updatedFromDate": "2025-04-25",
    "fiscalDateEnding": "2022-03-31"
  },
  {
    "date": "2022-02-02",
    "symbol": "IDXX",
    "eps": 1.89,
    "epsEstimated": 1.71,
    "time": "bmo",
    "revenue": 801090000,
    "revenueEstimated": 781831779,
    "updatedFromDate": "2025-04-25",
    "fiscalDateEnding": "2021-12-31"
  },
  {
    "date": "2021-11-02",
    "symbol": "IDXX",
    "eps": 2.03,
    "epsEstimated": 1.91,
    "time": "bmo",
    "revenue": 810421000,
    "revenueEstimated": 797100000,
    "updatedFromDate": "2025-04-25",
    "fiscalDateEnding": "2021-09-30"
  },
  {
    "date": "2021-07-30",
    "symbol": "IDXX",
    "eps": 2.34,
    "epsEstimated": 2.02,
    "time": "bmo",
    "revenue": 826142000,
    "revenueEstimated": 786320000,
    "updatedFromDate": "2025-04-25",
    "fiscalDateEnding": "2021-06-30"
  },
  {
    "date": "2021-05-04",
    "symbol": "IDXX",
    "eps": 2.35,
    "epsEstimated": 1.72,
    "time": "bmo",
    "revenue": 777707000,
    "revenueEstimated": 740740000,
    "updatedFromDate": "2025-04-25",
    "fiscalDateEnding": "2021-03-31"
  },
  {
    "date": "2021-02-02",
    "symbol": "IDXX",
    "eps": 2.01,
    "epsEstimated": 1.4,
    "time": "bmo",
    "revenue": 720938000,
    "revenueEstimated": 671244772,
    "updatedFromDate": "2025-04-25",
    "fiscalDateEnding": "2020-12-31"
  },
  {
    "date": "2020-10-29",
    "symbol": "IDXX",
    "eps": 1.69,
    "epsEstimated": 1.43,
    "time": "bmo",
    "revenue": 721789000,
    "revenueEstimated": 610744538,
    "updatedFromDate": "2025-04-25",
    "fiscalDateEnding": "2020-09-30"
  },
  {
    "date": "2020-07-31",
    "symbol": "IDXX",
    "eps": 1.72,
    "epsEstimated": 1.17,
    "time": "bmo",
    "revenue": 637592000,
    "revenueEstimated": 433710837,
    "updatedFromDate": "2025-04-25",
    "fiscalDateEnding": "2020-06-30"
  },
  {
    "date": "2020-04-30",
    "symbol": "IDXX",
    "eps": 1.29,
    "epsEstimated": 1.2,
    "time": "bmo",
    "revenue": 626336000,
    "revenueEstimated": 582638139,
    "updatedFromDate": "2025-04-25",
    "fiscalDateEnding": "2020-03-31"
  },
  {
    "date": "2020-01-31",
    "symbol": "IDXX",
    "eps": 1.04,
    "epsEstimated": 0.9,
    "time": "bmo",
    "revenue": 605446000,
    "revenueEstimated": 529765250,
    "updatedFromDate": "2025-04-25",
    "fiscalDateEnding": "2019-12-31"
  },
  {
    "date": "2019-10-31",
    "symbol": "IDXX",
    "eps": 1.24,
    "epsEstimated": 1.14,
    "time": "bmo",
    "revenue": 605303000,
    "revenueEstimated": 556488241,
    "updatedFromDate": "2025-04-25",
    "fiscalDateEnding": "2019-09-30"
  },
  {
    "date": "2019-08-01",
    "symbol": "IDXX",
    "eps": 1.43,
    "epsEstimated": 1.37,
    "time": "bmo",
    "revenue": 620103000,
    "revenueEstimated": 594084692,
    "updatedFromDate": "2025-04-25",
    "fiscalDateEnding": "2019-06-30"
  },
  {
    "date": "2019-05-01",
    "symbol": "IDXX",
    "eps": 1.17,
    "epsEstimated": 1.05,
    "time": "bmo",
    "revenue": 576056000,
    "revenueEstimated": 516973333,
    "updatedFromDate": "2025-04-25",
    "fiscalDateEnding": "2019-03-31"
  },
  {
    "date": "2019-02-01",
    "symbol": "IDXX",
    "eps": 0.98,
    "epsEstimated": 0.9,
    "time": "bmo",
    "revenue": 549386000,
    "revenueEstimated": 504538163,
    "updatedFromDate": "2025-04-25",
    "fiscalDateEnding": "2018-12-31"
  },
  {
    "date": "2018-11-01",
    "symbol": "IDXX",
    "eps": 1.05,
    "epsEstimated": 0.97,
    "time": "bmo",
    "revenue": 545448000,
    "revenueEstimated": 503845714,
    "updatedFromDate": "2025-04-25",
    "fiscalDateEnding": "2018-09-30"
  },
  {
    "date": "2018-08-01",
    "symbol": "IDXX",
    "eps": 1.23,
    "epsEstimated": 1.17,
    "time": "bmo",
    "revenue": 580752000,
    "revenueEstimated": 552468292,
    "updatedFromDate": "2025-04-25",
    "fiscalDateEnding": "2018-06-30"
  },
  {
    "date": "2018-05-04",
    "symbol": "IDXX",
    "eps": 1.01,
    "epsEstimated": 0.92,
    "time": "bmo",
    "revenue": 537656000,
    "revenueEstimated": 495109900,
    "updatedFromDate": "2025-04-25",
    "fiscalDateEnding": "2018-03-31"
  },
  {
    "date": "2018-02-01",
    "symbol": "IDXX",
    "eps": 0.77,
    "epsEstimated": 0.73,
    "time": "bmo",
    "revenue": 506121000,
    "revenueEstimated": 479809090,
    "updatedFromDate": "2025-04-25",
    "fiscalDateEnding": "2017-12-31"
  },
  {
    "date": "2017-10-31",
    "symbol": "IDXX",
    "eps": 0.79,
    "epsEstimated": 0.74,
    "time": "bmo",
    "revenue": 491976000,
    "revenueEstimated": 460860759,
    "updatedFromDate": "2025-04-25",
    "fiscalDateEnding": "2017-09-30"
  },
  {
    "date": "2017-08-01",
    "symbol": "IDXX",
    "eps": 0.95,
    "epsEstimated": 0.85,
    "time": "bmo",
    "revenue": 508940000,
    "revenueEstimated": 455331578,
    "updatedFromDate": "2025-04-25",
    "fiscalDateEnding": "2017-06-30"
  },
  {
    "date": "2017-04-28",
    "symbol": "IDXX",
    "eps": 0.77,
    "epsEstimated": 0.61,
    "time": "bmo",
    "revenue": 462021000,
    "revenueEstimated": 365999999,
    "updatedFromDate": "2025-04-25",
    "fiscalDateEnding": "2017-03-31"
  },
  {
    "date": "2017-02-02",
    "symbol": "IDXX",
    "eps": 0.58,
    "epsEstimated": 0.51,
    "time": "bmo",
    "revenue": 442996000,
    "revenueEstimated": 389534482,
    "updatedFromDate": "2025-04-25",
    "fiscalDateEnding": "2016-12-31"
  },
  {
    "date": "2016-11-01",
    "symbol": "IDXX",
    "eps": 0.62,
    "epsEstimated": 0.6,
    "time": "bmo",
    "revenue": 448308000,
    "revenueEstimated": 433838709,
    "updatedFromDate": "2025-04-25",
    "fiscalDateEnding": "2016-09-30"
  },
  {
    "date": "2016-08-02",
    "symbol": "IDXX",
    "eps": 0.74,
    "epsEstimated": 0.62,
    "time": "bmo",
    "revenue": 466569000,
    "revenueEstimated": 390935135,
    "updatedFromDate": "2025-04-25",
    "fiscalDateEnding": "2016-06-30"
  }
]