[
  {
    "date": "2026-04-29",
    "symbol": "IEX",
    "eps": null,
    "epsEstimated": null,
    "time": "amc",
    "revenue": null,
    "revenueEstimated": null,
    "updatedFromDate": "2025-10-02",
    "fiscalDateEnding": "2026-03-30"
  },
  {
    "date": "2026-02-02",
    "symbol": "IEX",
    "eps": null,
    "epsEstimated": null,
    "time": "amc",
    "revenue": null,
    "revenueEstimated": null,
    "updatedFromDate": "2025-10-02",
    "fiscalDateEnding": "2025-12-30"
  },
  {
    "date": "2025-11-04",
    "symbol": "IEX",
    "eps": null,
    "epsEstimated": 1.93,
    "time": "bmo",
    "revenue": null,
    "revenueEstimated": null,
    "updatedFromDate": "2025-10-02",
    "fiscalDateEnding": "2025-09-30"
  },
  {
    "date": "2025-07-30",
    "symbol": "IEX",
    "eps": 2.07,
    "epsEstimated": 2,
    "time": "bmo",
    "revenue": 865400000,
    "revenueEstimated": 871978880,
    "updatedFromDate": "2025-10-02",
    "fiscalDateEnding": "2025-06-30"
  },
  {
    "date": "2025-05-01",
    "symbol": "IEX",
    "eps": 1.75,
    "epsEstimated": 1.64,
    "time": "bmo",
    "revenue": 814300000,
    "revenueEstimated": 806332922,
    "updatedFromDate": "2025-08-01",
    "fiscalDateEnding": "2025-03-31"
  },
  {
    "date": "2025-02-04",
    "symbol": "IEX",
    "eps": 2.04,
    "epsEstimated": 2.03,
    "time": "amc",
    "revenue": 862900000,
    "revenueEstimated": 866066330,
    "updatedFromDate": "2025-05-04",
    "fiscalDateEnding": "2024-12-31"
  },
  {
    "date": "2024-10-29",
    "symbol": "IEX",
    "eps": 1.9,
    "epsEstimated": 1.89,
    "time": "amc",
    "revenue": 798200000,
    "revenueEstimated": 793048958,
    "updatedFromDate": "2025-04-25",
    "fiscalDateEnding": "2024-09-30"
  },
  {
    "date": "2024-07-31",
    "symbol": "IEX",
    "eps": 2.06,
    "epsEstimated": 2.04,
    "time": "amc",
    "revenue": 807200000,
    "revenueEstimated": 828149045,
    "updatedFromDate": "2025-04-25",
    "fiscalDateEnding": "2024-06-30"
  },
  {
    "date": "2024-04-23",
    "symbol": "IEX",
    "eps": 1.88,
    "epsEstimated": 1.76,
    "time": "amc",
    "revenue": 800500000,
    "revenueEstimated": 807518636,
    "updatedFromDate": "2025-04-25",
    "fiscalDateEnding": "2024-03-31"
  },
  {
    "date": "2024-02-06",
    "symbol": "IEX",
    "eps": 1.83,
    "epsEstimated": 1.78,
    "time": "amc",
    "revenue": 788900000,
    "revenueEstimated": 834950000,
    "updatedFromDate": "2025-04-25",
    "fiscalDateEnding": "2023-12-31"
  },
  {
    "date": "2023-10-25",
    "symbol": "IEX",
    "eps": 2.12,
    "epsEstimated": 1.89,
    "time": "amc",
    "revenue": 793400000,
    "revenueEstimated": 794500000,
    "updatedFromDate": "2025-04-25",
    "fiscalDateEnding": "2023-09-30"
  },
  {
    "date": "2023-07-26",
    "symbol": "IEX",
    "eps": 2.18,
    "epsEstimated": 2.11,
    "time": "amc",
    "revenue": 846200000,
    "revenueEstimated": 851420000,
    "updatedFromDate": "2025-04-25",
    "fiscalDateEnding": "2023-06-30"
  },
  {
    "date": "2023-04-26",
    "symbol": "IEX",
    "eps": 2.09,
    "epsEstimated": 2.02,
    "time": "amc",
    "revenue": 845400000,
    "revenueEstimated": 818550000,
    "updatedFromDate": "2025-04-25",
    "fiscalDateEnding": "2023-03-31"
  },
  {
    "date": "2023-01-31",
    "symbol": "IEX",
    "eps": 2.01,
    "epsEstimated": 1.98,
    "time": "amc",
    "revenue": 810700000,
    "revenueEstimated": 773143205,
    "updatedFromDate": "2025-04-25",
    "fiscalDateEnding": "2022-12-31"
  },
  {
    "date": "2022-10-25",
    "symbol": "IEX",
    "eps": 2.14,
    "epsEstimated": 2,
    "time": "amc",
    "revenue": 824000000,
    "revenueEstimated": 780428711,
    "updatedFromDate": "2025-04-25",
    "fiscalDateEnding": "2022-09-30"
  },
  {
    "date": "2022-07-26",
    "symbol": "IEX",
    "eps": 2.02,
    "epsEstimated": 1.89,
    "time": "amc",
    "revenue": 796100000,
    "revenueEstimated": 765985404,
    "updatedFromDate": "2025-04-25",
    "fiscalDateEnding": "2022-06-30"
  },
  {
    "date": "2022-04-26",
    "symbol": "IEX",
    "eps": 1.96,
    "epsEstimated": 1.74,
    "time": "amc",
    "revenue": 751100000,
    "revenueEstimated": 716822881,
    "updatedFromDate": "2025-04-25",
    "fiscalDateEnding": "2022-03-31"
  },
  {
    "date": "2022-02-01",
    "symbol": "IEX",
    "eps": 1.55,
    "epsEstimated": 1.58,
    "time": "amc",
    "revenue": 714800000,
    "revenueEstimated": 708509599,
    "updatedFromDate": "2025-04-25",
    "fiscalDateEnding": "2021-12-31"
  },
  {
    "date": "2021-10-26",
    "symbol": "IEX",
    "eps": 1.63,
    "epsEstimated": 1.59,
    "time": "amc",
    "revenue": 712019000,
    "revenueEstimated": 702600000,
    "updatedFromDate": "2025-04-25",
    "fiscalDateEnding": "2021-09-30"
  },
  {
    "date": "2021-07-27",
    "symbol": "IEX",
    "eps": 1.61,
    "epsEstimated": 1.62,
    "time": "amc",
    "revenue": 685947000,
    "revenueEstimated": 701220000,
    "updatedFromDate": "2025-04-25",
    "fiscalDateEnding": "2021-06-30"
  },
  {
    "date": "2021-04-27",
    "symbol": "IEX",
    "eps": 1.51,
    "epsEstimated": 1.41,
    "time": "amc",
    "revenue": 652036000,
    "revenueEstimated": 632150000,
    "updatedFromDate": "2025-04-25",
    "fiscalDateEnding": "2021-03-31"
  },
  {
    "date": "2021-02-03",
    "symbol": "IEX",
    "eps": 1.37,
    "epsEstimated": 1.31,
    "time": "amc",
    "revenue": 614822000,
    "revenueEstimated": 581716200,
    "updatedFromDate": "2025-04-25",
    "fiscalDateEnding": "2020-12-31"
  },
  {
    "date": "2020-10-27",
    "symbol": "IEX",
    "eps": 1.4,
    "epsEstimated": 1.2,
    "time": "amc",
    "revenue": 581113000,
    "revenueEstimated": 498096857,
    "updatedFromDate": "2025-04-25",
    "fiscalDateEnding": "2020-09-30"
  },
  {
    "date": "2020-07-23",
    "symbol": "IEX",
    "eps": 1.1,
    "epsEstimated": 1,
    "time": "amc",
    "revenue": 561249000,
    "revenueEstimated": 510226363,
    "updatedFromDate": "2025-04-25",
    "fiscalDateEnding": "2020-06-30"
  },
  {
    "date": "2020-04-23",
    "symbol": "IEX",
    "eps": 1.33,
    "epsEstimated": 1.3,
    "time": "amc",
    "revenue": 594462000,
    "revenueEstimated": 581053082,
    "updatedFromDate": "2025-04-25",
    "fiscalDateEnding": "2020-03-31"
  },
  {
    "date": "2020-01-29",
    "symbol": "IEX",
    "eps": 1.33,
    "epsEstimated": 1.35,
    "time": "amc",
    "revenue": 605997000,
    "revenueEstimated": 615109736,
    "updatedFromDate": "2025-04-25",
    "fiscalDateEnding": "2019-12-31"
  },
  {
    "date": "2019-10-29",
    "symbol": "IEX",
    "eps": 1.52,
    "epsEstimated": 1.46,
    "time": "amc",
    "revenue": 624246000,
    "revenueEstimated": 599604710,
    "updatedFromDate": "2025-04-25",
    "fiscalDateEnding": "2019-09-30"
  },
  {
    "date": "2019-07-25",
    "symbol": "IEX",
    "eps": 1.5,
    "epsEstimated": 1.49,
    "time": "amc",
    "revenue": 642099000,
    "revenueEstimated": 637818340,
    "updatedFromDate": "2025-04-25",
    "fiscalDateEnding": "2019-06-30"
  },
  {
    "date": "2019-04-25",
    "symbol": "IEX",
    "eps": 1.44,
    "epsEstimated": 1.37,
    "time": "amc",
    "revenue": 622231000,
    "revenueEstimated": 591983659,
    "updatedFromDate": "2025-04-25",
    "fiscalDateEnding": "2019-03-31"
  },
  {
    "date": "2019-01-29",
    "symbol": "IEX",
    "eps": 1.31,
    "epsEstimated": 1.27,
    "time": "amc",
    "revenue": 614094000,
    "revenueEstimated": 595343038,
    "updatedFromDate": "2025-04-25",
    "fiscalDateEnding": "2018-12-31"
  },
  {
    "date": "2018-10-23",
    "symbol": "IEX",
    "eps": 1.41,
    "epsEstimated": 1.31,
    "time": "amc",
    "revenue": 622888000,
    "revenueEstimated": 578722695,
    "updatedFromDate": "2025-04-25",
    "fiscalDateEnding": "2018-09-30"
  },
  {
    "date": "2018-07-24",
    "symbol": "IEX",
    "eps": 1.4,
    "epsEstimated": 1.31,
    "time": "amc",
    "revenue": 634360000,
    "revenueEstimated": 593617142,
    "updatedFromDate": "2025-04-25",
    "fiscalDateEnding": "2018-06-30"
  },
  {
    "date": "2018-04-30",
    "symbol": "IEX",
    "eps": 1.29,
    "epsEstimated": 1.24,
    "time": "bmo",
    "revenue": 612324000,
    "revenueEstimated": 588567441,
    "updatedFromDate": "2025-04-25",
    "fiscalDateEnding": "2018-03-31"
  },
  {
    "date": "2018-01-29",
    "symbol": "IEX",
    "eps": 1.12,
    "epsEstimated": 1.08,
    "time": "amc",
    "revenue": 585904000,
    "revenueEstimated": 564975000,
    "updatedFromDate": "2025-04-25",
    "fiscalDateEnding": "2017-12-31"
  },
  {
    "date": "2017-10-16",
    "symbol": "IEX",
    "eps": 1.08,
    "epsEstimated": 1.06,
    "time": "amc",
    "revenue": 574490000,
    "revenueEstimated": 563861111,
    "updatedFromDate": "2025-04-25",
    "fiscalDateEnding": "2017-09-30"
  },
  {
    "date": "2017-07-25",
    "symbol": "IEX",
    "eps": 1.08,
    "epsEstimated": 1.06,
    "time": "amc",
    "revenue": 573366000,
    "revenueEstimated": 562781481,
    "updatedFromDate": "2025-04-25",
    "fiscalDateEnding": "2017-06-30"
  },
  {
    "date": "2017-04-19",
    "symbol": "IEX",
    "eps": 1.03,
    "epsEstimated": 0.93,
    "time": "amc",
    "revenue": 553552000,
    "revenueEstimated": 499852427,
    "updatedFromDate": "2025-04-25",
    "fiscalDateEnding": "2017-03-31"
  },
  {
    "date": "2017-01-30",
    "symbol": "IEX",
    "eps": 0.96,
    "epsEstimated": 0.93,
    "time": "amc",
    "revenue": 530419000,
    "revenueEstimated": 513825000,
    "updatedFromDate": "2025-04-25",
    "fiscalDateEnding": "2016-12-31"
  },
  {
    "date": "2016-10-17",
    "symbol": "IEX",
    "eps": 0.92,
    "epsEstimated": 0.92,
    "time": "amc",
    "revenue": 530356000,
    "revenueEstimated": 530400000,
    "updatedFromDate": "2025-04-25",
    "fiscalDateEnding": "2016-09-30"
  },
  {
    "date": "2016-07-18",
    "symbol": "IEX",
    "eps": 0.99,
    "epsEstimated": 0.93,
    "time": "amc",
    "revenue": 549696000,
    "revenueEstimated": 516384848,
    "updatedFromDate": "2025-04-25",
    "fiscalDateEnding": "2016-06-30"
  }
]