[
  {
    "date": "2026-05-04",
    "symbol": "IFF",
    "eps": null,
    "epsEstimated": null,
    "time": "amc",
    "revenue": null,
    "revenueEstimated": null,
    "updatedFromDate": "2025-10-02",
    "fiscalDateEnding": "2026-03-30"
  },
  {
    "date": "2026-02-16",
    "symbol": "IFF",
    "eps": null,
    "epsEstimated": null,
    "time": "amc",
    "revenue": null,
    "revenueEstimated": null,
    "updatedFromDate": "2025-10-02",
    "fiscalDateEnding": "2025-12-30"
  },
  {
    "date": "2025-11-04",
    "symbol": "IFF",
    "eps": null,
    "epsEstimated": 1.01,
    "time": "bmo",
    "revenue": null,
    "revenueEstimated": 2637902990,
    "updatedFromDate": "2025-10-02",
    "fiscalDateEnding": "2025-09-30"
  },
  {
    "date": "2025-08-05",
    "symbol": "IFF",
    "eps": 1.15,
    "epsEstimated": 1.12,
    "time": "amc",
    "revenue": 2764000000,
    "revenueEstimated": 2702453271,
    "updatedFromDate": "2025-10-02",
    "fiscalDateEnding": "2025-06-30"
  },
  {
    "date": "2025-05-06",
    "symbol": "IFF",
    "eps": 1.2,
    "epsEstimated": 1.13,
    "time": "amc",
    "revenue": 2843000000,
    "revenueEstimated": 2830126984,
    "updatedFromDate": "2025-08-06",
    "fiscalDateEnding": "2025-03-31"
  },
  {
    "date": "2025-02-18",
    "symbol": "IFF",
    "eps": 0.97,
    "epsEstimated": 0.83,
    "time": "amc",
    "revenue": 2771000000,
    "revenueEstimated": 2681466002,
    "updatedFromDate": "2025-05-18",
    "fiscalDateEnding": "2024-12-31"
  },
  {
    "date": "2024-11-05",
    "symbol": "IFF",
    "eps": 1.04,
    "epsEstimated": 1.07,
    "time": "amc",
    "revenue": 2925000000,
    "revenueEstimated": 2831986413,
    "updatedFromDate": "2025-04-25",
    "fiscalDateEnding": "2024-09-30"
  },
  {
    "date": "2024-08-06",
    "symbol": "IFF",
    "eps": 1.16,
    "epsEstimated": 0.994,
    "time": "amc",
    "revenue": 2889000000,
    "revenueEstimated": 2827494035,
    "updatedFromDate": "2025-04-25",
    "fiscalDateEnding": "2024-06-30"
  },
  {
    "date": "2024-05-06",
    "symbol": "IFF",
    "eps": 1.13,
    "epsEstimated": 0.858,
    "time": "amc",
    "revenue": 2899000000,
    "revenueEstimated": 2778167623,
    "updatedFromDate": "2025-04-25",
    "fiscalDateEnding": "2024-03-31"
  },
  {
    "date": "2024-02-20",
    "symbol": "IFF",
    "eps": 0.72,
    "epsEstimated": 0.75,
    "time": "amc",
    "revenue": 2703000000,
    "revenueEstimated": 2698840000,
    "updatedFromDate": "2025-04-25",
    "fiscalDateEnding": "2023-12-31"
  },
  {
    "date": "2023-11-06",
    "symbol": "IFF",
    "eps": 0.89,
    "epsEstimated": 0.76,
    "time": "amc",
    "revenue": 2820000000,
    "revenueEstimated": 2771000000,
    "updatedFromDate": "2025-04-25",
    "fiscalDateEnding": "2023-09-30"
  },
  {
    "date": "2023-08-07",
    "symbol": "IFF",
    "eps": 0.86,
    "epsEstimated": 1.1,
    "time": "amc",
    "revenue": 2929000000,
    "revenueEstimated": 3086340000,
    "updatedFromDate": "2025-04-25",
    "fiscalDateEnding": "2023-06-30"
  },
  {
    "date": "2023-05-08",
    "symbol": "IFF",
    "eps": 0.87,
    "epsEstimated": 0.89,
    "time": "amc",
    "revenue": 3027000000,
    "revenueEstimated": 2985090000,
    "updatedFromDate": "2025-04-25",
    "fiscalDateEnding": "2023-03-31"
  },
  {
    "date": "2023-02-08",
    "symbol": "IFF",
    "eps": 0.97,
    "epsEstimated": 0.94,
    "time": "amc",
    "revenue": 2844000000,
    "revenueEstimated": 2887791332,
    "updatedFromDate": "2025-04-25",
    "fiscalDateEnding": "2022-12-31"
  },
  {
    "date": "2022-11-07",
    "symbol": "IFF",
    "eps": 1.36,
    "epsEstimated": 1.3,
    "time": "amc",
    "revenue": 3063000000,
    "revenueEstimated": 3070472205,
    "updatedFromDate": "2025-04-25",
    "fiscalDateEnding": "2022-09-30"
  },
  {
    "date": "2022-08-08",
    "symbol": "IFF",
    "eps": 1.54,
    "epsEstimated": 1.42,
    "time": "amc",
    "revenue": 3307000000,
    "revenueEstimated": 3253186434,
    "updatedFromDate": "2025-04-25",
    "fiscalDateEnding": "2022-06-30"
  },
  {
    "date": "2022-05-09",
    "symbol": "IFF",
    "eps": 1.69,
    "epsEstimated": 1.31,
    "time": "amc",
    "revenue": 3226000000,
    "revenueEstimated": 3097480501,
    "updatedFromDate": "2025-04-25",
    "fiscalDateEnding": "2022-03-31"
  },
  {
    "date": "2022-02-09",
    "symbol": "IFF",
    "eps": 1.1,
    "epsEstimated": 1.04,
    "time": "amc",
    "revenue": 3031000000,
    "revenueEstimated": 2943793353,
    "updatedFromDate": "2025-04-25",
    "fiscalDateEnding": "2021-12-31"
  },
  {
    "date": "2021-11-08",
    "symbol": "IFF",
    "eps": 1.47,
    "epsEstimated": 1.39,
    "time": "amc",
    "revenue": 3071000000,
    "revenueEstimated": 2953820000,
    "updatedFromDate": "2025-04-25",
    "fiscalDateEnding": "2021-09-30"
  },
  {
    "date": "2021-08-05",
    "symbol": "IFF",
    "eps": 1.5,
    "epsEstimated": 1.51,
    "time": "amc",
    "revenue": 3089000000,
    "revenueEstimated": 3089000000,
    "updatedFromDate": "2025-04-25",
    "fiscalDateEnding": "2021-06-30"
  },
  {
    "date": "2021-05-10",
    "symbol": "IFF",
    "eps": 1.6,
    "epsEstimated": 1.51,
    "time": "amc",
    "revenue": 2465000000,
    "revenueEstimated": 2435710000,
    "updatedFromDate": "2025-04-25",
    "fiscalDateEnding": "2021-03-31"
  },
  {
    "date": "2021-02-10",
    "symbol": "IFF",
    "eps": 1.32,
    "epsEstimated": 1.19,
    "time": "amc",
    "revenue": 1270073000,
    "revenueEstimated": 1253730000,
    "updatedFromDate": "2025-04-25",
    "fiscalDateEnding": "2020-12-31"
  },
  {
    "date": "2020-11-09",
    "symbol": "IFF",
    "eps": 1.4,
    "epsEstimated": 1.45,
    "time": "amc",
    "revenue": 1268076000,
    "revenueEstimated": 1320188712,
    "updatedFromDate": "2025-04-25",
    "fiscalDateEnding": "2020-09-30"
  },
  {
    "date": "2020-08-10",
    "symbol": "IFF",
    "eps": 1.36,
    "epsEstimated": 1.33,
    "time": "amc",
    "revenue": 1198773000,
    "revenueEstimated": 1154700463,
    "updatedFromDate": "2025-04-25",
    "fiscalDateEnding": "2020-06-30"
  },
  {
    "date": "2020-05-11",
    "symbol": "IFF",
    "eps": 1.62,
    "epsEstimated": 1.6,
    "time": "amc",
    "revenue": 1347317000,
    "revenueEstimated": 1322366685,
    "updatedFromDate": "2025-04-25",
    "fiscalDateEnding": "2020-03-31"
  },
  {
    "date": "2020-02-12",
    "symbol": "IFF",
    "eps": 1.46,
    "epsEstimated": 1.42,
    "time": "amc",
    "revenue": 1283769000,
    "revenueEstimated": 1274976061,
    "updatedFromDate": "2025-04-25",
    "fiscalDateEnding": "2019-12-31"
  },
  {
    "date": "2019-11-04",
    "symbol": "IFF",
    "eps": 1.53,
    "epsEstimated": 1.54,
    "time": "amc",
    "revenue": 1267345000,
    "revenueEstimated": 1267345000,
    "updatedFromDate": "2025-04-25",
    "fiscalDateEnding": "2019-09-30"
  },
  {
    "date": "2019-08-05",
    "symbol": "IFF",
    "eps": 1.3,
    "epsEstimated": 1.61,
    "time": "amc",
    "revenue": 1291568000,
    "revenueEstimated": 1299590161,
    "updatedFromDate": "2025-04-25",
    "fiscalDateEnding": "2019-06-30"
  },
  {
    "date": "2019-05-06",
    "symbol": "IFF",
    "eps": 1.57,
    "epsEstimated": 1.5,
    "time": "amc",
    "revenue": 1297402000,
    "revenueEstimated": 1256083464,
    "updatedFromDate": "2025-04-25",
    "fiscalDateEnding": "2019-03-31"
  },
  {
    "date": "2019-02-13",
    "symbol": "IFF",
    "eps": 1.22,
    "epsEstimated": 1.29,
    "time": "amc",
    "revenue": 1219047000,
    "revenueEstimated": 1191341386,
    "updatedFromDate": "2025-04-25",
    "fiscalDateEnding": "2018-12-31"
  },
  {
    "date": "2018-11-05",
    "symbol": "IFF",
    "eps": 1.54,
    "epsEstimated": 1.54,
    "time": "amc",
    "revenue": 907548000,
    "revenueEstimated": 852164634,
    "updatedFromDate": "2025-04-25",
    "fiscalDateEnding": "2018-09-30"
  },
  {
    "date": "2018-08-07",
    "symbol": "IFF",
    "eps": 1.66,
    "epsEstimated": 1.61,
    "time": "amc",
    "revenue": 920016000,
    "revenueEstimated": 831136363,
    "updatedFromDate": "2025-04-25",
    "fiscalDateEnding": "2018-06-30"
  },
  {
    "date": "2018-05-07",
    "symbol": "IFF",
    "eps": 1.69,
    "epsEstimated": 1.59,
    "time": "amc",
    "revenue": 930928000,
    "revenueEstimated": 826888826,
    "updatedFromDate": "2025-04-25",
    "fiscalDateEnding": "2018-03-31"
  },
  {
    "date": "2018-02-14",
    "symbol": "IFF",
    "eps": 1.4,
    "epsEstimated": 1.3,
    "time": "amc",
    "revenue": 854625000,
    "revenueEstimated": 799661428,
    "updatedFromDate": "2025-04-25",
    "fiscalDateEnding": "2017-12-31"
  },
  {
    "date": "2017-11-06",
    "symbol": "IFF",
    "eps": 1.47,
    "epsEstimated": 1.42,
    "time": "amc",
    "revenue": 872940000,
    "revenueEstimated": 843209523,
    "updatedFromDate": "2025-04-25",
    "fiscalDateEnding": "2017-09-30"
  },
  {
    "date": "2017-08-08",
    "symbol": "IFF",
    "eps": 1.5,
    "epsEstimated": 1.45,
    "time": "amc",
    "revenue": 842861000,
    "revenueEstimated": 814803333,
    "updatedFromDate": "2025-04-25",
    "fiscalDateEnding": "2017-06-30"
  },
  {
    "date": "2017-05-08",
    "symbol": "IFF",
    "eps": 1.52,
    "epsEstimated": 1.51,
    "time": "amc",
    "revenue": 828293000,
    "revenueEstimated": 822850657,
    "updatedFromDate": "2025-04-25",
    "fiscalDateEnding": "2017-03-31"
  },
  {
    "date": "2017-02-15",
    "symbol": "IFF",
    "eps": 1.22,
    "epsEstimated": 1.18,
    "time": "amc",
    "revenue": 762559000,
    "revenueEstimated": 737596721,
    "updatedFromDate": "2025-04-25",
    "fiscalDateEnding": "2016-12-31"
  },
  {
    "date": "2016-11-07",
    "symbol": "IFF",
    "eps": 1.34,
    "epsEstimated": 1.41,
    "time": "amc",
    "revenue": 777001000,
    "revenueEstimated": 817589552,
    "updatedFromDate": "2025-04-25",
    "fiscalDateEnding": "2016-09-30"
  },
  {
    "date": "2016-08-08",
    "symbol": "IFF",
    "eps": 1.47,
    "epsEstimated": 1.4,
    "time": "amc",
    "revenue": 793478000,
    "revenueEstimated": 755714285,
    "updatedFromDate": "2025-04-25",
    "fiscalDateEnding": "2016-06-30"
  }
]