[
  {
    "date": "2026-04-27",
    "symbol": "INCY",
    "eps": null,
    "epsEstimated": null,
    "time": "bmo",
    "revenue": null,
    "revenueEstimated": null,
    "updatedFromDate": "2025-09-28",
    "fiscalDateEnding": "2026-03-30"
  },
  {
    "date": "2026-02-09",
    "symbol": "INCY",
    "eps": null,
    "epsEstimated": null,
    "time": "bmo",
    "revenue": null,
    "revenueEstimated": null,
    "updatedFromDate": "2025-09-28",
    "fiscalDateEnding": "2025-12-30"
  },
  {
    "date": "2025-11-04",
    "symbol": "INCY",
    "eps": null,
    "epsEstimated": 1.65,
    "time": "bmo",
    "revenue": null,
    "revenueEstimated": null,
    "updatedFromDate": "2025-09-28",
    "fiscalDateEnding": "2025-09-30"
  },
  {
    "date": "2025-07-29",
    "symbol": "INCY",
    "eps": 1.57,
    "epsEstimated": 1.39,
    "time": "bmo",
    "revenue": 1215529000,
    "revenueEstimated": 1256871280,
    "updatedFromDate": "2025-09-28",
    "fiscalDateEnding": "2025-06-30"
  },
  {
    "date": "2025-04-29",
    "symbol": "INCY",
    "eps": 1.16,
    "epsEstimated": 1.01,
    "time": "bmo",
    "revenue": 1052898000,
    "revenueEstimated": 1153031760,
    "updatedFromDate": "2025-07-29",
    "fiscalDateEnding": "2025-03-31"
  },
  {
    "date": "2025-02-10",
    "symbol": "INCY",
    "eps": 1.43,
    "epsEstimated": 1.57,
    "time": "bmo",
    "revenue": 1178698000,
    "revenueEstimated": 1004881100,
    "updatedFromDate": "2025-05-10",
    "fiscalDateEnding": "2024-12-31"
  },
  {
    "date": "2024-10-29",
    "symbol": "INCY",
    "eps": 1.07,
    "epsEstimated": 1.12,
    "time": "bmo",
    "revenue": 1137871000,
    "revenueEstimated": 1143700000,
    "updatedFromDate": "2025-04-25",
    "fiscalDateEnding": "2024-09-30"
  },
  {
    "date": "2024-07-30",
    "symbol": "INCY",
    "eps": -1.82,
    "epsEstimated": 0.78,
    "time": "bmo",
    "revenue": 1043759000,
    "revenueEstimated": 1025580000,
    "updatedFromDate": "2025-04-25",
    "fiscalDateEnding": "2024-06-30"
  },
  {
    "date": "2024-04-30",
    "symbol": "INCY",
    "eps": 0.64,
    "epsEstimated": 0.84,
    "time": "bmo",
    "revenue": 880889000,
    "revenueEstimated": 921892046,
    "updatedFromDate": "2025-04-25",
    "fiscalDateEnding": "2024-03-31"
  },
  {
    "date": "2024-02-13",
    "symbol": "INCY",
    "eps": 1.06,
    "epsEstimated": 1.16,
    "time": "bmo",
    "revenue": 1013341000,
    "revenueEstimated": 1002110000,
    "updatedFromDate": "2025-04-25",
    "fiscalDateEnding": "2023-12-31"
  },
  {
    "date": "2023-10-31",
    "symbol": "INCY",
    "eps": 1.1,
    "epsEstimated": 1.09,
    "time": "bmo",
    "revenue": 919025000,
    "revenueEstimated": 966900000,
    "updatedFromDate": "2025-04-25",
    "fiscalDateEnding": "2023-09-30"
  },
  {
    "date": "2023-08-01",
    "symbol": "INCY",
    "eps": 0.99,
    "epsEstimated": 0.83,
    "time": "bmo",
    "revenue": 954610000,
    "revenueEstimated": 910250000,
    "updatedFromDate": "2025-04-25",
    "fiscalDateEnding": "2023-06-30"
  },
  {
    "date": "2023-05-02",
    "symbol": "INCY",
    "eps": 0.37,
    "epsEstimated": 0.85,
    "time": "bmo",
    "revenue": 808673000,
    "revenueEstimated": 857520000,
    "updatedFromDate": "2025-04-25",
    "fiscalDateEnding": "2023-03-31"
  },
  {
    "date": "2023-02-07",
    "symbol": "INCY",
    "eps": 0.62,
    "epsEstimated": 0.59,
    "time": "bmo",
    "revenue": 926700000,
    "revenueEstimated": 878253207,
    "updatedFromDate": "2025-04-25",
    "fiscalDateEnding": "2022-12-31"
  },
  {
    "date": "2022-11-01",
    "symbol": "INCY",
    "eps": 0.6,
    "epsEstimated": 0.72,
    "time": "bmo",
    "revenue": 823303000,
    "revenueEstimated": 842658286,
    "updatedFromDate": "2025-04-25",
    "fiscalDateEnding": "2022-09-30"
  },
  {
    "date": "2022-08-02",
    "symbol": "INCY",
    "eps": 1.01,
    "epsEstimated": 0.79,
    "time": "bmo",
    "revenue": 911397000,
    "revenueEstimated": 818493363,
    "updatedFromDate": "2025-04-25",
    "fiscalDateEnding": "2022-06-30"
  },
  {
    "date": "2022-05-03",
    "symbol": "INCY",
    "eps": 0.55,
    "epsEstimated": 0.57,
    "time": "bmo",
    "revenue": 733235000,
    "revenueEstimated": 749981364,
    "updatedFromDate": "2025-04-25",
    "fiscalDateEnding": "2022-03-31"
  },
  {
    "date": "2022-02-08",
    "symbol": "INCY",
    "eps": 0.1,
    "epsEstimated": 0.84,
    "time": "bmo",
    "revenue": 862853000,
    "revenueEstimated": 812443000,
    "updatedFromDate": "2025-04-25",
    "fiscalDateEnding": "2021-12-31"
  },
  {
    "date": "2021-11-02",
    "symbol": "INCY",
    "eps": 1.18,
    "epsEstimated": 0.76,
    "time": "bmo",
    "revenue": 812987000,
    "revenueEstimated": 548766225,
    "updatedFromDate": "2025-04-25",
    "fiscalDateEnding": "2021-09-30"
  },
  {
    "date": "2021-08-03",
    "symbol": "INCY",
    "eps": 0.8,
    "epsEstimated": 0.74,
    "time": "bmo",
    "revenue": 705709000,
    "revenueEstimated": 685880000,
    "updatedFromDate": "2025-04-25",
    "fiscalDateEnding": "2021-06-30"
  },
  {
    "date": "2021-05-04",
    "symbol": "INCY",
    "eps": 0.67,
    "epsEstimated": 0.65,
    "time": "bmo",
    "revenue": 604718000,
    "revenueEstimated": 656800000,
    "updatedFromDate": "2025-04-25",
    "fiscalDateEnding": "2021-03-31"
  },
  {
    "date": "2021-02-09",
    "symbol": "INCY",
    "eps": 0.93,
    "epsEstimated": 0.82,
    "time": "bmo",
    "revenue": 789509000,
    "revenueEstimated": 662710000,
    "updatedFromDate": "2025-04-25",
    "fiscalDateEnding": "2020-12-31"
  },
  {
    "date": "2020-11-05",
    "symbol": "INCY",
    "eps": 0.23,
    "epsEstimated": 0.72,
    "time": "bmo",
    "revenue": 620643000,
    "revenueEstimated": 2023835869,
    "updatedFromDate": "2025-04-25",
    "fiscalDateEnding": "2020-09-30"
  },
  {
    "date": "2020-08-04",
    "symbol": "INCY",
    "eps": 1.24,
    "epsEstimated": 0.87,
    "time": "bmo",
    "revenue": 688043000,
    "revenueEstimated": 482739846,
    "updatedFromDate": "2025-04-25",
    "fiscalDateEnding": "2020-06-30"
  },
  {
    "date": "2020-05-05",
    "symbol": "INCY",
    "eps": -2.86,
    "epsEstimated": 0.08,
    "time": "bmo",
    "revenue": 568507000,
    "revenueEstimated": 121254989,
    "updatedFromDate": "2025-04-25",
    "fiscalDateEnding": "2020-03-31"
  },
  {
    "date": "2020-02-13",
    "symbol": "INCY",
    "eps": 0.65,
    "epsEstimated": 0.57,
    "time": "bmo",
    "revenue": 579389000,
    "revenueEstimated": 508079584,
    "updatedFromDate": "2025-04-25",
    "fiscalDateEnding": "2019-12-31"
  },
  {
    "date": "2019-10-29",
    "symbol": "INCY",
    "eps": 0.82,
    "epsEstimated": 0.65,
    "time": "bmo",
    "revenue": 551581000,
    "revenueEstimated": 437228841,
    "updatedFromDate": "2025-04-25",
    "fiscalDateEnding": "2019-09-30"
  },
  {
    "date": "2019-07-30",
    "symbol": "INCY",
    "eps": 0.75,
    "epsEstimated": 0.49,
    "time": "bmo",
    "revenue": 529932000,
    "revenueEstimated": 339156479,
    "updatedFromDate": "2025-04-25",
    "fiscalDateEnding": "2019-06-30"
  },
  {
    "date": "2019-04-30",
    "symbol": "INCY",
    "eps": 0.62,
    "epsEstimated": 0.4,
    "time": "bmo",
    "revenue": 497857000,
    "revenueEstimated": 321198064,
    "updatedFromDate": "2025-04-25",
    "fiscalDateEnding": "2019-03-31"
  },
  {
    "date": "2019-02-14",
    "symbol": "INCY",
    "eps": 0.4,
    "epsEstimated": 0.46,
    "time": "bmo",
    "revenue": 528402000,
    "revenueEstimated": 607662300,
    "updatedFromDate": "2025-04-25",
    "fiscalDateEnding": "2018-12-31"
  },
  {
    "date": "2018-10-30",
    "symbol": "INCY",
    "eps": 0.38,
    "epsEstimated": 0.4,
    "time": "bmo",
    "revenue": 449683000,
    "revenueEstimated": 473350526,
    "updatedFromDate": "2025-04-25",
    "fiscalDateEnding": "2018-09-30"
  },
  {
    "date": "2018-07-31",
    "symbol": "INCY",
    "eps": 0.26,
    "epsEstimated": 0.34,
    "time": "bmo",
    "revenue": 521516000,
    "revenueEstimated": 702019230,
    "updatedFromDate": "2025-04-25",
    "fiscalDateEnding": "2018-06-30"
  },
  {
    "date": "2018-05-01",
    "symbol": "INCY",
    "eps": -0.01,
    "epsEstimated": -0.00441,
    "time": "bmo",
    "revenue": 382282000,
    "revenueEstimated": 1529200000,
    "updatedFromDate": "2025-04-25",
    "fiscalDateEnding": "2018-03-31"
  },
  {
    "date": "2018-02-15",
    "symbol": "INCY",
    "eps": 0.02,
    "epsEstimated": -0.52,
    "time": "bmo",
    "revenue": 444156000,
    "revenueEstimated": 275278873,
    "updatedFromDate": "2025-04-25",
    "fiscalDateEnding": "2017-12-31"
  },
  {
    "date": "2017-10-31",
    "symbol": "INCY",
    "eps": 0.17,
    "epsEstimated": 0.06,
    "time": "bmo",
    "revenue": 381534000,
    "revenueEstimated": 157088235,
    "updatedFromDate": "2025-04-25",
    "fiscalDateEnding": "2017-09-30"
  },
  {
    "date": "2017-08-01",
    "symbol": "INCY",
    "eps": -0.06,
    "epsEstimated": -0.05,
    "time": "bmo",
    "revenue": 326444000,
    "revenueEstimated": 272000000,
    "updatedFromDate": "2025-04-25",
    "fiscalDateEnding": "2017-06-30"
  },
  {
    "date": "2017-05-04",
    "symbol": "INCY",
    "eps": -0.96,
    "epsEstimated": -0.97,
    "time": "bmo",
    "revenue": 384082000,
    "revenueEstimated": 400104166,
    "updatedFromDate": "2025-04-25",
    "fiscalDateEnding": "2017-03-31"
  },
  {
    "date": "2017-02-14",
    "symbol": "INCY",
    "eps": 0.15,
    "epsEstimated": 0.14,
    "time": "bmo",
    "revenue": 326498000,
    "revenueEstimated": 848899999,
    "updatedFromDate": "2025-04-25",
    "fiscalDateEnding": "2016-12-31"
  },
  {
    "date": "2016-11-01",
    "symbol": "INCY",
    "eps": 0.11,
    "epsEstimated": 0.00649,
    "time": "bmo",
    "revenue": 269469000,
    "revenueEstimated": 14184210,
    "updatedFromDate": "2025-04-25",
    "fiscalDateEnding": "2016-09-30"
  },
  {
    "date": "2016-08-09",
    "symbol": "INCY",
    "eps": 0.19,
    "epsEstimated": 0.01466,
    "time": "bmo",
    "revenue": 246288000,
    "revenueEstimated": 27366666,
    "updatedFromDate": "2025-04-25",
    "fiscalDateEnding": "2016-06-30"
  }
]