[
  {
    "date": "2026-04-22",
    "symbol": "INTC",
    "eps": null,
    "epsEstimated": null,
    "time": "amc",
    "revenue": null,
    "revenueEstimated": null,
    "updatedFromDate": "2025-10-02",
    "fiscalDateEnding": "2026-03-28"
  },
  {
    "date": "2026-01-28",
    "symbol": "INTC",
    "eps": null,
    "epsEstimated": null,
    "time": "amc",
    "revenue": null,
    "revenueEstimated": null,
    "updatedFromDate": "2025-10-02",
    "fiscalDateEnding": "2025-12-28"
  },
  {
    "date": "2025-10-30",
    "symbol": "INTC",
    "eps": null,
    "epsEstimated": 0.00471,
    "time": "bmo",
    "revenue": null,
    "revenueEstimated": 13099259420,
    "updatedFromDate": "2025-10-02",
    "fiscalDateEnding": "2025-09-28"
  },
  {
    "date": "2025-07-24",
    "symbol": "INTC",
    "eps": -0.1,
    "epsEstimated": 0.01206,
    "time": "amc",
    "revenue": 12859000000,
    "revenueEstimated": 11984431026,
    "updatedFromDate": "2025-10-02",
    "fiscalDateEnding": "2025-06-28"
  },
  {
    "date": "2025-04-24",
    "symbol": "INTC",
    "eps": 0.13,
    "epsEstimated": 0.0068,
    "time": "amc",
    "revenue": 12667000000,
    "revenueEstimated": 12302254680,
    "updatedFromDate": "2025-07-24",
    "fiscalDateEnding": "2025-03-29"
  },
  {
    "date": "2025-01-30",
    "symbol": "INTC",
    "eps": 0.13,
    "epsEstimated": 0.1189,
    "time": "amc",
    "revenue": 14260000000,
    "revenueEstimated": 13826914818,
    "updatedFromDate": "2025-04-25",
    "fiscalDateEnding": "2024-12-28"
  },
  {
    "date": "2024-10-31",
    "symbol": "INTC",
    "eps": -0.46,
    "epsEstimated": -0.021,
    "time": "amc",
    "revenue": 13284000000,
    "revenueEstimated": 13020039516,
    "updatedFromDate": "2025-04-18",
    "fiscalDateEnding": "2024-09-28"
  },
  {
    "date": "2024-08-01",
    "symbol": "INTC",
    "eps": 0.02,
    "epsEstimated": 0.1008,
    "time": "amc",
    "revenue": 12833000000,
    "revenueEstimated": 12922131478,
    "updatedFromDate": "2025-04-18",
    "fiscalDateEnding": "2024-06-29"
  },
  {
    "date": "2024-04-25",
    "symbol": "INTC",
    "eps": 0.18,
    "epsEstimated": 0.1373,
    "time": "amc",
    "revenue": 12724000000,
    "revenueEstimated": 12798603957,
    "updatedFromDate": "2025-04-18",
    "fiscalDateEnding": "2024-03-31"
  },
  {
    "date": "2024-01-25",
    "symbol": "INTC",
    "eps": 0.54,
    "epsEstimated": 0.45,
    "time": "amc",
    "revenue": 15406000000,
    "revenueEstimated": 15155600000,
    "updatedFromDate": "2025-04-18",
    "fiscalDateEnding": "2023-12-30"
  },
  {
    "date": "2023-10-26",
    "symbol": "INTC",
    "eps": 0.41,
    "epsEstimated": 0.21,
    "time": "amc",
    "revenue": 14158000000,
    "revenueEstimated": 13491800000,
    "updatedFromDate": "2025-04-18",
    "fiscalDateEnding": "2023-09-30"
  },
  {
    "date": "2023-07-27",
    "symbol": "INTC",
    "eps": 0.13,
    "epsEstimated": 0.02232,
    "time": "amc",
    "revenue": 12949000000,
    "revenueEstimated": 10965900000,
    "updatedFromDate": "2025-04-18",
    "fiscalDateEnding": "2023-07-01"
  },
  {
    "date": "2023-04-27",
    "symbol": "INTC",
    "eps": -0.04,
    "epsEstimated": -0.16,
    "time": "amc",
    "revenue": 11715000000,
    "revenueEstimated": 11042900000,
    "updatedFromDate": "2025-04-18",
    "fiscalDateEnding": "2023-04-01"
  },
  {
    "date": "2023-01-26",
    "symbol": "INTC",
    "eps": 0.1,
    "epsEstimated": 0.2,
    "time": "amc",
    "revenue": 14042000000,
    "revenueEstimated": 14491002027,
    "updatedFromDate": "2025-04-18",
    "fiscalDateEnding": "2022-12-31"
  },
  {
    "date": "2022-10-27",
    "symbol": "INTC",
    "eps": 0.59,
    "epsEstimated": 0.34,
    "time": "amc",
    "revenue": 15338000000,
    "revenueEstimated": 15259973836,
    "updatedFromDate": "2025-04-18",
    "fiscalDateEnding": "2022-10-01"
  },
  {
    "date": "2022-07-28",
    "symbol": "INTC",
    "eps": 0.29,
    "epsEstimated": 0.69,
    "time": "amc",
    "revenue": 15321000000,
    "revenueEstimated": 17956457648,
    "updatedFromDate": "2025-04-18",
    "fiscalDateEnding": "2022-07-02"
  },
  {
    "date": "2022-04-28",
    "symbol": "INTC",
    "eps": 0.87,
    "epsEstimated": 0.8,
    "time": "amc",
    "revenue": 18353000000,
    "revenueEstimated": 18325223438,
    "updatedFromDate": "2025-04-18",
    "fiscalDateEnding": "2022-04-02"
  },
  {
    "date": "2022-01-26",
    "symbol": "INTC",
    "eps": 1.09,
    "epsEstimated": 0.91,
    "time": "amc",
    "revenue": 20528000000,
    "revenueEstimated": 18318100000,
    "updatedFromDate": "2025-04-18",
    "fiscalDateEnding": "2021-12-25"
  },
  {
    "date": "2021-10-21",
    "symbol": "INTC",
    "eps": 1.71,
    "epsEstimated": 1.11,
    "time": "amc",
    "revenue": 19192000000,
    "revenueEstimated": 18238500000,
    "updatedFromDate": "2025-04-18",
    "fiscalDateEnding": "2021-09-25"
  },
  {
    "date": "2021-07-22",
    "symbol": "INTC",
    "eps": 1.28,
    "epsEstimated": 1.06,
    "time": "amc",
    "revenue": 19631000000,
    "revenueEstimated": 18237500000,
    "updatedFromDate": "2025-04-18",
    "fiscalDateEnding": "2021-06-26"
  },
  {
    "date": "2021-04-22",
    "symbol": "INTC",
    "eps": 1.39,
    "epsEstimated": 1.15,
    "time": "amc",
    "revenue": 19673000000,
    "revenueEstimated": 17544400000,
    "updatedFromDate": "2025-04-18",
    "fiscalDateEnding": "2021-03-27"
  },
  {
    "date": "2021-01-21",
    "symbol": "INTC",
    "eps": 1.52,
    "epsEstimated": 1.1,
    "time": "amc",
    "revenue": 19978000000,
    "revenueEstimated": 18525054544,
    "updatedFromDate": "2025-04-18",
    "fiscalDateEnding": "2020-12-26"
  },
  {
    "date": "2020-10-22",
    "symbol": "INTC",
    "eps": 1.11,
    "epsEstimated": 1.11,
    "time": "amc",
    "revenue": 18333000000,
    "revenueEstimated": 18333000000,
    "updatedFromDate": "2025-04-18",
    "fiscalDateEnding": "2020-09-26"
  },
  {
    "date": "2020-07-23",
    "symbol": "INTC",
    "eps": 1.23,
    "epsEstimated": 1.11,
    "time": "amc",
    "revenue": 19728000000,
    "revenueEstimated": 17803317073,
    "updatedFromDate": "2025-04-18",
    "fiscalDateEnding": "2020-06-27"
  },
  {
    "date": "2020-04-23",
    "symbol": "INTC",
    "eps": 1.45,
    "epsEstimated": 1.28,
    "time": "amc",
    "revenue": 19828000000,
    "revenueEstimated": 17503337931,
    "updatedFromDate": "2025-04-18",
    "fiscalDateEnding": "2020-03-28"
  },
  {
    "date": "2020-01-23",
    "symbol": "INTC",
    "eps": 1.52,
    "epsEstimated": 1.25,
    "time": "amc",
    "revenue": 20209000000,
    "revenueEstimated": 16619243421,
    "updatedFromDate": "2025-04-18",
    "fiscalDateEnding": "2019-12-28"
  },
  {
    "date": "2019-10-24",
    "symbol": "INTC",
    "eps": 1.42,
    "epsEstimated": 1.24,
    "time": "amc",
    "revenue": 19190000000,
    "revenueEstimated": 16757464788,
    "updatedFromDate": "2025-04-18",
    "fiscalDateEnding": "2019-09-28"
  },
  {
    "date": "2019-07-25",
    "symbol": "INTC",
    "eps": 1.06,
    "epsEstimated": 0.89,
    "time": "amc",
    "revenue": 16505000000,
    "revenueEstimated": 13857971698,
    "updatedFromDate": "2025-04-18",
    "fiscalDateEnding": "2019-06-29"
  },
  {
    "date": "2019-04-25",
    "symbol": "INTC",
    "eps": 0.89,
    "epsEstimated": 0.87,
    "time": "amc",
    "revenue": 16061000000,
    "revenueEstimated": 15700078651,
    "updatedFromDate": "2025-04-18",
    "fiscalDateEnding": "2019-03-30"
  },
  {
    "date": "2019-01-24",
    "symbol": "INTC",
    "eps": 1.28,
    "epsEstimated": 1.22,
    "time": "amc",
    "revenue": 18657000000,
    "revenueEstimated": 17782453125,
    "updatedFromDate": "2025-04-18",
    "fiscalDateEnding": "2018-12-29"
  },
  {
    "date": "2018-10-25",
    "symbol": "INTC",
    "eps": 1.4,
    "epsEstimated": 1.15,
    "time": "amc",
    "revenue": 19163000000,
    "revenueEstimated": 15741035714,
    "updatedFromDate": "2025-04-18",
    "fiscalDateEnding": "2018-09-29"
  },
  {
    "date": "2018-07-26",
    "symbol": "INTC",
    "eps": 1.04,
    "epsEstimated": 0.96,
    "time": "amc",
    "revenue": 16962000000,
    "revenueEstimated": 15657230769,
    "updatedFromDate": "2025-04-18",
    "fiscalDateEnding": "2018-06-30"
  },
  {
    "date": "2018-04-26",
    "symbol": "INTC",
    "eps": 0.87,
    "epsEstimated": 0.72,
    "time": "amc",
    "revenue": 16066000000,
    "revenueEstimated": 13296000000,
    "updatedFromDate": "2025-04-18",
    "fiscalDateEnding": "2018-03-31"
  },
  {
    "date": "2018-01-25",
    "symbol": "INTC",
    "eps": 1.08,
    "epsEstimated": 0.86,
    "time": "amc",
    "revenue": 17053000000,
    "revenueEstimated": 13737138888,
    "updatedFromDate": "2025-04-18",
    "fiscalDateEnding": "2017-12-30"
  },
  {
    "date": "2017-10-26",
    "symbol": "INTC",
    "eps": 1.01,
    "epsEstimated": 0.8,
    "time": "amc",
    "revenue": 16149000000,
    "revenueEstimated": 12791287128,
    "updatedFromDate": "2025-04-18",
    "fiscalDateEnding": "2017-09-30"
  },
  {
    "date": "2017-07-27",
    "symbol": "INTC",
    "eps": 0.72,
    "epsEstimated": 0.68,
    "time": "amc",
    "revenue": 14763000000,
    "revenueEstimated": 13942833333,
    "updatedFromDate": "2025-04-18",
    "fiscalDateEnding": "2017-07-01"
  },
  {
    "date": "2017-04-27",
    "symbol": "INTC",
    "eps": 0.66,
    "epsEstimated": 0.65,
    "time": "amc",
    "revenue": 14796000000,
    "revenueEstimated": 14571818181,
    "updatedFromDate": "2025-04-18",
    "fiscalDateEnding": "2017-04-01"
  },
  {
    "date": "2017-01-26",
    "symbol": "INTC",
    "eps": 0.79,
    "epsEstimated": 0.74,
    "time": "amc",
    "revenue": 16374000000,
    "revenueEstimated": 15544936708,
    "updatedFromDate": "2025-04-18",
    "fiscalDateEnding": "2016-12-31"
  },
  {
    "date": "2016-10-18",
    "symbol": "INTC",
    "eps": 0.8,
    "epsEstimated": 0.73,
    "time": "amc",
    "revenue": 15778000000,
    "revenueEstimated": 14397424999,
    "updatedFromDate": "2025-04-18",
    "fiscalDateEnding": "2016-10-01"
  },
  {
    "date": "2016-07-20",
    "symbol": "INTC",
    "eps": 0.59,
    "epsEstimated": 0.53,
    "time": "amc",
    "revenue": 13533000000,
    "revenueEstimated": 12156762711,
    "updatedFromDate": "2025-04-18",
    "fiscalDateEnding": "2016-07-02"
  }
]