[
  {
    "date": "2026-05-20",
    "symbol": "INTU",
    "eps": null,
    "epsEstimated": null,
    "time": "amc",
    "revenue": null,
    "revenueEstimated": null,
    "updatedFromDate": "2025-10-02",
    "fiscalDateEnding": "2026-04-30"
  },
  {
    "date": "2026-02-23",
    "symbol": "INTU",
    "eps": null,
    "epsEstimated": null,
    "time": "amc",
    "revenue": null,
    "revenueEstimated": null,
    "updatedFromDate": "2025-10-02",
    "fiscalDateEnding": "2026-01-31"
  },
  {
    "date": "2025-11-20",
    "symbol": "INTU",
    "eps": null,
    "epsEstimated": 3.1,
    "time": "bmo",
    "revenue": null,
    "revenueEstimated": 3759876030,
    "updatedFromDate": "2025-10-02",
    "fiscalDateEnding": "2025-10-31"
  },
  {
    "date": "2025-08-21",
    "symbol": "INTU",
    "eps": 2.75,
    "epsEstimated": 2.66,
    "time": "amc",
    "revenue": 3831000000,
    "revenueEstimated": 3743497871,
    "updatedFromDate": "2025-10-02",
    "fiscalDateEnding": "2025-07-31"
  },
  {
    "date": "2025-05-22",
    "symbol": "INTU",
    "eps": 11.65,
    "epsEstimated": 10.93,
    "time": "amc",
    "revenue": 7754000000,
    "revenueEstimated": 7567536893,
    "updatedFromDate": "2025-08-21",
    "fiscalDateEnding": "2025-04-30"
  },
  {
    "date": "2025-02-25",
    "symbol": "INTU",
    "eps": 3.32,
    "epsEstimated": 2.57,
    "time": "amc",
    "revenue": 3963000000,
    "revenueEstimated": 3834273674,
    "updatedFromDate": "2025-05-25",
    "fiscalDateEnding": "2025-01-31"
  },
  {
    "date": "2024-11-21",
    "symbol": "INTU",
    "eps": 2.5,
    "epsEstimated": 2.35,
    "time": "amc",
    "revenue": 3283000000,
    "revenueEstimated": 3139982647,
    "updatedFromDate": "2025-04-25",
    "fiscalDateEnding": "2024-10-31"
  },
  {
    "date": "2024-08-22",
    "symbol": "INTU",
    "eps": 1.99,
    "epsEstimated": 1.85,
    "time": "amc",
    "revenue": 3184000000,
    "revenueEstimated": 3084711015,
    "updatedFromDate": "2025-04-25",
    "fiscalDateEnding": "2024-07-31"
  },
  {
    "date": "2024-05-23",
    "symbol": "INTU",
    "eps": 9.88,
    "epsEstimated": 9.37,
    "time": "amc",
    "revenue": 6737000000,
    "revenueEstimated": 6647681357,
    "updatedFromDate": "2025-04-25",
    "fiscalDateEnding": "2024-04-30"
  },
  {
    "date": "2024-02-22",
    "symbol": "INTU",
    "eps": 2.63,
    "epsEstimated": 2.3,
    "time": "amc",
    "revenue": 3386000000,
    "revenueEstimated": 3386488777,
    "updatedFromDate": "2025-04-25",
    "fiscalDateEnding": "2024-01-31"
  },
  {
    "date": "2023-11-28",
    "symbol": "INTU",
    "eps": 2.47,
    "epsEstimated": 1.98,
    "time": "amc",
    "revenue": 2978000000,
    "revenueEstimated": 2877850000,
    "updatedFromDate": "2025-04-25",
    "fiscalDateEnding": "2023-10-31"
  },
  {
    "date": "2023-08-24",
    "symbol": "INTU",
    "eps": 1.65,
    "epsEstimated": 1.38,
    "time": "amc",
    "revenue": 2712000000,
    "revenueEstimated": 2933750000,
    "updatedFromDate": "2025-04-25",
    "fiscalDateEnding": "2023-07-31"
  },
  {
    "date": "2023-05-23",
    "symbol": "INTU",
    "eps": 8.92,
    "epsEstimated": 8.48,
    "time": "amc",
    "revenue": 6018000000,
    "revenueEstimated": 6096080000,
    "updatedFromDate": "2025-04-25",
    "fiscalDateEnding": "2023-04-30"
  },
  {
    "date": "2023-02-23",
    "symbol": "INTU",
    "eps": 2.2,
    "epsEstimated": 1.43,
    "time": "amc",
    "revenue": 3041000000,
    "revenueEstimated": 2910692677,
    "updatedFromDate": "2025-04-25",
    "fiscalDateEnding": "2023-01-31"
  },
  {
    "date": "2022-11-29",
    "symbol": "INTU",
    "eps": 1.66,
    "epsEstimated": 1.19,
    "time": "amc",
    "revenue": 2597000000,
    "revenueEstimated": 2497400516,
    "updatedFromDate": "2025-04-25",
    "fiscalDateEnding": "2022-10-31"
  },
  {
    "date": "2022-08-23",
    "symbol": "INTU",
    "eps": 1.1,
    "epsEstimated": 0.98,
    "time": "amc",
    "revenue": 2414000000,
    "revenueEstimated": 2343204793,
    "updatedFromDate": "2025-04-25",
    "fiscalDateEnding": "2022-07-31"
  },
  {
    "date": "2022-05-24",
    "symbol": "INTU",
    "eps": 7.65,
    "epsEstimated": 7.58,
    "time": "amc",
    "revenue": 5632000000,
    "revenueEstimated": 5513877034,
    "updatedFromDate": "2025-04-25",
    "fiscalDateEnding": "2022-04-30"
  },
  {
    "date": "2022-02-24",
    "symbol": "INTU",
    "eps": 1.55,
    "epsEstimated": 1.83,
    "time": "amc",
    "revenue": 2673000000,
    "revenueEstimated": 2725371092,
    "updatedFromDate": "2025-04-25",
    "fiscalDateEnding": "2022-01-31"
  },
  {
    "date": "2021-11-18",
    "symbol": "INTU",
    "eps": 1.53,
    "epsEstimated": 0.97,
    "time": "amc",
    "revenue": 2007000000,
    "revenueEstimated": 1812260000,
    "updatedFromDate": "2025-04-25",
    "fiscalDateEnding": "2021-10-31"
  },
  {
    "date": "2021-08-24",
    "symbol": "INTU",
    "eps": 1.97,
    "epsEstimated": 1.59,
    "time": "amc",
    "revenue": 2561000000,
    "revenueEstimated": 1812260000,
    "updatedFromDate": "2025-04-25",
    "fiscalDateEnding": "2021-07-31"
  },
  {
    "date": "2021-05-25",
    "symbol": "INTU",
    "eps": 6.07,
    "epsEstimated": 6.47,
    "time": "amc",
    "revenue": 4173000000,
    "revenueEstimated": 4622390000,
    "updatedFromDate": "2025-04-25",
    "fiscalDateEnding": "2021-04-30"
  },
  {
    "date": "2021-02-23",
    "symbol": "INTU",
    "eps": 0.68,
    "epsEstimated": 0.67,
    "time": "amc",
    "revenue": 1576000000,
    "revenueEstimated": 1974329670,
    "updatedFromDate": "2025-04-25",
    "fiscalDateEnding": "2021-01-31"
  },
  {
    "date": "2020-11-19",
    "symbol": "INTU",
    "eps": 0.94,
    "epsEstimated": 0.37,
    "time": "amc",
    "revenue": 1323000000,
    "revenueEstimated": 1179972972,
    "updatedFromDate": "2025-04-25",
    "fiscalDateEnding": "2020-10-31"
  },
  {
    "date": "2020-08-25",
    "symbol": "INTU",
    "eps": 1.81,
    "epsEstimated": 1.05,
    "time": "amc",
    "revenue": 1816000000,
    "revenueEstimated": 1241365713,
    "updatedFromDate": "2025-04-25",
    "fiscalDateEnding": "2020-07-31"
  },
  {
    "date": "2020-05-21",
    "symbol": "INTU",
    "eps": 4.49,
    "epsEstimated": 4.6,
    "time": "amc",
    "revenue": 3002000000,
    "revenueEstimated": 3075545657,
    "updatedFromDate": "2025-04-25",
    "fiscalDateEnding": "2020-04-30"
  },
  {
    "date": "2020-02-24",
    "symbol": "INTU",
    "eps": 1.16,
    "epsEstimated": 1.02,
    "time": "amc",
    "revenue": 1696000000,
    "revenueEstimated": 1491310344,
    "updatedFromDate": "2025-04-25",
    "fiscalDateEnding": "2020-01-31"
  },
  {
    "date": "2019-11-21",
    "symbol": "INTU",
    "eps": 0.41,
    "epsEstimated": 0.26,
    "time": "amc",
    "revenue": 1165000000,
    "revenueEstimated": 1038015000,
    "updatedFromDate": "2025-04-25",
    "fiscalDateEnding": "2019-10-31"
  },
  {
    "date": "2019-08-22",
    "symbol": "INTU",
    "eps": -0.09,
    "epsEstimated": -0.14,
    "time": "amc",
    "revenue": 994000000,
    "revenueEstimated": 1546222222,
    "updatedFromDate": "2025-04-25",
    "fiscalDateEnding": "2019-07-31"
  },
  {
    "date": "2019-05-23",
    "symbol": "INTU",
    "eps": 5.55,
    "epsEstimated": 5.4,
    "time": "amc",
    "revenue": 3272000000,
    "revenueEstimated": 3183567567,
    "updatedFromDate": "2025-04-25",
    "fiscalDateEnding": "2019-04-30"
  },
  {
    "date": "2019-02-21",
    "symbol": "INTU",
    "eps": 1,
    "epsEstimated": 0.86,
    "time": "amc",
    "revenue": 1502000000,
    "revenueEstimated": 1306740000,
    "updatedFromDate": "2025-04-25",
    "fiscalDateEnding": "2019-01-31"
  },
  {
    "date": "2018-11-19",
    "symbol": "INTU",
    "eps": 0.29,
    "epsEstimated": 0.11,
    "time": "amc",
    "revenue": 1016000000,
    "revenueEstimated": 385379310,
    "updatedFromDate": "2025-04-25",
    "fiscalDateEnding": "2018-10-31"
  },
  {
    "date": "2018-08-23",
    "symbol": "INTU",
    "eps": 0.32,
    "epsEstimated": 0.23,
    "time": "amc",
    "revenue": 988000000,
    "revenueEstimated": 621000000,
    "updatedFromDate": "2025-04-25",
    "fiscalDateEnding": "2018-07-31"
  },
  {
    "date": "2018-05-22",
    "symbol": "INTU",
    "eps": 4.82,
    "epsEstimated": 4.68,
    "time": "amc",
    "revenue": 2925000000,
    "revenueEstimated": 2827419087,
    "updatedFromDate": "2025-04-25",
    "fiscalDateEnding": "2018-04-30"
  },
  {
    "date": "2018-02-22",
    "symbol": "INTU",
    "eps": 0.35,
    "epsEstimated": 0.34,
    "time": "amc",
    "revenue": 1165000000,
    "revenueEstimated": 1300742857,
    "updatedFromDate": "2025-04-25",
    "fiscalDateEnding": "2018-01-31"
  },
  {
    "date": "2017-11-20",
    "symbol": "INTU",
    "eps": 0.11,
    "epsEstimated": 0.05,
    "time": "amc",
    "revenue": 886000000,
    "revenueEstimated": 657854996,
    "updatedFromDate": "2025-04-25",
    "fiscalDateEnding": "2017-10-31"
  },
  {
    "date": "2017-08-22",
    "symbol": "INTU",
    "eps": 0.2,
    "epsEstimated": 0.16,
    "time": "amc",
    "revenue": 842000000,
    "revenueEstimated": 731850000,
    "updatedFromDate": "2025-04-25",
    "fiscalDateEnding": "2017-07-31"
  },
  {
    "date": "2017-05-23",
    "symbol": "INTU",
    "eps": 3.9,
    "epsEstimated": 3.87,
    "time": "amc",
    "revenue": 2541000000,
    "revenueEstimated": 2521453846,
    "updatedFromDate": "2025-04-25",
    "fiscalDateEnding": "2017-04-30"
  },
  {
    "date": "2017-02-23",
    "symbol": "INTU",
    "eps": 0.26,
    "epsEstimated": 0.25,
    "time": "amc",
    "revenue": 1016000000,
    "revenueEstimated": 976923076,
    "updatedFromDate": "2025-04-25",
    "fiscalDateEnding": "2017-01-31"
  },
  {
    "date": "2016-11-17",
    "symbol": "INTU",
    "eps": 0.06,
    "epsEstimated": 0.02995,
    "time": "amc",
    "revenue": 778000000,
    "revenueEstimated": 389000000,
    "updatedFromDate": "2025-04-25",
    "fiscalDateEnding": "2016-10-31"
  },
  {
    "date": "2016-08-23",
    "symbol": "INTU",
    "eps": 0.08,
    "epsEstimated": 0.01247,
    "time": "amc",
    "revenue": 754000000,
    "revenueEstimated": 188500000,
    "updatedFromDate": "2025-04-25",
    "fiscalDateEnding": "2016-07-31"
  }
]