[
  {
    "date": "2026-04-28",
    "symbol": "INVH",
    "eps": null,
    "epsEstimated": null,
    "time": "amc",
    "revenue": null,
    "revenueEstimated": null,
    "updatedFromDate": "2025-10-02",
    "fiscalDateEnding": "2026-03-30"
  },
  {
    "date": "2026-02-24",
    "symbol": "INVH",
    "eps": null,
    "epsEstimated": null,
    "time": "amc",
    "revenue": null,
    "revenueEstimated": null,
    "updatedFromDate": "2025-10-02",
    "fiscalDateEnding": "2025-12-30"
  },
  {
    "date": "2025-10-29",
    "symbol": "INVH",
    "eps": null,
    "epsEstimated": 0.47,
    "time": "bmo",
    "revenue": null,
    "revenueEstimated": 679404970,
    "updatedFromDate": "2025-10-02",
    "fiscalDateEnding": "2025-09-30"
  },
  {
    "date": "2025-07-30",
    "symbol": "INVH",
    "eps": 0.23,
    "epsEstimated": 0.48,
    "time": "amc",
    "revenue": 681401000,
    "revenueEstimated": 681697820,
    "updatedFromDate": "2025-10-02",
    "fiscalDateEnding": "2025-06-30"
  },
  {
    "date": "2025-04-30",
    "symbol": "INVH",
    "eps": 0.27,
    "epsEstimated": 0.47,
    "time": "amc",
    "revenue": 674479000,
    "revenueEstimated": 664429660,
    "updatedFromDate": "2025-09-09",
    "fiscalDateEnding": "2025-03-31"
  },
  {
    "date": "2025-02-26",
    "symbol": "INVH",
    "eps": 0.23,
    "epsEstimated": 0.47,
    "time": "amc",
    "revenue": 659130000,
    "revenueEstimated": 658705280,
    "updatedFromDate": "2025-09-09",
    "fiscalDateEnding": "2024-12-31"
  },
  {
    "date": "2024-07-24",
    "symbol": "INVH",
    "eps": 0.12,
    "epsEstimated": 0.18,
    "time": "amc",
    "revenue": 653451000,
    "revenueEstimated": 642580000,
    "updatedFromDate": "2025-09-09",
    "fiscalDateEnding": "2024-06-30"
  },
  {
    "date": "2024-04-30",
    "symbol": "INVH",
    "eps": 0.23,
    "epsEstimated": 0.18,
    "time": "amc",
    "revenue": 646039000,
    "revenueEstimated": 642040000,
    "updatedFromDate": "2025-09-09",
    "fiscalDateEnding": "2024-03-31"
  },
  {
    "date": "2024-02-13",
    "symbol": "INVH",
    "eps": 0.21,
    "epsEstimated": 0.18,
    "time": "amc",
    "revenue": 624321000,
    "revenueEstimated": 623640000,
    "updatedFromDate": "2025-09-09",
    "fiscalDateEnding": "2023-12-31"
  },
  {
    "date": "2023-10-25",
    "symbol": "INVH",
    "eps": 0.21,
    "epsEstimated": 0.17,
    "time": "amc",
    "revenue": 617695000,
    "revenueEstimated": 611770000,
    "updatedFromDate": "2025-09-09",
    "fiscalDateEnding": "2023-09-30"
  },
  {
    "date": "2023-07-26",
    "symbol": "INVH",
    "eps": 0.22,
    "epsEstimated": 0.17,
    "time": "amc",
    "revenue": 600372000,
    "revenueEstimated": 605910000,
    "updatedFromDate": "2025-09-09",
    "fiscalDateEnding": "2023-06-30"
  },
  {
    "date": "2023-05-01",
    "symbol": "INVH",
    "eps": 0.2,
    "epsEstimated": 0.16,
    "time": "amc",
    "revenue": 589890000,
    "revenueEstimated": 591200000,
    "updatedFromDate": "2025-09-09",
    "fiscalDateEnding": "2023-03-31"
  },
  {
    "date": "2023-02-15",
    "symbol": "INVH",
    "eps": 0.16,
    "epsEstimated": 0.15,
    "time": "amc",
    "revenue": 579836000,
    "revenueEstimated": 568831618,
    "updatedFromDate": "2025-09-09",
    "fiscalDateEnding": "2022-12-31"
  },
  {
    "date": "2022-10-26",
    "symbol": "INVH",
    "eps": 0.13,
    "epsEstimated": 0.16,
    "time": "amc",
    "revenue": 568675000,
    "revenueEstimated": 561265248,
    "updatedFromDate": "2025-09-09",
    "fiscalDateEnding": "2022-09-30"
  },
  {
    "date": "2022-07-27",
    "symbol": "INVH",
    "eps": 0.18,
    "epsEstimated": 0.15,
    "time": "amc",
    "revenue": 557300000,
    "revenueEstimated": 539665583,
    "updatedFromDate": "2025-09-09",
    "fiscalDateEnding": "2022-06-30"
  },
  {
    "date": "2022-04-27",
    "symbol": "INVH",
    "eps": 0.15,
    "epsEstimated": 0.14,
    "time": "amc",
    "revenue": 532310000,
    "revenueEstimated": 526493293,
    "updatedFromDate": "2025-09-09",
    "fiscalDateEnding": "2022-03-31"
  },
  {
    "date": "2022-02-15",
    "symbol": "INVH",
    "eps": 0.12,
    "epsEstimated": 0.12,
    "time": "amc",
    "revenue": 520225000,
    "revenueEstimated": 516620831,
    "updatedFromDate": "2025-09-09",
    "fiscalDateEnding": "2021-12-31"
  },
  {
    "date": "2021-10-27",
    "symbol": "INVH",
    "eps": 0.12,
    "epsEstimated": 0.1,
    "time": "amc",
    "revenue": 509532000,
    "revenueEstimated": 495600000,
    "updatedFromDate": "2025-09-09",
    "fiscalDateEnding": "2021-09-30"
  },
  {
    "date": "2021-07-28",
    "symbol": "INVH",
    "eps": 0.11,
    "epsEstimated": 0.08,
    "time": "amc",
    "revenue": 491633000,
    "revenueEstimated": 480670000,
    "updatedFromDate": "2025-09-09",
    "fiscalDateEnding": "2021-06-30"
  },
  {
    "date": "2021-04-28",
    "symbol": "INVH",
    "eps": 0.1,
    "epsEstimated": 0.07,
    "time": "amc",
    "revenue": 475225000,
    "revenueEstimated": 448069285,
    "updatedFromDate": "2025-09-09",
    "fiscalDateEnding": "2021-03-31"
  },
  {
    "date": "2021-02-16",
    "symbol": "INVH",
    "eps": 0.13,
    "epsEstimated": 0.06,
    "time": "amc",
    "revenue": 464100000,
    "revenueEstimated": 430742812,
    "updatedFromDate": "2025-09-09",
    "fiscalDateEnding": "2020-12-31"
  },
  {
    "date": "2020-10-28",
    "symbol": "INVH",
    "eps": 0.06,
    "epsEstimated": 0.04429,
    "time": "amc",
    "revenue": 459184000,
    "revenueEstimated": 306122666,
    "updatedFromDate": "2025-09-09",
    "fiscalDateEnding": "2020-09-30"
  },
  {
    "date": "2020-08-03",
    "symbol": "INVH",
    "eps": 0.08,
    "epsEstimated": 0.06,
    "time": "amc",
    "revenue": 449755000,
    "revenueEstimated": 337316250,
    "updatedFromDate": "2025-09-09",
    "fiscalDateEnding": "2020-06-30"
  },
  {
    "date": "2020-05-06",
    "symbol": "INVH",
    "eps": 0.09,
    "epsEstimated": 0.05,
    "time": "amc",
    "revenue": 449789000,
    "revenueEstimated": 333968332,
    "updatedFromDate": "2025-09-09",
    "fiscalDateEnding": "2020-03-31"
  },
  {
    "date": "2020-02-18",
    "symbol": "INVH",
    "eps": 0.1,
    "epsEstimated": 0.06,
    "time": "amc",
    "revenue": 444277000,
    "revenueEstimated": 366528523,
    "updatedFromDate": "2025-09-09",
    "fiscalDateEnding": "2019-12-31"
  },
  {
    "date": "2019-10-29",
    "symbol": "INVH",
    "eps": 0.06,
    "epsEstimated": 0.03375,
    "time": "amc",
    "revenue": 443326000,
    "revenueEstimated": 221663000,
    "updatedFromDate": "2025-09-09",
    "fiscalDateEnding": "2019-09-30"
  },
  {
    "date": "2019-07-30",
    "symbol": "INVH",
    "eps": 0.07,
    "epsEstimated": 0.025,
    "time": "amc",
    "revenue": 441582000,
    "revenueEstimated": 364305150,
    "updatedFromDate": "2025-09-09",
    "fiscalDateEnding": "2019-06-30"
  },
  {
    "date": "2019-05-06",
    "symbol": "INVH",
    "eps": 0.04,
    "epsEstimated": 0.02,
    "time": "amc",
    "revenue": 435500000,
    "revenueEstimated": 217750000,
    "updatedFromDate": "2025-09-09",
    "fiscalDateEnding": "2019-03-31"
  },
  {
    "date": "2019-02-14",
    "symbol": "INVH",
    "eps": 0.11,
    "epsEstimated": 0.3,
    "time": "amc",
    "revenue": 432616000,
    "revenueEstimated": 86523200,
    "updatedFromDate": "2025-09-09",
    "fiscalDateEnding": "2018-12-31"
  },
  {
    "date": "2018-11-05",
    "symbol": "INVH",
    "eps": 0.00195,
    "epsEstimated": 0.29,
    "time": "bmo",
    "revenue": 434251000,
    "revenueEstimated": 843519539,
    "updatedFromDate": "2025-09-09",
    "fiscalDateEnding": "2018-09-30"
  },
  {
    "date": "2018-08-09",
    "symbol": "INVH",
    "eps": 0.02,
    "epsEstimated": 0.29,
    "time": "amc",
    "revenue": 432426000,
    "revenueEstimated": 144133333,
    "updatedFromDate": "2025-09-09",
    "fiscalDateEnding": "2018-06-30"
  },
  {
    "date": "2018-05-14",
    "symbol": "INVH",
    "eps": -0.03,
    "epsEstimated": 0.28,
    "time": "amc",
    "revenue": 423669000,
    "revenueEstimated": 423700000,
    "updatedFromDate": "2025-09-09",
    "fiscalDateEnding": "2018-03-31"
  },
  {
    "date": "2018-03-29",
    "symbol": "INVH",
    "eps": -0.08845,
    "epsEstimated": null,
    "time": "amc",
    "revenue": 329954000,
    "revenueEstimated": null,
    "updatedFromDate": "2025-09-09",
    "fiscalDateEnding": "2017-12-31"
  },
  {
    "date": "2017-11-08",
    "symbol": "INVH",
    "eps": -0.07,
    "epsEstimated": 0.08,
    "time": "amc",
    "revenue": 243536000,
    "revenueEstimated": 278285714,
    "updatedFromDate": "2025-09-09",
    "fiscalDateEnding": "2017-09-30"
  },
  {
    "date": "2017-08-10",
    "symbol": "INVH",
    "eps": 0.02,
    "epsEstimated": 0.024,
    "time": "amc",
    "revenue": 242216000,
    "revenueEstimated": 242200000,
    "updatedFromDate": "2025-09-09",
    "fiscalDateEnding": "2017-06-30"
  },
  {
    "date": "2017-05-11",
    "symbol": "INVH",
    "eps": -0.14,
    "epsEstimated": 0.25,
    "time": "amc",
    "revenue": 238750000,
    "revenueEstimated": 17057142,
    "updatedFromDate": "2025-09-09",
    "fiscalDateEnding": "2017-03-31"
  },
  {
    "date": "2017-03-30",
    "symbol": "INVH",
    "eps": -0.12,
    "epsEstimated": -0.05,
    "time": "bmo",
    "revenue": 234551000,
    "revenueEstimated": null,
    "updatedFromDate": "2025-09-09",
    "fiscalDateEnding": "2016-12-31"
  },
  {
    "date": "2016-09-30",
    "symbol": "INVH",
    "eps": -0.07265,
    "epsEstimated": null,
    "time": "amc",
    "revenue": 233038000,
    "revenueEstimated": null,
    "updatedFromDate": "2025-09-09",
    "fiscalDateEnding": "2016-09-30"
  },
  {
    "date": "2016-06-30",
    "symbol": "INVH",
    "eps": -0.06509,
    "epsEstimated": null,
    "time": "amc",
    "revenue": 230496000,
    "revenueEstimated": null,
    "updatedFromDate": "2025-09-09",
    "fiscalDateEnding": "2016-06-30"
  },
  {
    "date": "2016-03-31",
    "symbol": "INVH",
    "eps": -0.03302,
    "epsEstimated": null,
    "time": "amc",
    "revenue": 224502000,
    "revenueEstimated": null,
    "updatedFromDate": "2025-09-09",
    "fiscalDateEnding": "2016-03-31"
  }
]