[
  {
    "date": "2026-04-28",
    "symbol": "IP",
    "eps": null,
    "epsEstimated": null,
    "time": "bmo",
    "revenue": null,
    "revenueEstimated": null,
    "updatedFromDate": "2025-10-02",
    "fiscalDateEnding": "2026-03-30"
  },
  {
    "date": "2026-01-28",
    "symbol": "IP",
    "eps": null,
    "epsEstimated": null,
    "time": "bmo",
    "revenue": null,
    "revenueEstimated": null,
    "updatedFromDate": "2025-10-02",
    "fiscalDateEnding": "2025-12-30"
  },
  {
    "date": "2025-10-30",
    "symbol": "IP",
    "eps": null,
    "epsEstimated": 0.56,
    "time": "bmo",
    "revenue": null,
    "revenueEstimated": 6757783550,
    "updatedFromDate": "2025-10-02",
    "fiscalDateEnding": "2025-09-30"
  },
  {
    "date": "2025-07-31",
    "symbol": "IP",
    "eps": 0.2,
    "epsEstimated": 0.3887,
    "time": "bmo",
    "revenue": 6767000000,
    "revenueEstimated": 6649395470,
    "updatedFromDate": "2025-10-02",
    "fiscalDateEnding": "2025-06-30"
  },
  {
    "date": "2025-04-30",
    "symbol": "IP",
    "eps": 0.23,
    "epsEstimated": 0.3778,
    "time": "bmo",
    "revenue": 5901000000,
    "revenueEstimated": 6295519329,
    "updatedFromDate": "2025-07-30",
    "fiscalDateEnding": "2025-03-31"
  },
  {
    "date": "2025-01-30",
    "symbol": "IP",
    "eps": -0.02,
    "epsEstimated": 0.03,
    "time": "bmo",
    "revenue": 4580000000,
    "revenueEstimated": 4744633333,
    "updatedFromDate": "2025-04-30",
    "fiscalDateEnding": "2024-12-31"
  },
  {
    "date": "2024-10-31",
    "symbol": "IP",
    "eps": 0.44,
    "epsEstimated": 0.26,
    "time": "bmo",
    "revenue": 4686000000,
    "revenueEstimated": 4698332967,
    "updatedFromDate": "2025-04-25",
    "fiscalDateEnding": "2024-09-30"
  },
  {
    "date": "2024-07-24",
    "symbol": "IP",
    "eps": 0.55,
    "epsEstimated": 0.4,
    "time": "bmo",
    "revenue": 4734000000,
    "revenueEstimated": 4695200000,
    "updatedFromDate": "2025-04-25",
    "fiscalDateEnding": "2024-06-30"
  },
  {
    "date": "2024-04-25",
    "symbol": "IP",
    "eps": 0.17,
    "epsEstimated": 0.22,
    "time": "bmo",
    "revenue": 4619000000,
    "revenueEstimated": 4555133000,
    "updatedFromDate": "2025-04-25",
    "fiscalDateEnding": "2024-03-31"
  },
  {
    "date": "2024-02-01",
    "symbol": "IP",
    "eps": 0.41,
    "epsEstimated": 0.34,
    "time": "bmo",
    "revenue": 4601000000,
    "revenueEstimated": 4673840000,
    "updatedFromDate": "2025-04-25",
    "fiscalDateEnding": "2023-12-31"
  },
  {
    "date": "2023-10-26",
    "symbol": "IP",
    "eps": 0.64,
    "epsEstimated": 0.58,
    "time": "bmo",
    "revenue": 4613000000,
    "revenueEstimated": 4805320000,
    "updatedFromDate": "2025-04-25",
    "fiscalDateEnding": "2023-09-30"
  },
  {
    "date": "2023-07-27",
    "symbol": "IP",
    "eps": 0.59,
    "epsEstimated": 0.38,
    "time": "bmo",
    "revenue": 4682000000,
    "revenueEstimated": 4896580000,
    "updatedFromDate": "2025-04-25",
    "fiscalDateEnding": "2023-06-30"
  },
  {
    "date": "2023-04-27",
    "symbol": "IP",
    "eps": 0.53,
    "epsEstimated": 0.45,
    "time": "bmo",
    "revenue": 5020000000,
    "revenueEstimated": 4987030000,
    "updatedFromDate": "2025-04-25",
    "fiscalDateEnding": "2023-03-31"
  },
  {
    "date": "2023-01-31",
    "symbol": "IP",
    "eps": 0.87,
    "epsEstimated": 0.69,
    "time": "bmo",
    "revenue": 5133000000,
    "revenueEstimated": 5192200369,
    "updatedFromDate": "2025-04-25",
    "fiscalDateEnding": "2022-12-31"
  },
  {
    "date": "2022-10-27",
    "symbol": "IP",
    "eps": 1.01,
    "epsEstimated": 1.22,
    "time": "bmo",
    "revenue": 5402000000,
    "revenueEstimated": 5348099367,
    "updatedFromDate": "2025-04-25",
    "fiscalDateEnding": "2022-09-30"
  },
  {
    "date": "2022-07-28",
    "symbol": "IP",
    "eps": 1.24,
    "epsEstimated": 1.08,
    "time": "bmo",
    "revenue": 5389000000,
    "revenueEstimated": 5352092154,
    "updatedFromDate": "2025-04-25",
    "fiscalDateEnding": "2022-06-30"
  },
  {
    "date": "2022-04-28",
    "symbol": "IP",
    "eps": 0.76,
    "epsEstimated": 0.52,
    "time": "bmo",
    "revenue": 5237000000,
    "revenueEstimated": 5022383902,
    "updatedFromDate": "2025-04-25",
    "fiscalDateEnding": "2022-03-31"
  },
  {
    "date": "2022-01-27",
    "symbol": "IP",
    "eps": 0.78,
    "epsEstimated": 0.87,
    "time": "bmo",
    "revenue": 5086000000,
    "revenueEstimated": 5058203183,
    "updatedFromDate": "2025-04-25",
    "fiscalDateEnding": "2021-12-31"
  },
  {
    "date": "2021-10-27",
    "symbol": "IP",
    "eps": 1.35,
    "epsEstimated": 1.46,
    "time": "bmo",
    "revenue": 5714000000,
    "revenueEstimated": 5875470000,
    "updatedFromDate": "2025-04-25",
    "fiscalDateEnding": "2021-09-30"
  },
  {
    "date": "2021-07-29",
    "symbol": "IP",
    "eps": 1.06,
    "epsEstimated": 1.06,
    "time": "bmo",
    "revenue": 5616000000,
    "revenueEstimated": 5638420000,
    "updatedFromDate": "2025-04-25",
    "fiscalDateEnding": "2021-06-30"
  },
  {
    "date": "2021-04-29",
    "symbol": "IP",
    "eps": 0.76,
    "epsEstimated": 0.62,
    "time": "bmo",
    "revenue": 5363000000,
    "revenueEstimated": 4152000000,
    "updatedFromDate": "2025-04-25",
    "fiscalDateEnding": "2021-03-31"
  },
  {
    "date": "2021-02-04",
    "symbol": "IP",
    "eps": 0.75,
    "epsEstimated": 0.84,
    "time": "bmo",
    "revenue": 5239000000,
    "revenueEstimated": 5627074074,
    "updatedFromDate": "2025-04-25",
    "fiscalDateEnding": "2020-12-31"
  },
  {
    "date": "2020-10-29",
    "symbol": "IP",
    "eps": 0.71,
    "epsEstimated": 0.48,
    "time": "bmo",
    "revenue": 5123000000,
    "revenueEstimated": 3463436619,
    "updatedFromDate": "2025-04-25",
    "fiscalDateEnding": "2020-09-30"
  },
  {
    "date": "2020-07-30",
    "symbol": "IP",
    "eps": 0.77,
    "epsEstimated": 0.39,
    "time": "bmo",
    "revenue": 4866000000,
    "revenueEstimated": 3517468788,
    "updatedFromDate": "2025-04-25",
    "fiscalDateEnding": "2020-06-30"
  },
  {
    "date": "2020-04-30",
    "symbol": "IP",
    "eps": 0.57,
    "epsEstimated": 0.43,
    "time": "bmo",
    "revenue": 5352000000,
    "revenueEstimated": 4037473684,
    "updatedFromDate": "2025-04-25",
    "fiscalDateEnding": "2020-03-31"
  },
  {
    "date": "2020-01-30",
    "symbol": "IP",
    "eps": 1.09,
    "epsEstimated": 1.02,
    "time": "bmo",
    "revenue": 5498000000,
    "revenueEstimated": 5144917431,
    "updatedFromDate": "2025-04-25",
    "fiscalDateEnding": "2019-12-31"
  },
  {
    "date": "2019-10-31",
    "symbol": "IP",
    "eps": 1.09,
    "epsEstimated": 0.99,
    "time": "bmo",
    "revenue": 5568000000,
    "revenueEstimated": 5057174311,
    "updatedFromDate": "2025-04-25",
    "fiscalDateEnding": "2019-09-30"
  },
  {
    "date": "2019-07-25",
    "symbol": "IP",
    "eps": 1.15,
    "epsEstimated": 1.01,
    "time": "bmo",
    "revenue": 5667000000,
    "revenueEstimated": 4927826086,
    "updatedFromDate": "2025-04-25",
    "fiscalDateEnding": "2019-06-30"
  },
  {
    "date": "2019-04-25",
    "symbol": "IP",
    "eps": 1.11,
    "epsEstimated": 0.91,
    "time": "bmo",
    "revenue": 5643000000,
    "revenueEstimated": 4626243243,
    "updatedFromDate": "2025-04-25",
    "fiscalDateEnding": "2019-03-31"
  },
  {
    "date": "2019-01-31",
    "symbol": "IP",
    "eps": 1.65,
    "epsEstimated": 1.61,
    "time": "bmo",
    "revenue": 5951000000,
    "revenueEstimated": 5734600000,
    "updatedFromDate": "2025-04-25",
    "fiscalDateEnding": "2018-12-31"
  },
  {
    "date": "2018-10-25",
    "symbol": "IP",
    "eps": 1.56,
    "epsEstimated": 1.48,
    "time": "bmo",
    "revenue": 5901000000,
    "revenueEstimated": 5598384615,
    "updatedFromDate": "2025-04-25",
    "fiscalDateEnding": "2018-09-30"
  },
  {
    "date": "2018-07-26",
    "symbol": "IP",
    "eps": 1.19,
    "epsEstimated": 1.09,
    "time": "bmo",
    "revenue": 5833000000,
    "revenueEstimated": 5342831932,
    "updatedFromDate": "2025-04-25",
    "fiscalDateEnding": "2018-06-30"
  },
  {
    "date": "2018-04-26",
    "symbol": "IP",
    "eps": 0.94,
    "epsEstimated": 0.89,
    "time": "bmo",
    "revenue": 5621000000,
    "revenueEstimated": 5322010638,
    "updatedFromDate": "2025-04-25",
    "fiscalDateEnding": "2018-03-31"
  },
  {
    "date": "2018-02-01",
    "symbol": "IP",
    "eps": 1.27,
    "epsEstimated": 1.19,
    "time": "bmo",
    "revenue": 5711000000,
    "revenueEstimated": 5351251968,
    "updatedFromDate": "2025-04-25",
    "fiscalDateEnding": "2017-12-31"
  },
  {
    "date": "2017-10-25",
    "symbol": "IP",
    "eps": 1.08,
    "epsEstimated": 1.06,
    "time": "bmo",
    "revenue": 5913000000,
    "revenueEstimated": 5414833333,
    "updatedFromDate": "2025-04-25",
    "fiscalDateEnding": "2017-09-30"
  },
  {
    "date": "2017-07-27",
    "symbol": "IP",
    "eps": 0.65,
    "epsEstimated": 0.64,
    "time": "bmo",
    "revenue": 5772000000,
    "revenueEstimated": 5383000000,
    "updatedFromDate": "2025-04-25",
    "fiscalDateEnding": "2017-06-30"
  },
  {
    "date": "2017-04-27",
    "symbol": "IP",
    "eps": 0.6,
    "epsEstimated": 0.56,
    "time": "bmo",
    "revenue": 5511000000,
    "revenueEstimated": 4789866666,
    "updatedFromDate": "2025-04-25",
    "fiscalDateEnding": "2017-03-31"
  },
  {
    "date": "2017-02-02",
    "symbol": "IP",
    "eps": 0.73,
    "epsEstimated": 0.71,
    "time": "bmo",
    "revenue": 5381000000,
    "revenueEstimated": 3692972602,
    "updatedFromDate": "2025-04-25",
    "fiscalDateEnding": "2016-12-31"
  },
  {
    "date": "2016-10-27",
    "symbol": "IP",
    "eps": 0.91,
    "epsEstimated": 0.93,
    "time": "bmo",
    "revenue": 5266000000,
    "revenueEstimated": 5381736263,
    "updatedFromDate": "2025-04-25",
    "fiscalDateEnding": "2016-09-30"
  },
  {
    "date": "2016-07-28",
    "symbol": "IP",
    "eps": 0.92,
    "epsEstimated": 0.84,
    "time": "bmo",
    "revenue": 5322000000,
    "revenueEstimated": 4859217391,
    "updatedFromDate": "2025-04-25",
    "fiscalDateEnding": "2016-06-30"
  }
]