[
  {
    "date": "2026-04-22",
    "symbol": "IPG",
    "eps": null,
    "epsEstimated": null,
    "time": "bmo",
    "revenue": null,
    "revenueEstimated": null,
    "updatedFromDate": "2025-10-02",
    "fiscalDateEnding": "2026-03-30"
  },
  {
    "date": "2026-02-10",
    "symbol": "IPG",
    "eps": null,
    "epsEstimated": null,
    "time": "bmo",
    "revenue": null,
    "revenueEstimated": null,
    "updatedFromDate": "2025-10-02",
    "fiscalDateEnding": "2025-12-30"
  },
  {
    "date": "2025-10-28",
    "symbol": "IPG",
    "eps": null,
    "epsEstimated": 0.71,
    "time": "bmo",
    "revenue": null,
    "revenueEstimated": null,
    "updatedFromDate": "2025-10-02",
    "fiscalDateEnding": "2025-09-30"
  },
  {
    "date": "2025-07-22",
    "symbol": "IPG",
    "eps": 0.75,
    "epsEstimated": 0.562,
    "time": "bmo",
    "revenue": 2536800000,
    "revenueEstimated": 2168002860,
    "updatedFromDate": "2025-10-02",
    "fiscalDateEnding": "2025-06-30"
  },
  {
    "date": "2025-04-24",
    "symbol": "IPG",
    "eps": 0.33,
    "epsEstimated": 0.26,
    "time": "bmo",
    "revenue": 2322600000,
    "revenueEstimated": 1982860000,
    "updatedFromDate": "2025-07-24",
    "fiscalDateEnding": "2025-03-31"
  },
  {
    "date": "2025-02-12",
    "symbol": "IPG",
    "eps": 1.11,
    "epsEstimated": 1.15,
    "time": "bmo",
    "revenue": 2857000000,
    "revenueEstimated": 2120589260,
    "updatedFromDate": "2025-05-12",
    "fiscalDateEnding": "2024-12-31"
  },
  {
    "date": "2024-10-22",
    "symbol": "IPG",
    "eps": 0.7,
    "epsEstimated": 0.7,
    "time": "bmo",
    "revenue": 2628800000,
    "revenueEstimated": 2549020000,
    "updatedFromDate": "2025-04-25",
    "fiscalDateEnding": "2024-09-30"
  },
  {
    "date": "2024-07-24",
    "symbol": "IPG",
    "eps": 0.61,
    "epsEstimated": 0.59,
    "time": "bmo",
    "revenue": 2710000000,
    "revenueEstimated": 2328081442,
    "updatedFromDate": "2025-04-25",
    "fiscalDateEnding": "2024-06-30"
  },
  {
    "date": "2024-04-24",
    "symbol": "IPG",
    "eps": 0.36,
    "epsEstimated": 0.35,
    "time": "bmo",
    "revenue": 2495900000,
    "revenueEstimated": 2184361220,
    "updatedFromDate": "2025-04-25",
    "fiscalDateEnding": "2024-03-31"
  },
  {
    "date": "2024-02-08",
    "symbol": "IPG",
    "eps": 1.18,
    "epsEstimated": 1.13,
    "time": "bmo",
    "revenue": 3023300000,
    "revenueEstimated": 2567170000,
    "updatedFromDate": "2025-04-25",
    "fiscalDateEnding": "2023-12-31"
  },
  {
    "date": "2023-10-20",
    "symbol": "IPG",
    "eps": 0.7,
    "epsEstimated": 0.73,
    "time": "bmo",
    "revenue": 2678500000,
    "revenueEstimated": 2639610000,
    "updatedFromDate": "2025-04-25",
    "fiscalDateEnding": "2023-09-30"
  },
  {
    "date": "2023-07-21",
    "symbol": "IPG",
    "eps": 0.57,
    "epsEstimated": 0.6,
    "time": "bmo",
    "revenue": 2666500000,
    "revenueEstimated": 2391660000,
    "updatedFromDate": "2025-04-25",
    "fiscalDateEnding": "2023-06-30"
  },
  {
    "date": "2023-04-27",
    "symbol": "IPG",
    "eps": 0.38,
    "epsEstimated": 0.34,
    "time": "bmo",
    "revenue": 2521000000,
    "revenueEstimated": 2200940000,
    "updatedFromDate": "2025-04-25",
    "fiscalDateEnding": "2023-03-31"
  },
  {
    "date": "2023-02-09",
    "symbol": "IPG",
    "eps": 1.02,
    "epsEstimated": 1.02,
    "time": "bmo",
    "revenue": 2985900000,
    "revenueEstimated": 2539824800,
    "updatedFromDate": "2025-04-25",
    "fiscalDateEnding": "2022-12-31"
  },
  {
    "date": "2022-10-21",
    "symbol": "IPG",
    "eps": 0.63,
    "epsEstimated": 0.59,
    "time": "bmo",
    "revenue": 2637700000,
    "revenueEstimated": 2283998800,
    "updatedFromDate": "2025-04-25",
    "fiscalDateEnding": "2022-09-30"
  },
  {
    "date": "2022-07-21",
    "symbol": "IPG",
    "eps": 0.63,
    "epsEstimated": 0.58,
    "time": "bmo",
    "revenue": 2735700000,
    "revenueEstimated": 2323203333,
    "updatedFromDate": "2025-04-25",
    "fiscalDateEnding": "2022-06-30"
  },
  {
    "date": "2022-04-28",
    "symbol": "IPG",
    "eps": 0.47,
    "epsEstimated": 0.4,
    "time": "bmo",
    "revenue": 2568500000,
    "revenueEstimated": 2175936500,
    "updatedFromDate": "2025-04-25",
    "fiscalDateEnding": "2022-03-31"
  },
  {
    "date": "2022-02-10",
    "symbol": "IPG",
    "eps": 0.82,
    "epsEstimated": 0.81,
    "time": "bmo",
    "revenue": 2932100000,
    "revenueEstimated": 2512653456,
    "updatedFromDate": "2025-04-25",
    "fiscalDateEnding": "2021-12-31"
  },
  {
    "date": "2021-10-21",
    "symbol": "IPG",
    "eps": 0.63,
    "epsEstimated": 0.49,
    "time": "bmo",
    "revenue": 2542000000,
    "revenueEstimated": 2158150000,
    "updatedFromDate": "2025-04-25",
    "fiscalDateEnding": "2021-09-30"
  },
  {
    "date": "2021-07-21",
    "symbol": "IPG",
    "eps": 0.7,
    "epsEstimated": 0.42,
    "time": "bmo",
    "revenue": 2509600000,
    "revenueEstimated": 2158150000,
    "updatedFromDate": "2025-04-25",
    "fiscalDateEnding": "2021-06-30"
  },
  {
    "date": "2021-04-28",
    "symbol": "IPG",
    "eps": 0.45,
    "epsEstimated": 0.16,
    "time": "bmo",
    "revenue": 2257000000,
    "revenueEstimated": 1931190000,
    "updatedFromDate": "2025-04-25",
    "fiscalDateEnding": "2021-03-31"
  },
  {
    "date": "2021-02-10",
    "symbol": "IPG",
    "eps": 0.86,
    "epsEstimated": 0.82,
    "time": "bmo",
    "revenue": 2550000000,
    "revenueEstimated": 2279150000,
    "updatedFromDate": "2025-04-25",
    "fiscalDateEnding": "2020-12-31"
  },
  {
    "date": "2020-10-21",
    "symbol": "IPG",
    "eps": 0.53,
    "epsEstimated": 0.33,
    "time": "bmo",
    "revenue": 2125500000,
    "revenueEstimated": 1323424528,
    "updatedFromDate": "2025-04-25",
    "fiscalDateEnding": "2020-09-30"
  },
  {
    "date": "2020-07-29",
    "symbol": "IPG",
    "eps": 0.23,
    "epsEstimated": 0.2,
    "time": "bmo",
    "revenue": 2025700000,
    "revenueEstimated": 1761478260,
    "updatedFromDate": "2025-04-25",
    "fiscalDateEnding": "2020-06-30"
  },
  {
    "date": "2020-04-22",
    "symbol": "IPG",
    "eps": 0.11,
    "epsEstimated": 0.09,
    "time": "bmo",
    "revenue": 2359800000,
    "revenueEstimated": 1930745454,
    "updatedFromDate": "2025-04-25",
    "fiscalDateEnding": "2020-03-31"
  },
  {
    "date": "2020-02-12",
    "symbol": "IPG",
    "eps": 0.88,
    "epsEstimated": 0.83,
    "time": "bmo",
    "revenue": 2901800000,
    "revenueEstimated": 2736925000,
    "updatedFromDate": "2025-04-25",
    "fiscalDateEnding": "2019-12-31"
  },
  {
    "date": "2019-10-22",
    "symbol": "IPG",
    "eps": 0.49,
    "epsEstimated": 0.47,
    "time": "bmo",
    "revenue": 2438100000,
    "revenueEstimated": 2338585714,
    "updatedFromDate": "2025-04-25",
    "fiscalDateEnding": "2019-09-30"
  },
  {
    "date": "2019-07-23",
    "symbol": "IPG",
    "eps": 0.46,
    "epsEstimated": 0.44,
    "time": "bmo",
    "revenue": 2520200000,
    "revenueEstimated": 2410626086,
    "updatedFromDate": "2025-04-25",
    "fiscalDateEnding": "2019-06-30"
  },
  {
    "date": "2019-04-26",
    "symbol": "IPG",
    "eps": 0.11,
    "epsEstimated": 0.06,
    "time": "bmo",
    "revenue": 2361200000,
    "revenueEstimated": 858618181,
    "updatedFromDate": "2025-04-25",
    "fiscalDateEnding": "2019-03-31"
  },
  {
    "date": "2019-02-13",
    "symbol": "IPG",
    "eps": 0.89,
    "epsEstimated": 0.79,
    "time": "bmo",
    "revenue": 2856000000,
    "revenueEstimated": 2535101123,
    "updatedFromDate": "2025-04-25",
    "fiscalDateEnding": "2018-12-31"
  },
  {
    "date": "2018-10-19",
    "symbol": "IPG",
    "eps": 0.48,
    "epsEstimated": 0.45,
    "time": "bmo",
    "revenue": 2297500000,
    "revenueEstimated": 2201770833,
    "updatedFromDate": "2025-04-25",
    "fiscalDateEnding": "2018-09-30"
  },
  {
    "date": "2018-07-24",
    "symbol": "IPG",
    "eps": 0.43,
    "epsEstimated": 0.42,
    "time": "bmo",
    "revenue": 2391800000,
    "revenueEstimated": 2391800000,
    "updatedFromDate": "2025-04-25",
    "fiscalDateEnding": "2018-06-30"
  },
  {
    "date": "2018-04-27",
    "symbol": "IPG",
    "eps": 0.03,
    "epsEstimated": 0.0455,
    "time": "bmo",
    "revenue": 2169100000,
    "revenueEstimated": 3615166666,
    "updatedFromDate": "2025-04-25",
    "fiscalDateEnding": "2018-03-31"
  },
  {
    "date": "2018-02-14",
    "symbol": "IPG",
    "eps": 0.79,
    "epsEstimated": 0.77,
    "time": "bmo",
    "revenue": 2341000000,
    "revenueEstimated": 2524235443,
    "updatedFromDate": "2025-04-25",
    "fiscalDateEnding": "2017-12-31"
  },
  {
    "date": "2017-10-24",
    "symbol": "IPG",
    "eps": 0.31,
    "epsEstimated": 0.33,
    "time": "bmo",
    "revenue": 1902600000,
    "revenueEstimated": 2350664516,
    "updatedFromDate": "2025-04-25",
    "fiscalDateEnding": "2017-09-30"
  },
  {
    "date": "2017-07-25",
    "symbol": "IPG",
    "eps": 0.27,
    "epsEstimated": 0.34,
    "time": "bmo",
    "revenue": 1884900000,
    "revenueEstimated": 2752488888,
    "updatedFromDate": "2025-04-25",
    "fiscalDateEnding": "2017-06-30"
  },
  {
    "date": "2017-04-21",
    "symbol": "IPG",
    "eps": 0.05,
    "epsEstimated": 0.02779,
    "time": "bmo",
    "revenue": 1753900000,
    "revenueEstimated": 1446967498,
    "updatedFromDate": "2025-04-25",
    "fiscalDateEnding": "2017-03-31"
  },
  {
    "date": "2017-02-10",
    "symbol": "IPG",
    "eps": 0.75,
    "epsEstimated": 0.67,
    "time": "bmo",
    "revenue": 2264500000,
    "revenueEstimated": 3103529333,
    "updatedFromDate": "2025-04-25",
    "fiscalDateEnding": "2016-12-31"
  },
  {
    "date": "2016-10-21",
    "symbol": "IPG",
    "eps": 0.31,
    "epsEstimated": 0.29,
    "time": "bmo",
    "revenue": 1922200000,
    "revenueEstimated": 1798187096,
    "updatedFromDate": "2025-04-25",
    "fiscalDateEnding": "2016-09-30"
  },
  {
    "date": "2016-07-21",
    "symbol": "IPG",
    "eps": 0.33,
    "epsEstimated": 0.33,
    "time": "bmo",
    "revenue": 1917900000,
    "revenueEstimated": 1917900000,
    "updatedFromDate": "2025-04-25",
    "fiscalDateEnding": "2016-06-30"
  }
]