[
  {
    "date": "2026-05-04",
    "symbol": "IQV",
    "eps": null,
    "epsEstimated": null,
    "time": "bmo",
    "revenue": null,
    "revenueEstimated": null,
    "updatedFromDate": "2025-10-02",
    "fiscalDateEnding": "2026-03-30"
  },
  {
    "date": "2026-02-04",
    "symbol": "IQV",
    "eps": null,
    "epsEstimated": null,
    "time": "bmo",
    "revenue": null,
    "revenueEstimated": null,
    "updatedFromDate": "2025-10-02",
    "fiscalDateEnding": "2025-12-30"
  },
  {
    "date": "2025-10-28",
    "symbol": "IQV",
    "eps": null,
    "epsEstimated": 2.96,
    "time": "bmo",
    "revenue": null,
    "revenueEstimated": 4073771330,
    "updatedFromDate": "2025-10-02",
    "fiscalDateEnding": "2025-09-30"
  },
  {
    "date": "2025-07-22",
    "symbol": "IQV",
    "eps": 2.81,
    "epsEstimated": 2.77,
    "time": "bmo",
    "revenue": 4017000000,
    "revenueEstimated": 3969692319,
    "updatedFromDate": "2025-10-02",
    "fiscalDateEnding": "2025-06-30"
  },
  {
    "date": "2025-05-06",
    "symbol": "IQV",
    "eps": 2.7,
    "epsEstimated": 2.63,
    "time": "bmo",
    "revenue": 3829000000,
    "revenueEstimated": 3772771561,
    "updatedFromDate": "2025-08-06",
    "fiscalDateEnding": "2025-03-31"
  },
  {
    "date": "2025-02-06",
    "symbol": "IQV",
    "eps": 3.12,
    "epsEstimated": 3.11,
    "time": "bmo",
    "revenue": 3958000000,
    "revenueEstimated": 3927447947,
    "updatedFromDate": "2025-05-06",
    "fiscalDateEnding": "2024-12-31"
  },
  {
    "date": "2024-10-31",
    "symbol": "IQV",
    "eps": 2.84,
    "epsEstimated": 2.82,
    "time": "bmo",
    "revenue": 3896000000,
    "revenueEstimated": 3865399535,
    "updatedFromDate": "2025-04-25",
    "fiscalDateEnding": "2024-09-30"
  },
  {
    "date": "2024-07-22",
    "symbol": "IQV",
    "eps": 2.64,
    "epsEstimated": 2.56,
    "time": "bmo",
    "revenue": 3814000000,
    "revenueEstimated": 3789462513,
    "updatedFromDate": "2025-04-25",
    "fiscalDateEnding": "2024-06-30"
  },
  {
    "date": "2024-05-02",
    "symbol": "IQV",
    "eps": 2.54,
    "epsEstimated": 2.49,
    "time": "bmo",
    "revenue": 3740000000,
    "revenueEstimated": 3704307353,
    "updatedFromDate": "2025-04-25",
    "fiscalDateEnding": "2024-03-31"
  },
  {
    "date": "2024-02-14",
    "symbol": "IQV",
    "eps": 2.84,
    "epsEstimated": 2.82,
    "time": "bmo",
    "revenue": 3909000000,
    "revenueEstimated": 3795613086,
    "updatedFromDate": "2025-04-25",
    "fiscalDateEnding": "2023-12-31"
  },
  {
    "date": "2023-11-01",
    "symbol": "IQV",
    "eps": 2.49,
    "epsEstimated": 2.46,
    "time": "bmo",
    "revenue": 3736000000,
    "revenueEstimated": 3775420000,
    "updatedFromDate": "2025-04-25",
    "fiscalDateEnding": "2023-09-30"
  },
  {
    "date": "2023-08-01",
    "symbol": "IQV",
    "eps": 2.43,
    "epsEstimated": 2.37,
    "time": "bmo",
    "revenue": 3728000000,
    "revenueEstimated": 3708560000,
    "updatedFromDate": "2025-04-25",
    "fiscalDateEnding": "2023-06-30"
  },
  {
    "date": "2023-04-27",
    "symbol": "IQV",
    "eps": 2.45,
    "epsEstimated": 2.41,
    "time": "bmo",
    "revenue": 3652000000,
    "revenueEstimated": 3614190000,
    "updatedFromDate": "2025-04-25",
    "fiscalDateEnding": "2023-03-31"
  },
  {
    "date": "2023-02-10",
    "symbol": "IQV",
    "eps": 2.78,
    "epsEstimated": 2.75,
    "time": "bmo",
    "revenue": 3739000000,
    "revenueEstimated": 3707569210,
    "updatedFromDate": "2025-04-25",
    "fiscalDateEnding": "2022-12-31"
  },
  {
    "date": "2022-10-26",
    "symbol": "IQV",
    "eps": 2.48,
    "epsEstimated": 2.39,
    "time": "bmo",
    "revenue": 3562000000,
    "revenueEstimated": 3540484401,
    "updatedFromDate": "2025-04-25",
    "fiscalDateEnding": "2022-09-30"
  },
  {
    "date": "2022-07-21",
    "symbol": "IQV",
    "eps": 2.44,
    "epsEstimated": 2.39,
    "time": "bmo",
    "revenue": 3541000000,
    "revenueEstimated": 3494020084,
    "updatedFromDate": "2025-04-25",
    "fiscalDateEnding": "2022-06-30"
  },
  {
    "date": "2022-04-27",
    "symbol": "IQV",
    "eps": 2.47,
    "epsEstimated": 2.43,
    "time": "bmo",
    "revenue": 3568000000,
    "revenueEstimated": 3538796384,
    "updatedFromDate": "2025-04-25",
    "fiscalDateEnding": "2022-03-31"
  },
  {
    "date": "2022-02-15",
    "symbol": "IQV",
    "eps": 2.55,
    "epsEstimated": 2.43,
    "time": "bmo",
    "revenue": 3636000000,
    "revenueEstimated": 3591686450,
    "updatedFromDate": "2025-04-25",
    "fiscalDateEnding": "2021-12-31"
  },
  {
    "date": "2021-10-21",
    "symbol": "IQV",
    "eps": 2.17,
    "epsEstimated": 2.13,
    "time": "bmo",
    "revenue": 3391000000,
    "revenueEstimated": 3350290000,
    "updatedFromDate": "2025-04-25",
    "fiscalDateEnding": "2021-09-30"
  },
  {
    "date": "2021-07-27",
    "symbol": "IQV",
    "eps": 2.13,
    "epsEstimated": 2.07,
    "time": "bmo",
    "revenue": 3438000000,
    "revenueEstimated": 3350290000,
    "updatedFromDate": "2025-04-25",
    "fiscalDateEnding": "2021-06-30"
  },
  {
    "date": "2021-04-22",
    "symbol": "IQV",
    "eps": 2.18,
    "epsEstimated": 1.85,
    "time": "bmo",
    "revenue": 3409000000,
    "revenueEstimated": 3168070000,
    "updatedFromDate": "2025-04-25",
    "fiscalDateEnding": "2021-03-31"
  },
  {
    "date": "2021-02-10",
    "symbol": "IQV",
    "eps": 2.11,
    "epsEstimated": 2.01,
    "time": "bmo",
    "revenue": 3298000000,
    "revenueEstimated": 3143380000,
    "updatedFromDate": "2025-04-25",
    "fiscalDateEnding": "2020-12-31"
  },
  {
    "date": "2020-10-20",
    "symbol": "IQV",
    "eps": 1.63,
    "epsEstimated": 1.51,
    "time": "bmo",
    "revenue": 2786000000,
    "revenueEstimated": 2632171779,
    "updatedFromDate": "2025-04-25",
    "fiscalDateEnding": "2020-09-30"
  },
  {
    "date": "2020-07-22",
    "symbol": "IQV",
    "eps": 1.18,
    "epsEstimated": 1.05,
    "time": "bmo",
    "revenue": 2521000000,
    "revenueEstimated": 2264627118,
    "updatedFromDate": "2025-04-25",
    "fiscalDateEnding": "2020-06-30"
  },
  {
    "date": "2020-04-28",
    "symbol": "IQV",
    "eps": 1.5,
    "epsEstimated": 1.48,
    "time": "bmo",
    "revenue": 2754000000,
    "revenueEstimated": 2717280000,
    "updatedFromDate": "2025-04-25",
    "fiscalDateEnding": "2020-03-31"
  },
  {
    "date": "2020-02-12",
    "symbol": "IQV",
    "eps": 1.74,
    "epsEstimated": 1.72,
    "time": "bmo",
    "revenue": 2895000000,
    "revenueEstimated": 2861724137,
    "updatedFromDate": "2025-04-25",
    "fiscalDateEnding": "2019-12-31"
  },
  {
    "date": "2019-10-30",
    "symbol": "IQV",
    "eps": 1.6,
    "epsEstimated": 1.57,
    "time": "bmo",
    "revenue": 2769000000,
    "revenueEstimated": 2717081250,
    "updatedFromDate": "2025-04-25",
    "fiscalDateEnding": "2019-09-30"
  },
  {
    "date": "2019-07-24",
    "symbol": "IQV",
    "eps": 1.53,
    "epsEstimated": 1.49,
    "time": "bmo",
    "revenue": 2740000000,
    "revenueEstimated": 2668366013,
    "updatedFromDate": "2025-04-25",
    "fiscalDateEnding": "2019-06-30"
  },
  {
    "date": "2019-05-01",
    "symbol": "IQV",
    "eps": 1.53,
    "epsEstimated": 1.51,
    "time": "bmo",
    "revenue": 2684000000,
    "revenueEstimated": 2648915032,
    "updatedFromDate": "2025-04-25",
    "fiscalDateEnding": "2019-03-31"
  },
  {
    "date": "2019-02-14",
    "symbol": "IQV",
    "eps": 1.5,
    "epsEstimated": 1.47,
    "time": "bmo",
    "revenue": 2688000000,
    "revenueEstimated": 2634240000,
    "updatedFromDate": "2025-04-25",
    "fiscalDateEnding": "2018-12-31"
  },
  {
    "date": "2018-10-22",
    "symbol": "IQV",
    "eps": 1.42,
    "epsEstimated": 1.39,
    "time": "bmo",
    "revenue": 2594000000,
    "revenueEstimated": 2539197183,
    "updatedFromDate": "2025-04-25",
    "fiscalDateEnding": "2018-09-30"
  },
  {
    "date": "2018-07-24",
    "symbol": "IQV",
    "eps": 1.29,
    "epsEstimated": 1.24,
    "time": "bmo",
    "revenue": 2567000000,
    "revenueEstimated": 2447604651,
    "updatedFromDate": "2025-04-25",
    "fiscalDateEnding": "2018-06-30"
  },
  {
    "date": "2018-05-02",
    "symbol": "IQV",
    "eps": 1.34,
    "epsEstimated": 1.28,
    "time": "bmo",
    "revenue": 2563000000,
    "revenueEstimated": 2429111940,
    "updatedFromDate": "2025-04-25",
    "fiscalDateEnding": "2018-03-31"
  },
  {
    "date": "2018-02-14",
    "symbol": "IQV",
    "eps": 1.4,
    "epsEstimated": 1.34,
    "time": "bmo",
    "revenue": 2577000000,
    "revenueEstimated": 2412957142,
    "updatedFromDate": "2025-04-25",
    "fiscalDateEnding": "2017-12-31"
  },
  {
    "date": "2017-10-26",
    "symbol": "IQV",
    "eps": 1.19,
    "epsEstimated": 1.14,
    "time": "bmo",
    "revenue": 2465000000,
    "revenueEstimated": 2362386554,
    "updatedFromDate": "2025-04-25",
    "fiscalDateEnding": "2017-09-30"
  },
  {
    "date": "2017-08-03",
    "symbol": "IQV",
    "eps": 1.09,
    "epsEstimated": 1.05,
    "time": "bmo",
    "revenue": 2375000000,
    "revenueEstimated": 2268577981,
    "updatedFromDate": "2025-04-25",
    "fiscalDateEnding": "2017-06-30"
  },
  {
    "date": "2017-05-03",
    "symbol": "IQV",
    "eps": 1.01,
    "epsEstimated": 0.96,
    "time": "bmo",
    "revenue": 2322000000,
    "revenueEstimated": 2243168316,
    "updatedFromDate": "2025-04-25",
    "fiscalDateEnding": "2017-03-31"
  },
  {
    "date": "2017-02-14",
    "symbol": "IQV",
    "eps": 1.09,
    "epsEstimated": 1.05,
    "time": "bmo",
    "revenue": 2338000000,
    "revenueEstimated": 2252298165,
    "updatedFromDate": "2025-04-25",
    "fiscalDateEnding": "2016-12-31"
  },
  {
    "date": "2016-11-02",
    "symbol": "IQV",
    "eps": 1,
    "epsEstimated": 0.99,
    "time": "bmo",
    "revenue": 1497173000,
    "revenueEstimated": 1482228000,
    "updatedFromDate": "2025-04-25",
    "fiscalDateEnding": "2016-09-30"
  },
  {
    "date": "2016-07-27",
    "symbol": "IQV",
    "eps": 0.93,
    "epsEstimated": 0.9,
    "time": "bmo",
    "revenue": 1552673000,
    "revenueEstimated": 1502612903,
    "updatedFromDate": "2025-04-25",
    "fiscalDateEnding": "2016-06-30"
  }
]