[
  {
    "date": "2026-04-29",
    "symbol": "IR",
    "eps": null,
    "epsEstimated": null,
    "time": "amc",
    "revenue": null,
    "revenueEstimated": null,
    "updatedFromDate": "2025-10-02",
    "fiscalDateEnding": "2026-03-30"
  },
  {
    "date": "2026-02-11",
    "symbol": "IR",
    "eps": null,
    "epsEstimated": null,
    "time": "amc",
    "revenue": null,
    "revenueEstimated": null,
    "updatedFromDate": "2025-10-02",
    "fiscalDateEnding": "2025-12-30"
  },
  {
    "date": "2025-10-30",
    "symbol": "IR",
    "eps": null,
    "epsEstimated": 0.87,
    "time": "bmo",
    "revenue": null,
    "revenueEstimated": 1948340250,
    "updatedFromDate": "2025-10-02",
    "fiscalDateEnding": "2025-09-30"
  },
  {
    "date": "2025-07-31",
    "symbol": "IR",
    "eps": 0.8,
    "epsEstimated": 0.797,
    "time": "amc",
    "revenue": 1887900000,
    "revenueEstimated": 1847361278,
    "updatedFromDate": "2025-10-02",
    "fiscalDateEnding": "2025-06-30"
  },
  {
    "date": "2025-05-01",
    "symbol": "IR",
    "eps": 0.72,
    "epsEstimated": 0.733,
    "time": "amc",
    "revenue": 1716800000,
    "revenueEstimated": 1724945847,
    "updatedFromDate": "2025-08-01",
    "fiscalDateEnding": "2025-03-31"
  },
  {
    "date": "2025-02-13",
    "symbol": "IR",
    "eps": 0.84,
    "epsEstimated": 0.85,
    "time": "amc",
    "revenue": 1898600000,
    "revenueEstimated": 1908428883,
    "updatedFromDate": "2025-05-12",
    "fiscalDateEnding": "2024-12-31"
  },
  {
    "date": "2024-10-31",
    "symbol": "IR",
    "eps": 0.84,
    "epsEstimated": 0.822,
    "time": "amc",
    "revenue": 1861000000,
    "revenueEstimated": 1872804041,
    "updatedFromDate": "2025-04-25",
    "fiscalDateEnding": "2024-09-30"
  },
  {
    "date": "2024-07-31",
    "symbol": "IR",
    "eps": 0.83,
    "epsEstimated": 0.782,
    "time": "amc",
    "revenue": 1805300000,
    "revenueEstimated": 1799588182,
    "updatedFromDate": "2025-04-25",
    "fiscalDateEnding": "2024-06-30"
  },
  {
    "date": "2024-05-02",
    "symbol": "IR",
    "eps": 0.78,
    "epsEstimated": 0.688,
    "time": "amc",
    "revenue": 1670100000,
    "revenueEstimated": 1700640532,
    "updatedFromDate": "2025-04-25",
    "fiscalDateEnding": "2024-03-31"
  },
  {
    "date": "2024-02-15",
    "symbol": "IR",
    "eps": 0.86,
    "epsEstimated": 0.769,
    "time": "amc",
    "revenue": 1821400000,
    "revenueEstimated": 1776209859,
    "updatedFromDate": "2025-04-25",
    "fiscalDateEnding": "2023-12-31"
  },
  {
    "date": "2023-11-01",
    "symbol": "IR",
    "eps": 0.77,
    "epsEstimated": 0.7,
    "time": "amc",
    "revenue": 1738900000,
    "revenueEstimated": 1687190000,
    "updatedFromDate": "2025-04-25",
    "fiscalDateEnding": "2023-09-30"
  },
  {
    "date": "2023-08-02",
    "symbol": "IR",
    "eps": 0.68,
    "epsEstimated": 0.59,
    "time": "amc",
    "revenue": 1686500000,
    "revenueEstimated": 1580350000,
    "updatedFromDate": "2025-04-25",
    "fiscalDateEnding": "2023-06-30"
  },
  {
    "date": "2023-05-03",
    "symbol": "IR",
    "eps": 0.65,
    "epsEstimated": 0.52,
    "time": "amc",
    "revenue": 1629300000,
    "revenueEstimated": 1482670000,
    "updatedFromDate": "2025-04-25",
    "fiscalDateEnding": "2023-03-31"
  },
  {
    "date": "2023-02-21",
    "symbol": "IR",
    "eps": 0.72,
    "epsEstimated": 0.63,
    "time": "bmo",
    "revenue": 1623700000,
    "revenueEstimated": 1537301594,
    "updatedFromDate": "2025-04-25",
    "fiscalDateEnding": "2022-12-31"
  },
  {
    "date": "2022-11-02",
    "symbol": "IR",
    "eps": 0.62,
    "epsEstimated": 0.59,
    "time": "amc",
    "revenue": 1515700000,
    "revenueEstimated": 1449746325,
    "updatedFromDate": "2025-04-25",
    "fiscalDateEnding": "2022-09-30"
  },
  {
    "date": "2022-08-03",
    "symbol": "IR",
    "eps": 0.54,
    "epsEstimated": 0.51,
    "time": "amc",
    "revenue": 1439900000,
    "revenueEstimated": 1390609437,
    "updatedFromDate": "2025-04-25",
    "fiscalDateEnding": "2022-06-30"
  },
  {
    "date": "2022-05-04",
    "symbol": "IR",
    "eps": 0.49,
    "epsEstimated": 0.45,
    "time": "amc",
    "revenue": 1337000000,
    "revenueEstimated": 1288254790,
    "updatedFromDate": "2025-04-25",
    "fiscalDateEnding": "2022-03-31"
  },
  {
    "date": "2022-02-23",
    "symbol": "IR",
    "eps": 0.68,
    "epsEstimated": 0.6,
    "time": "amc",
    "revenue": 1418800000,
    "revenueEstimated": 1417804109,
    "updatedFromDate": "2025-04-25",
    "fiscalDateEnding": "2021-12-31"
  },
  {
    "date": "2021-11-03",
    "symbol": "IR",
    "eps": 0.57,
    "epsEstimated": 0.46,
    "time": "amc",
    "revenue": 1325000000,
    "revenueEstimated": 1144318181,
    "updatedFromDate": "2025-04-25",
    "fiscalDateEnding": "2021-09-30"
  },
  {
    "date": "2021-07-28",
    "symbol": "IR",
    "eps": 0.46,
    "epsEstimated": 0.42,
    "time": "amc",
    "revenue": 1279100000,
    "revenueEstimated": 1260700000,
    "updatedFromDate": "2025-04-25",
    "fiscalDateEnding": "2021-06-30"
  },
  {
    "date": "2021-04-28",
    "symbol": "IR",
    "eps": 0.45,
    "epsEstimated": 0.36,
    "time": "amc",
    "revenue": 1369800000,
    "revenueEstimated": 1307580000,
    "updatedFromDate": "2025-04-25",
    "fiscalDateEnding": "2021-03-31"
  },
  {
    "date": "2021-02-22",
    "symbol": "IR",
    "eps": 0.53,
    "epsEstimated": 0.46,
    "time": "amc",
    "revenue": 1510700000,
    "revenueEstimated": 1461890000,
    "updatedFromDate": "2025-04-25",
    "fiscalDateEnding": "2020-12-31"
  },
  {
    "date": "2020-11-02",
    "symbol": "IR",
    "eps": 0.4,
    "epsEstimated": 0.31,
    "time": "amc",
    "revenue": 1335200000,
    "revenueEstimated": 1034624999,
    "updatedFromDate": "2025-04-25",
    "fiscalDateEnding": "2020-09-30"
  },
  {
    "date": "2020-08-03",
    "symbol": "IR",
    "eps": 0.31,
    "epsEstimated": 0.21,
    "time": "amc",
    "revenue": 1264400000,
    "revenueEstimated": 774954838,
    "updatedFromDate": "2025-04-25",
    "fiscalDateEnding": "2020-06-30"
  },
  {
    "date": "2020-05-12",
    "symbol": "IR",
    "eps": 0.27,
    "epsEstimated": 0.31,
    "time": "bmo",
    "revenue": 799900000,
    "revenueEstimated": 895888000,
    "updatedFromDate": "2025-04-25",
    "fiscalDateEnding": "2020-03-31"
  },
  {
    "date": "2020-02-17",
    "symbol": "IR",
    "eps": 0.37,
    "epsEstimated": 0.35,
    "time": "bmo",
    "revenue": 605800000,
    "revenueEstimated": 556681081,
    "updatedFromDate": "2025-04-25",
    "fiscalDateEnding": "2019-12-31"
  },
  {
    "date": "2019-10-28",
    "symbol": "IR",
    "eps": 0.41,
    "epsEstimated": 0.37,
    "time": "bmo",
    "revenue": 596700000,
    "revenueEstimated": 553039024,
    "updatedFromDate": "2025-04-25",
    "fiscalDateEnding": "2019-09-30"
  },
  {
    "date": "2019-07-31",
    "symbol": "IR",
    "eps": 0.43,
    "epsEstimated": 0.39,
    "time": "bmo",
    "revenue": 629100000,
    "revenueEstimated": 570579069,
    "updatedFromDate": "2025-04-25",
    "fiscalDateEnding": "2019-06-30"
  },
  {
    "date": "2019-04-30",
    "symbol": "IR",
    "eps": 0.38,
    "epsEstimated": 0.34,
    "time": "bmo",
    "revenue": 620300000,
    "revenueEstimated": 555005263,
    "updatedFromDate": "2025-04-25",
    "fiscalDateEnding": "2019-03-31"
  },
  {
    "date": "2019-02-19",
    "symbol": "IR",
    "eps": 0.57,
    "epsEstimated": 0.53,
    "time": "bmo",
    "revenue": 712700000,
    "revenueEstimated": 662685964,
    "updatedFromDate": "2025-04-25",
    "fiscalDateEnding": "2018-12-31"
  },
  {
    "date": "2018-10-25",
    "symbol": "IR",
    "eps": 0.49,
    "epsEstimated": 0.48,
    "time": "bmo",
    "revenue": 689300000,
    "revenueEstimated": 3948636734,
    "updatedFromDate": "2025-04-25",
    "fiscalDateEnding": "2018-09-30"
  },
  {
    "date": "2018-08-01",
    "symbol": "IR",
    "eps": 0.44,
    "epsEstimated": 0.41,
    "time": "bmo",
    "revenue": 668200000,
    "revenueEstimated": 4060584090,
    "updatedFromDate": "2025-04-25",
    "fiscalDateEnding": "2018-06-30"
  },
  {
    "date": "2018-04-26",
    "symbol": "IR",
    "eps": 0.38,
    "epsEstimated": 0.3,
    "time": "bmo",
    "revenue": 619600000,
    "revenueEstimated": 2582907894,
    "updatedFromDate": "2025-04-25",
    "fiscalDateEnding": "2018-03-31"
  },
  {
    "date": "2018-02-15",
    "symbol": "IR",
    "eps": 0.48,
    "epsEstimated": 0.48,
    "time": "bmo",
    "revenue": 665000000,
    "revenueEstimated": 3618100000,
    "updatedFromDate": "2025-04-25",
    "fiscalDateEnding": "2017-12-31"
  },
  {
    "date": "2017-10-25",
    "symbol": "IR",
    "eps": 0.41,
    "epsEstimated": 0.37,
    "time": "bmo",
    "revenue": 649600000,
    "revenueEstimated": 3222878048,
    "updatedFromDate": "2025-04-25",
    "fiscalDateEnding": "2017-09-30"
  },
  {
    "date": "2017-08-02",
    "symbol": "IR",
    "eps": 0.24,
    "epsEstimated": 0.18,
    "time": "bmo",
    "revenue": 579100000,
    "revenueEstimated": 526454545,
    "updatedFromDate": "2025-04-25",
    "fiscalDateEnding": "2017-06-30"
  },
  {
    "date": "2017-05-15",
    "symbol": "IR",
    "eps": -0.05387,
    "epsEstimated": null,
    "time": "bmo",
    "revenue": 577836000,
    "revenueEstimated": null,
    "updatedFromDate": "2025-04-25",
    "fiscalDateEnding": "2016-12-31"
  },
  {
    "date": "2017-03-30",
    "symbol": "IR",
    "eps": -0.03697,
    "epsEstimated": null,
    "time": "amc",
    "revenue": 481667000,
    "revenueEstimated": null,
    "updatedFromDate": "2025-04-25",
    "fiscalDateEnding": "2017-03-31"
  },
  {
    "date": "2016-09-29",
    "symbol": "IR",
    "eps": -0.06799,
    "epsEstimated": null,
    "time": "amc",
    "revenue": 462600000,
    "revenueEstimated": null,
    "updatedFromDate": "2025-04-25",
    "fiscalDateEnding": "2016-09-30"
  },
  {
    "date": "2016-06-29",
    "symbol": "IR",
    "eps": -0.02056,
    "epsEstimated": null,
    "time": "amc",
    "revenue": 462000000,
    "revenueEstimated": null,
    "updatedFromDate": "2025-04-25",
    "fiscalDateEnding": "2016-06-30"
  }
]