[
  {
    "date": "2026-04-29",
    "symbol": "IRM",
    "eps": null,
    "epsEstimated": null,
    "time": "bmo",
    "revenue": null,
    "revenueEstimated": null,
    "updatedFromDate": "2025-10-02",
    "fiscalDateEnding": "2026-03-30"
  },
  {
    "date": "2026-02-11",
    "symbol": "IRM",
    "eps": null,
    "epsEstimated": null,
    "time": "bmo",
    "revenue": null,
    "revenueEstimated": null,
    "updatedFromDate": "2025-10-02",
    "fiscalDateEnding": "2025-12-30"
  },
  {
    "date": "2025-11-05",
    "symbol": "IRM",
    "eps": null,
    "epsEstimated": 1.29,
    "time": "bmo",
    "revenue": null,
    "revenueEstimated": 1752301510,
    "updatedFromDate": "2025-10-02",
    "fiscalDateEnding": "2025-09-30"
  },
  {
    "date": "2025-08-06",
    "symbol": "IRM",
    "eps": 1.24,
    "epsEstimated": 1.19,
    "time": "bmo",
    "revenue": 1711948000,
    "revenueEstimated": 1759457500,
    "updatedFromDate": "2025-10-02",
    "fiscalDateEnding": "2025-06-30"
  },
  {
    "date": "2025-05-01",
    "symbol": "IRM",
    "eps": 1.17,
    "epsEstimated": 1.16,
    "time": "bmo",
    "revenue": 1592529000,
    "revenueEstimated": 1668470100,
    "updatedFromDate": "2025-08-01",
    "fiscalDateEnding": "2025-03-31"
  },
  {
    "date": "2025-02-13",
    "symbol": "IRM",
    "eps": 1.24,
    "epsEstimated": 1.2,
    "time": "bmo",
    "revenue": 1581279000,
    "revenueEstimated": 1621607550,
    "updatedFromDate": "2025-05-13",
    "fiscalDateEnding": "2024-12-31"
  },
  {
    "date": "2024-11-06",
    "symbol": "IRM",
    "eps": 1.13,
    "epsEstimated": 1.11,
    "time": "bmo",
    "revenue": 1557358000,
    "revenueEstimated": 1599350000,
    "updatedFromDate": "2025-04-25",
    "fiscalDateEnding": "2024-09-30"
  },
  {
    "date": "2024-08-01",
    "symbol": "IRM",
    "eps": 1.08,
    "epsEstimated": 1.06,
    "time": "bmo",
    "revenue": 1534409000,
    "revenueEstimated": 1504930000,
    "updatedFromDate": "2025-04-25",
    "fiscalDateEnding": "2024-06-30"
  },
  {
    "date": "2024-05-02",
    "symbol": "IRM",
    "eps": 1.1,
    "epsEstimated": 1.05,
    "time": "bmo",
    "revenue": 1476863000,
    "revenueEstimated": 1453290000,
    "updatedFromDate": "2025-04-25",
    "fiscalDateEnding": "2024-03-31"
  },
  {
    "date": "2024-02-22",
    "symbol": "IRM",
    "eps": 1.11,
    "epsEstimated": 1.05,
    "time": "bmo",
    "revenue": 1419829000,
    "revenueEstimated": 1448530000,
    "updatedFromDate": "2025-04-25",
    "fiscalDateEnding": "2023-12-31"
  },
  {
    "date": "2023-11-02",
    "symbol": "IRM",
    "eps": 0.99,
    "epsEstimated": 1,
    "time": "bmo",
    "revenue": 1388175000,
    "revenueEstimated": 1413610000,
    "updatedFromDate": "2025-04-25",
    "fiscalDateEnding": "2023-09-30"
  },
  {
    "date": "2023-08-03",
    "symbol": "IRM",
    "eps": 0.94,
    "epsEstimated": 0.93,
    "time": "bmo",
    "revenue": 1357936000,
    "revenueEstimated": 1354250000,
    "updatedFromDate": "2025-04-25",
    "fiscalDateEnding": "2023-06-30"
  },
  {
    "date": "2023-05-04",
    "symbol": "IRM",
    "eps": 0.97,
    "epsEstimated": 0.93,
    "time": "bmo",
    "revenue": 1314349000,
    "revenueEstimated": 1316430000,
    "updatedFromDate": "2025-04-25",
    "fiscalDateEnding": "2023-03-31"
  },
  {
    "date": "2023-02-23",
    "symbol": "IRM",
    "eps": 0.98,
    "epsEstimated": 0.94,
    "time": "bmo",
    "revenue": 1279049000,
    "revenueEstimated": 1315452923,
    "updatedFromDate": "2025-04-25",
    "fiscalDateEnding": "2022-12-31"
  },
  {
    "date": "2022-11-03",
    "symbol": "IRM",
    "eps": 0.98,
    "epsEstimated": 0.96,
    "time": "bmo",
    "revenue": 1286945000,
    "revenueEstimated": 1313432481,
    "updatedFromDate": "2025-04-25",
    "fiscalDateEnding": "2022-09-30"
  },
  {
    "date": "2022-08-04",
    "symbol": "IRM",
    "eps": 0.93,
    "epsEstimated": 0.92,
    "time": "bmo",
    "revenue": 1289534000,
    "revenueEstimated": 1303763199,
    "updatedFromDate": "2025-04-25",
    "fiscalDateEnding": "2022-06-30"
  },
  {
    "date": "2022-04-28",
    "symbol": "IRM",
    "eps": 0.91,
    "epsEstimated": 0.7,
    "time": "bmo",
    "revenue": 1248046000,
    "revenueEstimated": 1235211097,
    "updatedFromDate": "2025-04-25",
    "fiscalDateEnding": "2022-03-31"
  },
  {
    "date": "2022-02-24",
    "symbol": "IRM",
    "eps": 0.74,
    "epsEstimated": 0.71,
    "time": "bmo",
    "revenue": 1159587000,
    "revenueEstimated": 1146975057,
    "updatedFromDate": "2025-04-25",
    "fiscalDateEnding": "2021-12-31"
  },
  {
    "date": "2021-11-04",
    "symbol": "IRM",
    "eps": 0.72,
    "epsEstimated": 0.7,
    "time": "bmo",
    "revenue": 1130148000,
    "revenueEstimated": 1127500000,
    "updatedFromDate": "2025-04-25",
    "fiscalDateEnding": "2021-09-30"
  },
  {
    "date": "2021-08-05",
    "symbol": "IRM",
    "eps": 0.85,
    "epsEstimated": 0.64,
    "time": "bmo",
    "revenue": 1119756000,
    "revenueEstimated": 1119760000,
    "updatedFromDate": "2025-04-25",
    "fiscalDateEnding": "2021-06-30"
  },
  {
    "date": "2021-05-06",
    "symbol": "IRM",
    "eps": 0.81,
    "epsEstimated": 0.64,
    "time": "bmo",
    "revenue": 1082040000,
    "revenueEstimated": 1071350000,
    "updatedFromDate": "2025-04-25",
    "fiscalDateEnding": "2021-03-31"
  },
  {
    "date": "2021-02-24",
    "symbol": "IRM",
    "eps": 0.66,
    "epsEstimated": 0.6,
    "time": "bmo",
    "revenue": 1059653000,
    "revenueEstimated": 1041460000,
    "updatedFromDate": "2025-04-25",
    "fiscalDateEnding": "2020-12-31"
  },
  {
    "date": "2020-11-05",
    "symbol": "IRM",
    "eps": 0.61,
    "epsEstimated": 0.55,
    "time": "bmo",
    "revenue": 1036647000,
    "revenueEstimated": 787851720,
    "updatedFromDate": "2025-04-25",
    "fiscalDateEnding": "2020-09-30"
  },
  {
    "date": "2020-08-06",
    "symbol": "IRM",
    "eps": 0.53,
    "epsEstimated": 0.42,
    "time": "bmo",
    "revenue": 982239000,
    "revenueEstimated": 748012776,
    "updatedFromDate": "2025-04-25",
    "fiscalDateEnding": "2020-06-30"
  },
  {
    "date": "2020-05-07",
    "symbol": "IRM",
    "eps": 0.59,
    "epsEstimated": 0.45,
    "time": "bmo",
    "revenue": 1068731000,
    "revenueEstimated": 712487333,
    "updatedFromDate": "2025-04-25",
    "fiscalDateEnding": "2020-03-31"
  },
  {
    "date": "2020-02-13",
    "symbol": "IRM",
    "eps": 0.65,
    "epsEstimated": 0.63,
    "time": "bmo",
    "revenue": 1079590000,
    "revenueEstimated": 1114415483,
    "updatedFromDate": "2025-04-25",
    "fiscalDateEnding": "2019-12-31"
  },
  {
    "date": "2019-10-31",
    "symbol": "IRM",
    "eps": 0.62,
    "epsEstimated": 0.59,
    "time": "bmo",
    "revenue": 1062224000,
    "revenueEstimated": 995835000,
    "updatedFromDate": "2025-04-25",
    "fiscalDateEnding": "2019-09-30"
  },
  {
    "date": "2019-08-01",
    "symbol": "IRM",
    "eps": 0.54,
    "epsEstimated": 0.51,
    "time": "bmo",
    "revenue": 1066907000,
    "revenueEstimated": 1066907000,
    "updatedFromDate": "2025-04-25",
    "fiscalDateEnding": "2019-06-30"
  },
  {
    "date": "2019-04-25",
    "symbol": "IRM",
    "eps": 0.48,
    "epsEstimated": 0.53,
    "time": "bmo",
    "revenue": 1053863000,
    "revenueEstimated": 1487806588,
    "updatedFromDate": "2025-04-25",
    "fiscalDateEnding": "2019-03-31"
  },
  {
    "date": "2019-02-14",
    "symbol": "IRM",
    "eps": 0.56,
    "epsEstimated": 0.52,
    "time": "bmo",
    "revenue": 1061489000,
    "revenueEstimated": 1061489000,
    "updatedFromDate": "2025-04-25",
    "fiscalDateEnding": "2018-12-31"
  },
  {
    "date": "2018-10-25",
    "symbol": "IRM",
    "eps": 0.55,
    "epsEstimated": 0.54,
    "time": "bmo",
    "revenue": 1060991000,
    "revenueEstimated": 1023107142,
    "updatedFromDate": "2025-04-25",
    "fiscalDateEnding": "2018-09-30"
  },
  {
    "date": "2018-07-27",
    "symbol": "IRM",
    "eps": 0.56,
    "epsEstimated": 0.53,
    "time": "bmo",
    "revenue": 1060823000,
    "revenueEstimated": 884000000,
    "updatedFromDate": "2025-04-25",
    "fiscalDateEnding": "2018-06-30"
  },
  {
    "date": "2018-04-26",
    "symbol": "IRM",
    "eps": 0.49,
    "epsEstimated": 0.5,
    "time": "bmo",
    "revenue": 1042458000,
    "revenueEstimated": 999062500,
    "updatedFromDate": "2025-04-25",
    "fiscalDateEnding": "2018-03-31"
  },
  {
    "date": "2018-02-16",
    "symbol": "IRM",
    "eps": 0.53,
    "epsEstimated": 0.57,
    "time": "bmo",
    "revenue": 991235000,
    "revenueEstimated": 1059558620,
    "updatedFromDate": "2025-04-25",
    "fiscalDateEnding": "2017-12-31"
  },
  {
    "date": "2017-10-24",
    "symbol": "IRM",
    "eps": 0.55,
    "epsEstimated": 0.56,
    "time": "amc",
    "revenue": 965661000,
    "revenueEstimated": 903396774,
    "updatedFromDate": "2025-04-25",
    "fiscalDateEnding": "2017-09-30"
  },
  {
    "date": "2017-07-28",
    "symbol": "IRM",
    "eps": 0.55,
    "epsEstimated": 0.52,
    "time": "bmo",
    "revenue": 949806000,
    "revenueEstimated": 854820000,
    "updatedFromDate": "2025-04-25",
    "fiscalDateEnding": "2017-06-30"
  },
  {
    "date": "2017-04-27",
    "symbol": "IRM",
    "eps": 0.48,
    "epsEstimated": 0.51,
    "time": "bmo",
    "revenue": 938876000,
    "revenueEstimated": 1017141666,
    "updatedFromDate": "2025-04-25",
    "fiscalDateEnding": "2017-03-31"
  },
  {
    "date": "2017-02-23",
    "symbol": "IRM",
    "eps": 0.5,
    "epsEstimated": 0.28,
    "time": "bmo",
    "revenue": 934193000,
    "revenueEstimated": 1006061538,
    "updatedFromDate": "2025-04-25",
    "fiscalDateEnding": "2016-12-31"
  },
  {
    "date": "2016-11-01",
    "symbol": "IRM",
    "eps": 0.44,
    "epsEstimated": 0.58,
    "time": "bmo",
    "revenue": 942822000,
    "revenueEstimated": 942800000,
    "updatedFromDate": "2025-04-25",
    "fiscalDateEnding": "2016-09-30"
  },
  {
    "date": "2016-08-04",
    "symbol": "IRM",
    "eps": 0.47,
    "epsEstimated": 0.46,
    "time": "bmo",
    "revenue": 883748000,
    "revenueEstimated": 846879166,
    "updatedFromDate": "2025-04-25",
    "fiscalDateEnding": "2016-06-30"
  }
]