[
  {
    "date": "2026-04-20",
    "symbol": "ISRG",
    "eps": null,
    "epsEstimated": null,
    "time": "amc",
    "revenue": null,
    "revenueEstimated": null,
    "updatedFromDate": "2025-10-02",
    "fiscalDateEnding": "2026-03-30"
  },
  {
    "date": "2026-01-21",
    "symbol": "ISRG",
    "eps": null,
    "epsEstimated": null,
    "time": "amc",
    "revenue": null,
    "revenueEstimated": null,
    "updatedFromDate": "2025-10-02",
    "fiscalDateEnding": "2025-12-30"
  },
  {
    "date": "2025-10-21",
    "symbol": "ISRG",
    "eps": null,
    "epsEstimated": 1.99,
    "time": "amc",
    "revenue": null,
    "revenueEstimated": 2414041910,
    "updatedFromDate": "2025-10-02",
    "fiscalDateEnding": "2025-09-30"
  },
  {
    "date": "2025-07-22",
    "symbol": "ISRG",
    "eps": 2.19,
    "epsEstimated": 1.93,
    "time": "amc",
    "revenue": 2440000000,
    "revenueEstimated": 2351252550,
    "updatedFromDate": "2025-10-02",
    "fiscalDateEnding": "2025-06-30"
  },
  {
    "date": "2025-04-22",
    "symbol": "ISRG",
    "eps": 1.81,
    "epsEstimated": 1.74,
    "time": "amc",
    "revenue": 2253400000,
    "revenueEstimated": 2185807506,
    "updatedFromDate": "2025-07-22",
    "fiscalDateEnding": "2025-03-31"
  },
  {
    "date": "2025-01-23",
    "symbol": "ISRG",
    "eps": 2.21,
    "epsEstimated": 1.76,
    "time": "amc",
    "revenue": 2413500000,
    "revenueEstimated": 2248864174,
    "updatedFromDate": "2025-04-25",
    "fiscalDateEnding": "2024-12-31"
  },
  {
    "date": "2024-10-17",
    "symbol": "ISRG",
    "eps": 1.84,
    "epsEstimated": 1.63,
    "time": "amc",
    "revenue": 2038100000,
    "revenueEstimated": 2005480601,
    "updatedFromDate": "2025-04-25",
    "fiscalDateEnding": "2024-09-30"
  },
  {
    "date": "2024-07-18",
    "symbol": "ISRG",
    "eps": 1.78,
    "epsEstimated": 1.54,
    "time": "amc",
    "revenue": 2009900000,
    "revenueEstimated": 1971592520,
    "updatedFromDate": "2025-04-25",
    "fiscalDateEnding": "2024-06-30"
  },
  {
    "date": "2024-04-18",
    "symbol": "ISRG",
    "eps": 1.5,
    "epsEstimated": 1.41,
    "time": "amc",
    "revenue": 1890600000,
    "revenueEstimated": 1870210095,
    "updatedFromDate": "2025-04-25",
    "fiscalDateEnding": "2024-03-31"
  },
  {
    "date": "2024-01-23",
    "symbol": "ISRG",
    "eps": 1.6,
    "epsEstimated": 1.48,
    "time": "amc",
    "revenue": 1928300000,
    "revenueEstimated": 1888440000,
    "updatedFromDate": "2025-04-25",
    "fiscalDateEnding": "2023-12-31"
  },
  {
    "date": "2023-10-19",
    "symbol": "ISRG",
    "eps": 1.46,
    "epsEstimated": 1.41,
    "time": "amc",
    "revenue": 1743700000,
    "revenueEstimated": 1766960000,
    "updatedFromDate": "2025-04-25",
    "fiscalDateEnding": "2023-09-30"
  },
  {
    "date": "2023-07-20",
    "symbol": "ISRG",
    "eps": 1.42,
    "epsEstimated": 1.33,
    "time": "amc",
    "revenue": 1755900000,
    "revenueEstimated": 1737350000,
    "updatedFromDate": "2025-04-25",
    "fiscalDateEnding": "2023-06-30"
  },
  {
    "date": "2023-04-18",
    "symbol": "ISRG",
    "eps": 1.23,
    "epsEstimated": 1.2,
    "time": "amc",
    "revenue": 1696200000,
    "revenueEstimated": 1595630000,
    "updatedFromDate": "2025-04-25",
    "fiscalDateEnding": "2023-03-31"
  },
  {
    "date": "2023-01-24",
    "symbol": "ISRG",
    "eps": 1.23,
    "epsEstimated": 1.26,
    "time": "amc",
    "revenue": 1655000000,
    "revenueEstimated": 1669821970,
    "updatedFromDate": "2025-04-25",
    "fiscalDateEnding": "2022-12-31"
  },
  {
    "date": "2022-10-18",
    "symbol": "ISRG",
    "eps": 1.19,
    "epsEstimated": 1.1,
    "time": "amc",
    "revenue": 1557400000,
    "revenueEstimated": 1523752687,
    "updatedFromDate": "2025-04-25",
    "fiscalDateEnding": "2022-09-30"
  },
  {
    "date": "2022-07-21",
    "symbol": "ISRG",
    "eps": 1.14,
    "epsEstimated": 1.16,
    "time": "amc",
    "revenue": 1522100000,
    "revenueEstimated": 1560526242,
    "updatedFromDate": "2025-04-25",
    "fiscalDateEnding": "2022-06-30"
  },
  {
    "date": "2022-04-21",
    "symbol": "ISRG",
    "eps": 1.13,
    "epsEstimated": 1.08,
    "time": "amc",
    "revenue": 1487700000,
    "revenueEstimated": 1425567334,
    "updatedFromDate": "2025-04-25",
    "fiscalDateEnding": "2022-03-31"
  },
  {
    "date": "2022-01-20",
    "symbol": "ISRG",
    "eps": 1.3,
    "epsEstimated": 1.28,
    "time": "amc",
    "revenue": 1550700000,
    "revenueEstimated": 1521547390,
    "updatedFromDate": "2025-04-25",
    "fiscalDateEnding": "2021-12-31"
  },
  {
    "date": "2021-10-19",
    "symbol": "ISRG",
    "eps": 1.19,
    "epsEstimated": 1.17,
    "time": "amc",
    "revenue": 1403300000,
    "revenueEstimated": 1392290000,
    "updatedFromDate": "2025-04-25",
    "fiscalDateEnding": "2021-09-30"
  },
  {
    "date": "2021-07-20",
    "symbol": "ISRG",
    "eps": 1.31,
    "epsEstimated": 1.02,
    "time": "amc",
    "revenue": 1464000000,
    "revenueEstimated": 1392290000,
    "updatedFromDate": "2025-04-25",
    "fiscalDateEnding": "2021-06-30"
  },
  {
    "date": "2021-04-20",
    "symbol": "ISRG",
    "eps": 1.17,
    "epsEstimated": 0.87,
    "time": "amc",
    "revenue": 1292100000,
    "revenueEstimated": 1282274143,
    "updatedFromDate": "2025-04-25",
    "fiscalDateEnding": "2021-03-31"
  },
  {
    "date": "2021-01-21",
    "symbol": "ISRG",
    "eps": 1.19,
    "epsEstimated": 1.04,
    "time": "amc",
    "revenue": 1329100000,
    "revenueEstimated": 1132801923,
    "updatedFromDate": "2025-04-25",
    "fiscalDateEnding": "2020-12-31"
  },
  {
    "date": "2020-10-15",
    "symbol": "ISRG",
    "eps": 0.92,
    "epsEstimated": 0.69,
    "time": "amc",
    "revenue": 1077700000,
    "revenueEstimated": 671367509,
    "updatedFromDate": "2025-04-25",
    "fiscalDateEnding": "2020-09-30"
  },
  {
    "date": "2020-07-21",
    "symbol": "ISRG",
    "eps": 0.37,
    "epsEstimated": 0.11,
    "time": "amc",
    "revenue": 852100000,
    "revenueEstimated": 643452570,
    "updatedFromDate": "2025-04-25",
    "fiscalDateEnding": "2020-06-30"
  },
  {
    "date": "2020-04-16",
    "symbol": "ISRG",
    "eps": 0.9,
    "epsEstimated": 0.85,
    "time": "amc",
    "revenue": 1099500000,
    "revenueEstimated": 1038189591,
    "updatedFromDate": "2025-04-25",
    "fiscalDateEnding": "2020-03-31"
  },
  {
    "date": "2020-01-23",
    "symbol": "ISRG",
    "eps": 1.16,
    "epsEstimated": 1.13,
    "time": "amc",
    "revenue": 1277700000,
    "revenueEstimated": 1240984482,
    "updatedFromDate": "2025-04-25",
    "fiscalDateEnding": "2019-12-31"
  },
  {
    "date": "2019-10-17",
    "symbol": "ISRG",
    "eps": 1.14,
    "epsEstimated": 1,
    "time": "amc",
    "revenue": 1128200000,
    "revenueEstimated": 983474635,
    "updatedFromDate": "2025-04-25",
    "fiscalDateEnding": "2019-09-30"
  },
  {
    "date": "2019-07-18",
    "symbol": "ISRG",
    "eps": 1.08,
    "epsEstimated": 0.96,
    "time": "amc",
    "revenue": 1098900000,
    "revenueEstimated": 970413230,
    "updatedFromDate": "2025-04-25",
    "fiscalDateEnding": "2019-06-30"
  },
  {
    "date": "2019-04-18",
    "symbol": "ISRG",
    "eps": 0.87,
    "epsEstimated": 0.9,
    "time": "amc",
    "revenue": 973700000,
    "revenueEstimated": 1007275862,
    "updatedFromDate": "2025-04-25",
    "fiscalDateEnding": "2019-03-31"
  },
  {
    "date": "2019-01-24",
    "symbol": "ISRG",
    "eps": 1.04,
    "epsEstimated": 1.02,
    "time": "amc",
    "revenue": 1046500000,
    "revenueEstimated": 1085390202,
    "updatedFromDate": "2025-04-25",
    "fiscalDateEnding": "2018-12-31"
  },
  {
    "date": "2018-10-18",
    "symbol": "ISRG",
    "eps": 0.94,
    "epsEstimated": 0.89,
    "time": "amc",
    "revenue": 920900000,
    "revenueEstimated": 865580918,
    "updatedFromDate": "2025-04-25",
    "fiscalDateEnding": "2018-09-30"
  },
  {
    "date": "2018-07-19",
    "symbol": "ISRG",
    "eps": 0.92,
    "epsEstimated": 0.83,
    "time": "amc",
    "revenue": 909300000,
    "revenueEstimated": 823641304,
    "updatedFromDate": "2025-04-25",
    "fiscalDateEnding": "2018-06-30"
  },
  {
    "date": "2018-04-17",
    "symbol": "ISRG",
    "eps": 0.81,
    "epsEstimated": 0.69,
    "time": "amc",
    "revenue": 847500000,
    "revenueEstimated": 718985655,
    "updatedFromDate": "2025-04-25",
    "fiscalDateEnding": "2018-03-31"
  },
  {
    "date": "2018-01-25",
    "symbol": "ISRG",
    "eps": 0.85,
    "epsEstimated": 0.76,
    "time": "amc",
    "revenue": 892400000,
    "revenueEstimated": 797181102,
    "updatedFromDate": "2025-04-25",
    "fiscalDateEnding": "2017-12-31"
  },
  {
    "date": "2017-10-19",
    "symbol": "ISRG",
    "eps": 0.92,
    "epsEstimated": 0.66,
    "time": "amc",
    "revenue": 806100000,
    "revenueEstimated": 580332851,
    "updatedFromDate": "2025-04-25",
    "fiscalDateEnding": "2017-09-30"
  },
  {
    "date": "2017-07-20",
    "symbol": "ISRG",
    "eps": 0.66,
    "epsEstimated": 0.64,
    "time": "amc",
    "revenue": 756200000,
    "revenueEstimated": 739638383,
    "updatedFromDate": "2025-04-25",
    "fiscalDateEnding": "2017-06-30"
  },
  {
    "date": "2017-04-18",
    "symbol": "ISRG",
    "eps": 0.57,
    "epsEstimated": 0.55,
    "time": "amc",
    "revenue": 674200000,
    "revenueEstimated": 663609411,
    "updatedFromDate": "2025-04-25",
    "fiscalDateEnding": "2017-03-31"
  },
  {
    "date": "2017-01-24",
    "symbol": "ISRG",
    "eps": 0.68,
    "epsEstimated": 0.67,
    "time": "amc",
    "revenue": 756900000,
    "revenueEstimated": 747783251,
    "updatedFromDate": "2025-04-25",
    "fiscalDateEnding": "2016-12-31"
  },
  {
    "date": "2016-10-18",
    "symbol": "ISRG",
    "eps": 0.69,
    "epsEstimated": 0.57,
    "time": "amc",
    "revenue": 682900000,
    "revenueEstimated": 570188349,
    "updatedFromDate": "2025-04-25",
    "fiscalDateEnding": "2016-09-30"
  },
  {
    "date": "2016-07-19",
    "symbol": "ISRG",
    "eps": 0.62,
    "epsEstimated": 0.55,
    "time": "amc",
    "revenue": 670100000,
    "revenueEstimated": 594848128,
    "updatedFromDate": "2025-04-25",
    "fiscalDateEnding": "2016-06-30"
  }
]