[
  {
    "date": "2026-05-04",
    "symbol": "IT",
    "eps": null,
    "epsEstimated": null,
    "time": "bmo",
    "revenue": null,
    "revenueEstimated": null,
    "updatedFromDate": "2025-10-02",
    "fiscalDateEnding": "2026-03-30"
  },
  {
    "date": "2026-02-02",
    "symbol": "IT",
    "eps": null,
    "epsEstimated": null,
    "time": "bmo",
    "revenue": null,
    "revenueEstimated": null,
    "updatedFromDate": "2025-10-02",
    "fiscalDateEnding": "2025-12-30"
  },
  {
    "date": "2025-11-04",
    "symbol": "IT",
    "eps": null,
    "epsEstimated": 2.52,
    "time": "bmo",
    "revenue": null,
    "revenueEstimated": null,
    "updatedFromDate": "2025-10-02",
    "fiscalDateEnding": "2025-09-30"
  },
  {
    "date": "2025-08-05",
    "symbol": "IT",
    "eps": 3.53,
    "epsEstimated": 3.3,
    "time": "bmo",
    "revenue": 1686454000,
    "revenueEstimated": 1674162554,
    "updatedFromDate": "2025-10-02",
    "fiscalDateEnding": "2025-06-30"
  },
  {
    "date": "2025-05-06",
    "symbol": "IT",
    "eps": 2.98,
    "epsEstimated": 2.72,
    "time": "bmo",
    "revenue": 1534130000,
    "revenueEstimated": 1534770396,
    "updatedFromDate": "2025-08-06",
    "fiscalDateEnding": "2025-03-31"
  },
  {
    "date": "2025-02-04",
    "symbol": "IT",
    "eps": 5.45,
    "epsEstimated": 3.26,
    "time": "bmo",
    "revenue": 1715119000,
    "revenueEstimated": 1690400144,
    "updatedFromDate": "2025-05-04",
    "fiscalDateEnding": "2024-12-31"
  },
  {
    "date": "2024-11-05",
    "symbol": "IT",
    "eps": 2.5,
    "epsEstimated": 2.37,
    "time": "bmo",
    "revenue": 1484306000,
    "revenueEstimated": 1475161592,
    "updatedFromDate": "2025-04-25",
    "fiscalDateEnding": "2024-09-30"
  },
  {
    "date": "2024-07-30",
    "symbol": "IT",
    "eps": 3.22,
    "epsEstimated": 3.02,
    "time": "bmo",
    "revenue": 1595060000,
    "revenueEstimated": 1584593137,
    "updatedFromDate": "2025-04-25",
    "fiscalDateEnding": "2024-06-30"
  },
  {
    "date": "2024-04-30",
    "symbol": "IT",
    "eps": 2.93,
    "epsEstimated": 2.53,
    "time": "bmo",
    "revenue": 1472926000,
    "revenueEstimated": 1473098480,
    "updatedFromDate": "2025-04-25",
    "fiscalDateEnding": "2024-03-31"
  },
  {
    "date": "2024-02-06",
    "symbol": "IT",
    "eps": 3.04,
    "epsEstimated": 2.83,
    "time": "bmo",
    "revenue": 1586118000,
    "revenueEstimated": 1585430000,
    "updatedFromDate": "2025-04-25",
    "fiscalDateEnding": "2023-12-31"
  },
  {
    "date": "2023-11-03",
    "symbol": "IT",
    "eps": 2.56,
    "epsEstimated": 1.96,
    "time": "bmo",
    "revenue": 1408784000,
    "revenueEstimated": 1387750000,
    "updatedFromDate": "2025-04-25",
    "fiscalDateEnding": "2023-09-30"
  },
  {
    "date": "2023-08-01",
    "symbol": "IT",
    "eps": 2.85,
    "epsEstimated": 2.51,
    "time": "bmo",
    "revenue": 1503185000,
    "revenueEstimated": 1480770000,
    "updatedFromDate": "2025-04-25",
    "fiscalDateEnding": "2023-06-30"
  },
  {
    "date": "2023-05-02",
    "symbol": "IT",
    "eps": 2.88,
    "epsEstimated": 2,
    "time": "bmo",
    "revenue": 1408869000,
    "revenueEstimated": 1395720000,
    "updatedFromDate": "2025-04-25",
    "fiscalDateEnding": "2023-03-31"
  },
  {
    "date": "2023-02-07",
    "symbol": "IT",
    "eps": 3.7,
    "epsEstimated": 2.5,
    "time": "bmo",
    "revenue": 1504700000,
    "revenueEstimated": 1451663043,
    "updatedFromDate": "2025-04-25",
    "fiscalDateEnding": "2022-12-31"
  },
  {
    "date": "2022-11-01",
    "symbol": "IT",
    "eps": 2.41,
    "epsEstimated": 1.87,
    "time": "bmo",
    "revenue": 1331868000,
    "revenueEstimated": 1295330513,
    "updatedFromDate": "2025-04-25",
    "fiscalDateEnding": "2022-09-30"
  },
  {
    "date": "2022-08-02",
    "symbol": "IT",
    "eps": 2.85,
    "epsEstimated": 2.13,
    "time": "bmo",
    "revenue": 1376500000,
    "revenueEstimated": 1324955786,
    "updatedFromDate": "2025-04-25",
    "fiscalDateEnding": "2022-06-30"
  },
  {
    "date": "2022-05-03",
    "symbol": "IT",
    "eps": 2.33,
    "epsEstimated": 1.75,
    "time": "bmo",
    "revenue": 1262740000,
    "revenueEstimated": 1236637867,
    "updatedFromDate": "2025-04-25",
    "fiscalDateEnding": "2022-03-31"
  },
  {
    "date": "2022-02-08",
    "symbol": "IT",
    "eps": 2.99,
    "epsEstimated": 2.42,
    "time": "bmo",
    "revenue": 1306300000,
    "revenueEstimated": 1248687000,
    "updatedFromDate": "2025-04-25",
    "fiscalDateEnding": "2021-12-31"
  },
  {
    "date": "2021-11-02",
    "symbol": "IT",
    "eps": 2.03,
    "epsEstimated": 1.56,
    "time": "bmo",
    "revenue": 1156300000,
    "revenueEstimated": 1131390000,
    "updatedFromDate": "2025-04-25",
    "fiscalDateEnding": "2021-09-30"
  },
  {
    "date": "2021-08-03",
    "symbol": "IT",
    "eps": 2.24,
    "epsEstimated": 1.73,
    "time": "bmo",
    "revenue": 1167319000,
    "revenueEstimated": 1118250000,
    "updatedFromDate": "2025-04-25",
    "fiscalDateEnding": "2021-06-30"
  },
  {
    "date": "2021-05-04",
    "symbol": "IT",
    "eps": 2,
    "epsEstimated": 1.05,
    "time": "bmo",
    "revenue": 1104038000,
    "revenueEstimated": 878301652,
    "updatedFromDate": "2025-04-25",
    "fiscalDateEnding": "2021-03-31"
  },
  {
    "date": "2021-02-09",
    "symbol": "IT",
    "eps": 1.59,
    "epsEstimated": 0.82,
    "time": "bmo",
    "revenue": 1112800000,
    "revenueEstimated": 850153808,
    "updatedFromDate": "2025-04-25",
    "fiscalDateEnding": "2020-12-31"
  },
  {
    "date": "2020-11-03",
    "symbol": "IT",
    "eps": 0.91,
    "epsEstimated": 0.51,
    "time": "bmo",
    "revenue": 994618000,
    "revenueEstimated": 696701758,
    "updatedFromDate": "2025-04-25",
    "fiscalDateEnding": "2020-09-30"
  },
  {
    "date": "2020-08-04",
    "symbol": "IT",
    "eps": 1.2,
    "epsEstimated": 0.79,
    "time": "bmo",
    "revenue": 973135000,
    "revenueEstimated": 656866125,
    "updatedFromDate": "2025-04-25",
    "fiscalDateEnding": "2020-06-30"
  },
  {
    "date": "2020-05-07",
    "symbol": "IT",
    "eps": 1.2,
    "epsEstimated": 0.33,
    "time": "bmo",
    "revenue": 1018891000,
    "revenueEstimated": 271704266,
    "updatedFromDate": "2025-04-25",
    "fiscalDateEnding": "2020-03-31"
  },
  {
    "date": "2020-02-04",
    "symbol": "IT",
    "eps": 1.18,
    "epsEstimated": 0.82,
    "time": "bmo",
    "revenue": 1203493000,
    "revenueEstimated": 826126550,
    "updatedFromDate": "2025-04-25",
    "fiscalDateEnding": "2019-12-31"
  },
  {
    "date": "2019-10-31",
    "symbol": "IT",
    "eps": 0.7,
    "epsEstimated": 0.45,
    "time": "bmo",
    "revenue": 1000502000,
    "revenueEstimated": 614594085,
    "updatedFromDate": "2025-04-25",
    "fiscalDateEnding": "2019-09-30"
  },
  {
    "date": "2019-07-30",
    "symbol": "IT",
    "eps": 1.45,
    "epsEstimated": 1.18,
    "time": "bmo",
    "revenue": 1070882000,
    "revenueEstimated": 871476386,
    "updatedFromDate": "2025-04-25",
    "fiscalDateEnding": "2019-06-30"
  },
  {
    "date": "2019-05-07",
    "symbol": "IT",
    "eps": 0.58,
    "epsEstimated": 0.53,
    "time": "bmo",
    "revenue": 970444000,
    "revenueEstimated": 886785034,
    "updatedFromDate": "2025-04-25",
    "fiscalDateEnding": "2019-03-31"
  },
  {
    "date": "2019-02-05",
    "symbol": "IT",
    "eps": 1.2,
    "epsEstimated": 1.25,
    "time": "bmo",
    "revenue": 1088878000,
    "revenueEstimated": 1134248958,
    "updatedFromDate": "2025-04-25",
    "fiscalDateEnding": "2018-12-31"
  },
  {
    "date": "2018-11-01",
    "symbol": "IT",
    "eps": 0.85,
    "epsEstimated": 0.62,
    "time": "bmo",
    "revenue": 921674000,
    "revenueEstimated": 672298823,
    "updatedFromDate": "2025-04-25",
    "fiscalDateEnding": "2018-09-30"
  },
  {
    "date": "2018-08-01",
    "symbol": "IT",
    "eps": 1.03,
    "epsEstimated": 0.97,
    "time": "bmo",
    "revenue": 1001336000,
    "revenueEstimated": 933250485,
    "updatedFromDate": "2025-04-25",
    "fiscalDateEnding": "2018-06-30"
  },
  {
    "date": "2018-05-08",
    "symbol": "IT",
    "eps": 0.72,
    "epsEstimated": 0.58,
    "time": "bmo",
    "revenue": 963565000,
    "revenueEstimated": 776233333,
    "updatedFromDate": "2025-04-25",
    "fiscalDateEnding": "2018-03-31"
  },
  {
    "date": "2018-02-06",
    "symbol": "IT",
    "eps": 1.17,
    "epsEstimated": 1.32,
    "time": "bmo",
    "revenue": 1014509000,
    "revenueEstimated": 1144564102,
    "updatedFromDate": "2025-04-25",
    "fiscalDateEnding": "2017-12-31"
  },
  {
    "date": "2017-11-02",
    "symbol": "IT",
    "eps": 0.65,
    "epsEstimated": 0.52,
    "time": "bmo",
    "revenue": 828085000,
    "revenueEstimated": 662480000,
    "updatedFromDate": "2025-04-25",
    "fiscalDateEnding": "2017-09-30"
  },
  {
    "date": "2017-08-08",
    "symbol": "IT",
    "eps": 0.88,
    "epsEstimated": 0.83,
    "time": "bmo",
    "revenue": 843731000,
    "revenueEstimated": 795762500,
    "updatedFromDate": "2025-04-25",
    "fiscalDateEnding": "2017-06-30"
  },
  {
    "date": "2017-05-04",
    "symbol": "IT",
    "eps": 0.6,
    "epsEstimated": 0.61,
    "time": "bmo",
    "revenue": 625169000,
    "revenueEstimated": 625200000,
    "updatedFromDate": "2025-04-25",
    "fiscalDateEnding": "2017-03-31"
  },
  {
    "date": "2017-02-02",
    "symbol": "IT",
    "eps": 0.97,
    "epsEstimated": 0.98,
    "time": "bmo",
    "revenue": 703217000,
    "revenueEstimated": 710449484,
    "updatedFromDate": "2025-04-25",
    "fiscalDateEnding": "2016-12-31"
  },
  {
    "date": "2016-11-03",
    "symbol": "IT",
    "eps": 0.58,
    "epsEstimated": 0.5,
    "time": "bmo",
    "revenue": 574059000,
    "revenueEstimated": 494913793,
    "updatedFromDate": "2025-04-25",
    "fiscalDateEnding": "2016-09-30"
  },
  {
    "date": "2016-08-04",
    "symbol": "IT",
    "eps": 0.71,
    "epsEstimated": 0.68,
    "time": "bmo",
    "revenue": 609998000,
    "revenueEstimated": 584225352,
    "updatedFromDate": "2025-04-25",
    "fiscalDateEnding": "2016-06-30"
  }
]