[
  {
    "date": "2026-04-28",
    "symbol": "ITW",
    "eps": null,
    "epsEstimated": null,
    "time": "bmo",
    "revenue": null,
    "revenueEstimated": null,
    "updatedFromDate": "2025-10-02",
    "fiscalDateEnding": "2026-03-30"
  },
  {
    "date": "2026-02-03",
    "symbol": "ITW",
    "eps": null,
    "epsEstimated": null,
    "time": "bmo",
    "revenue": null,
    "revenueEstimated": null,
    "updatedFromDate": "2025-10-02",
    "fiscalDateEnding": "2025-12-30"
  },
  {
    "date": "2025-10-29",
    "symbol": "ITW",
    "eps": null,
    "epsEstimated": 2.69,
    "time": "bmo",
    "revenue": null,
    "revenueEstimated": 4088675630,
    "updatedFromDate": "2025-10-02",
    "fiscalDateEnding": "2025-09-30"
  },
  {
    "date": "2025-07-30",
    "symbol": "ITW",
    "eps": 2.58,
    "epsEstimated": 2.56,
    "time": "bmo",
    "revenue": 4053000000,
    "revenueEstimated": 4024424746,
    "updatedFromDate": "2025-10-02",
    "fiscalDateEnding": "2025-06-30"
  },
  {
    "date": "2025-04-30",
    "symbol": "ITW",
    "eps": 2.38,
    "epsEstimated": 2.34,
    "time": "bmo",
    "revenue": 3839000000,
    "revenueEstimated": 3842907065,
    "updatedFromDate": "2025-07-30",
    "fiscalDateEnding": "2025-03-31"
  },
  {
    "date": "2025-02-05",
    "symbol": "ITW",
    "eps": 2.54,
    "epsEstimated": 2.49,
    "time": "bmo",
    "revenue": 3932000000,
    "revenueEstimated": 3982116964,
    "updatedFromDate": "2025-05-05",
    "fiscalDateEnding": "2024-12-31"
  },
  {
    "date": "2024-10-30",
    "symbol": "ITW",
    "eps": 2.65,
    "epsEstimated": 2.52,
    "time": "bmo",
    "revenue": 3966000000,
    "revenueEstimated": 4018214655,
    "updatedFromDate": "2025-04-23",
    "fiscalDateEnding": "2024-09-30"
  },
  {
    "date": "2024-07-30",
    "symbol": "ITW",
    "eps": 2.54,
    "epsEstimated": 2.48,
    "time": "bmo",
    "revenue": 4027000000,
    "revenueEstimated": 4079355110,
    "updatedFromDate": "2025-04-23",
    "fiscalDateEnding": "2024-06-30"
  },
  {
    "date": "2024-04-30",
    "symbol": "ITW",
    "eps": 2.44,
    "epsEstimated": 2.36,
    "time": "bmo",
    "revenue": 3973000000,
    "revenueEstimated": 4029469024,
    "updatedFromDate": "2025-04-23",
    "fiscalDateEnding": "2024-03-31"
  },
  {
    "date": "2024-02-01",
    "symbol": "ITW",
    "eps": 2.42,
    "epsEstimated": 2.41,
    "time": "bmo",
    "revenue": 3983000000,
    "revenueEstimated": 4010500000,
    "updatedFromDate": "2025-04-23",
    "fiscalDateEnding": "2023-12-31"
  },
  {
    "date": "2023-10-24",
    "symbol": "ITW",
    "eps": 2.55,
    "epsEstimated": 2.46,
    "time": "bmo",
    "revenue": 4031000000,
    "revenueEstimated": 4094000000,
    "updatedFromDate": "2025-04-23",
    "fiscalDateEnding": "2023-09-30"
  },
  {
    "date": "2023-08-01",
    "symbol": "ITW",
    "eps": 2.48,
    "epsEstimated": 2.39,
    "time": "bmo",
    "revenue": 4074000000,
    "revenueEstimated": 4133550000,
    "updatedFromDate": "2025-04-23",
    "fiscalDateEnding": "2023-06-30"
  },
  {
    "date": "2023-05-02",
    "symbol": "ITW",
    "eps": 2.33,
    "epsEstimated": 2.23,
    "time": "bmo",
    "revenue": 4019000000,
    "revenueEstimated": 3982230000,
    "updatedFromDate": "2025-04-23",
    "fiscalDateEnding": "2023-03-31"
  },
  {
    "date": "2023-02-02",
    "symbol": "ITW",
    "eps": 2.95,
    "epsEstimated": 2.58,
    "time": "bmo",
    "revenue": 3971000000,
    "revenueEstimated": 3892794183,
    "updatedFromDate": "2025-04-23",
    "fiscalDateEnding": "2022-12-31"
  },
  {
    "date": "2022-10-25",
    "symbol": "ITW",
    "eps": 2.35,
    "epsEstimated": 2.25,
    "time": "bmo",
    "revenue": 4011000000,
    "revenueEstimated": 3890616704,
    "updatedFromDate": "2025-04-23",
    "fiscalDateEnding": "2022-09-30"
  },
  {
    "date": "2022-08-02",
    "symbol": "ITW",
    "eps": 2.37,
    "epsEstimated": 2.2,
    "time": "bmo",
    "revenue": 4011000000,
    "revenueEstimated": 3968710301,
    "updatedFromDate": "2025-04-23",
    "fiscalDateEnding": "2022-06-30"
  },
  {
    "date": "2022-05-03",
    "symbol": "ITW",
    "eps": 2.11,
    "epsEstimated": 2.07,
    "time": "bmo",
    "revenue": 3939000000,
    "revenueEstimated": 3752596489,
    "updatedFromDate": "2025-04-23",
    "fiscalDateEnding": "2022-03-31"
  },
  {
    "date": "2022-02-03",
    "symbol": "ITW",
    "eps": 1.95,
    "epsEstimated": 1.9,
    "time": "bmo",
    "revenue": 3679000000,
    "revenueEstimated": 3532105812,
    "updatedFromDate": "2025-04-23",
    "fiscalDateEnding": "2021-12-31"
  },
  {
    "date": "2021-10-28",
    "symbol": "ITW",
    "eps": 1.96,
    "epsEstimated": 2.01,
    "time": "bmo",
    "revenue": 3556000000,
    "revenueEstimated": 3633300000,
    "updatedFromDate": "2025-04-23",
    "fiscalDateEnding": "2021-09-30"
  },
  {
    "date": "2021-07-30",
    "symbol": "ITW",
    "eps": 2.1,
    "epsEstimated": 2.09,
    "time": "bmo",
    "revenue": 3676000000,
    "revenueEstimated": 3676000000,
    "updatedFromDate": "2025-04-23",
    "fiscalDateEnding": "2021-06-30"
  },
  {
    "date": "2021-04-30",
    "symbol": "ITW",
    "eps": 2.11,
    "epsEstimated": 1.9,
    "time": "bmo",
    "revenue": 3544000000,
    "revenueEstimated": 3432130000,
    "updatedFromDate": "2025-04-23",
    "fiscalDateEnding": "2021-03-31"
  },
  {
    "date": "2021-02-05",
    "symbol": "ITW",
    "eps": 2.02,
    "epsEstimated": 1.79,
    "time": "bmo",
    "revenue": 3475000000,
    "revenueEstimated": 3319210000,
    "updatedFromDate": "2025-04-23",
    "fiscalDateEnding": "2020-12-31"
  },
  {
    "date": "2020-10-23",
    "symbol": "ITW",
    "eps": 1.83,
    "epsEstimated": 1.49,
    "time": "bmo",
    "revenue": 3307000000,
    "revenueEstimated": 2692584699,
    "updatedFromDate": "2025-04-23",
    "fiscalDateEnding": "2020-09-30"
  },
  {
    "date": "2020-07-31",
    "symbol": "ITW",
    "eps": 1.01,
    "epsEstimated": 0.7,
    "time": "bmo",
    "revenue": 2564000000,
    "revenueEstimated": 1777029702,
    "updatedFromDate": "2025-04-23",
    "fiscalDateEnding": "2020-06-30"
  },
  {
    "date": "2020-05-05",
    "symbol": "ITW",
    "eps": 1.77,
    "epsEstimated": 1.71,
    "time": "bmo",
    "revenue": 3228000000,
    "revenueEstimated": 3118576271,
    "updatedFromDate": "2025-04-23",
    "fiscalDateEnding": "2020-03-31"
  },
  {
    "date": "2020-01-31",
    "symbol": "ITW",
    "eps": 1.99,
    "epsEstimated": 1.85,
    "time": "bmo",
    "revenue": 3469000000,
    "revenueEstimated": 3224949748,
    "updatedFromDate": "2025-04-23",
    "fiscalDateEnding": "2019-12-31"
  },
  {
    "date": "2019-10-25",
    "symbol": "ITW",
    "eps": 2.04,
    "epsEstimated": 1.94,
    "time": "bmo",
    "revenue": 3479000000,
    "revenueEstimated": 3308460784,
    "updatedFromDate": "2025-04-23",
    "fiscalDateEnding": "2019-09-30"
  },
  {
    "date": "2019-07-26",
    "symbol": "ITW",
    "eps": 2,
    "epsEstimated": 1.98,
    "time": "bmo",
    "revenue": 3609000000,
    "revenueEstimated": 3741267015,
    "updatedFromDate": "2025-04-23",
    "fiscalDateEnding": "2019-06-30"
  },
  {
    "date": "2019-04-25",
    "symbol": "ITW",
    "eps": 1.81,
    "epsEstimated": 1.8,
    "time": "bmo",
    "revenue": 3552000000,
    "revenueEstimated": 3532375690,
    "updatedFromDate": "2025-04-23",
    "fiscalDateEnding": "2019-03-31"
  },
  {
    "date": "2019-02-01",
    "symbol": "ITW",
    "eps": 1.83,
    "epsEstimated": 1.82,
    "time": "bmo",
    "revenue": 3580000000,
    "revenueEstimated": 3560437158,
    "updatedFromDate": "2025-04-23",
    "fiscalDateEnding": "2018-12-31"
  },
  {
    "date": "2018-10-24",
    "symbol": "ITW",
    "eps": 1.9,
    "epsEstimated": 1.88,
    "time": "bmo",
    "revenue": 3613000000,
    "revenueEstimated": 3574968421,
    "updatedFromDate": "2025-04-23",
    "fiscalDateEnding": "2018-09-30"
  },
  {
    "date": "2018-07-23",
    "symbol": "ITW",
    "eps": 1.97,
    "epsEstimated": 1.97,
    "time": "bmo",
    "revenue": 3831000000,
    "revenueEstimated": 3831000000,
    "updatedFromDate": "2025-04-23",
    "fiscalDateEnding": "2018-06-30"
  },
  {
    "date": "2018-04-26",
    "symbol": "ITW",
    "eps": 1.9,
    "epsEstimated": 1.86,
    "time": "bmo",
    "revenue": 3744000000,
    "revenueEstimated": 3665178947,
    "updatedFromDate": "2025-04-23",
    "fiscalDateEnding": "2018-03-30"
  },
  {
    "date": "2018-01-24",
    "symbol": "ITW",
    "eps": 1.7,
    "epsEstimated": 1.62,
    "time": "bmo",
    "revenue": 3629000000,
    "revenueEstimated": 3458223529,
    "updatedFromDate": "2025-04-23",
    "fiscalDateEnding": "2017-12-31"
  },
  {
    "date": "2017-10-23",
    "symbol": "ITW",
    "eps": 1.85,
    "epsEstimated": 1.65,
    "time": "bmo",
    "revenue": 3615000000,
    "revenueEstimated": 3224189189,
    "updatedFromDate": "2025-04-23",
    "fiscalDateEnding": "2017-09-30"
  },
  {
    "date": "2017-07-24",
    "symbol": "ITW",
    "eps": 1.66,
    "epsEstimated": 1.64,
    "time": "bmo",
    "revenue": 3599000000,
    "revenueEstimated": 3492520710,
    "updatedFromDate": "2025-04-23",
    "fiscalDateEnding": "2017-06-30"
  },
  {
    "date": "2017-04-24",
    "symbol": "ITW",
    "eps": 1.54,
    "epsEstimated": 1.45,
    "time": "bmo",
    "revenue": 3471000000,
    "revenueEstimated": 3268149350,
    "updatedFromDate": "2025-04-23",
    "fiscalDateEnding": "2017-03-31"
  },
  {
    "date": "2017-01-25",
    "symbol": "ITW",
    "eps": 1.39,
    "epsEstimated": 1.37,
    "time": "bmo",
    "revenue": 3399000000,
    "revenueEstimated": 3350093525,
    "updatedFromDate": "2025-04-23",
    "fiscalDateEnding": "2016-12-31"
  },
  {
    "date": "2016-10-20",
    "symbol": "ITW",
    "eps": 1.5,
    "epsEstimated": 1.49,
    "time": "bmo",
    "revenue": 3495000000,
    "revenueEstimated": 3471700000,
    "updatedFromDate": "2025-04-23",
    "fiscalDateEnding": "2016-09-30"
  },
  {
    "date": "2016-07-20",
    "symbol": "ITW",
    "eps": 1.46,
    "epsEstimated": 1.4,
    "time": "bmo",
    "revenue": 3431000000,
    "revenueEstimated": 3290000000,
    "updatedFromDate": "2025-04-23",
    "fiscalDateEnding": "2016-06-30"
  }
]