[
  {
    "date": "2026-04-20",
    "symbol": "IVZ",
    "eps": null,
    "epsEstimated": null,
    "time": "bmo",
    "revenue": null,
    "revenueEstimated": null,
    "updatedFromDate": "2025-10-02",
    "fiscalDateEnding": "2026-03-30"
  },
  {
    "date": "2026-01-26",
    "symbol": "IVZ",
    "eps": null,
    "epsEstimated": null,
    "time": "bmo",
    "revenue": null,
    "revenueEstimated": null,
    "updatedFromDate": "2025-10-02",
    "fiscalDateEnding": "2025-12-30"
  },
  {
    "date": "2025-10-28",
    "symbol": "IVZ",
    "eps": null,
    "epsEstimated": 0.45,
    "time": "bmo",
    "revenue": null,
    "revenueEstimated": 1171441440,
    "updatedFromDate": "2025-10-02",
    "fiscalDateEnding": "2025-09-30"
  },
  {
    "date": "2025-07-22",
    "symbol": "IVZ",
    "eps": 0.36,
    "epsEstimated": 0.41,
    "time": "bmo",
    "revenue": 1515500000,
    "revenueEstimated": 1171441440,
    "updatedFromDate": "2025-10-02",
    "fiscalDateEnding": "2025-06-30"
  },
  {
    "date": "2025-04-22",
    "symbol": "IVZ",
    "eps": 0.44,
    "epsEstimated": 0.39,
    "time": "bmo",
    "revenue": 1529200000,
    "revenueEstimated": 1118981940,
    "updatedFromDate": "2025-07-22",
    "fiscalDateEnding": "2025-03-31"
  },
  {
    "date": "2025-01-28",
    "symbol": "IVZ",
    "eps": 0.52,
    "epsEstimated": 0.49,
    "time": "bmo",
    "revenue": 1593000000,
    "revenueEstimated": 1125541380,
    "updatedFromDate": "2025-04-27",
    "fiscalDateEnding": "2024-12-31"
  },
  {
    "date": "2024-10-22",
    "symbol": "IVZ",
    "eps": 0.44,
    "epsEstimated": 0.4319,
    "time": "bmo",
    "revenue": 1515400000,
    "revenueEstimated": 1110874436,
    "updatedFromDate": "2025-04-25",
    "fiscalDateEnding": "2024-09-30"
  },
  {
    "date": "2024-07-23",
    "symbol": "IVZ",
    "eps": 0.43,
    "epsEstimated": 0.3984,
    "time": "bmo",
    "revenue": 1483300000,
    "revenueEstimated": 1088185342,
    "updatedFromDate": "2025-04-25",
    "fiscalDateEnding": "2024-06-30"
  },
  {
    "date": "2024-04-23",
    "symbol": "IVZ",
    "eps": 0.33,
    "epsEstimated": 0.4,
    "time": "bmo",
    "revenue": 1475300000,
    "revenueEstimated": 1082009591,
    "updatedFromDate": "2025-04-25",
    "fiscalDateEnding": "2024-03-31"
  },
  {
    "date": "2024-01-23",
    "symbol": "IVZ",
    "eps": 0.47,
    "epsEstimated": 0.39,
    "time": "bmo",
    "revenue": 1413400000,
    "revenueEstimated": 1115170000,
    "updatedFromDate": "2025-04-25",
    "fiscalDateEnding": "2023-12-31"
  },
  {
    "date": "2023-10-24",
    "symbol": "IVZ",
    "eps": 0.35,
    "epsEstimated": 0.36,
    "time": "bmo",
    "revenue": 1442000000,
    "revenueEstimated": 1097950000,
    "updatedFromDate": "2025-04-25",
    "fiscalDateEnding": "2023-09-30"
  },
  {
    "date": "2023-07-25",
    "symbol": "IVZ",
    "eps": 0.31,
    "epsEstimated": 0.39,
    "time": "bmo",
    "revenue": 1442800000,
    "revenueEstimated": 1107030000,
    "updatedFromDate": "2025-04-25",
    "fiscalDateEnding": "2023-06-30"
  },
  {
    "date": "2023-04-25",
    "symbol": "IVZ",
    "eps": 0.38,
    "epsEstimated": 0.37,
    "time": "bmo",
    "revenue": 1418200000,
    "revenueEstimated": 1098350000,
    "updatedFromDate": "2025-04-25",
    "fiscalDateEnding": "2023-03-31"
  },
  {
    "date": "2023-01-24",
    "symbol": "IVZ",
    "eps": 0.39,
    "epsEstimated": 0.36,
    "time": "bmo",
    "revenue": 1443400000,
    "revenueEstimated": 1084298169,
    "updatedFromDate": "2025-04-25",
    "fiscalDateEnding": "2022-12-31"
  },
  {
    "date": "2022-10-25",
    "symbol": "IVZ",
    "eps": 0.34,
    "epsEstimated": 0.41,
    "time": "bmo",
    "revenue": 1445700000,
    "revenueEstimated": 1114695054,
    "updatedFromDate": "2025-04-25",
    "fiscalDateEnding": "2022-09-30"
  },
  {
    "date": "2022-07-27",
    "symbol": "IVZ",
    "eps": 0.39,
    "epsEstimated": 0.52,
    "time": "bmo",
    "revenue": 1530400000,
    "revenueEstimated": 1196508464,
    "updatedFromDate": "2025-04-25",
    "fiscalDateEnding": "2022-06-30"
  },
  {
    "date": "2022-04-26",
    "symbol": "IVZ",
    "eps": 0.56,
    "epsEstimated": 0.61,
    "time": "bmo",
    "revenue": 1629400000,
    "revenueEstimated": 1275383894,
    "updatedFromDate": "2025-04-25",
    "fiscalDateEnding": "2022-03-31"
  },
  {
    "date": "2022-01-25",
    "symbol": "IVZ",
    "eps": 0.86,
    "epsEstimated": 0.76,
    "time": "bmo",
    "revenue": 1763400000,
    "revenueEstimated": 1174300000,
    "updatedFromDate": "2025-04-25",
    "fiscalDateEnding": "2021-12-31"
  },
  {
    "date": "2021-10-26",
    "symbol": "IVZ",
    "eps": 0.77,
    "epsEstimated": 0.73,
    "time": "bmo",
    "revenue": 1750000000,
    "revenueEstimated": 1338850000,
    "updatedFromDate": "2025-04-25",
    "fiscalDateEnding": "2021-09-30"
  },
  {
    "date": "2021-07-27",
    "symbol": "IVZ",
    "eps": 0.78,
    "epsEstimated": 0.7,
    "time": "bmo",
    "revenue": 1721400000,
    "revenueEstimated": 1333870000,
    "updatedFromDate": "2025-04-25",
    "fiscalDateEnding": "2021-06-30"
  },
  {
    "date": "2021-04-27",
    "symbol": "IVZ",
    "eps": 0.68,
    "epsEstimated": 0.62,
    "time": "bmo",
    "revenue": 1659700000,
    "revenueEstimated": 1206740000,
    "updatedFromDate": "2025-04-25",
    "fiscalDateEnding": "2021-03-31"
  },
  {
    "date": "2021-01-26",
    "symbol": "IVZ",
    "eps": 0.72,
    "epsEstimated": 0.57,
    "time": "bmo",
    "revenue": 1630100000,
    "revenueEstimated": 1131190000,
    "updatedFromDate": "2025-04-25",
    "fiscalDateEnding": "2020-12-31"
  },
  {
    "date": "2020-10-27",
    "symbol": "IVZ",
    "eps": 0.53,
    "epsEstimated": 0.48,
    "time": "bmo",
    "revenue": 1497600000,
    "revenueEstimated": 1356679245,
    "updatedFromDate": "2025-04-25",
    "fiscalDateEnding": "2020-09-30"
  },
  {
    "date": "2020-07-28",
    "symbol": "IVZ",
    "eps": 0.35,
    "epsEstimated": 0.42,
    "time": "bmo",
    "revenue": 1419000000,
    "revenueEstimated": 1783885714,
    "updatedFromDate": "2025-04-25",
    "fiscalDateEnding": "2020-06-30"
  },
  {
    "date": "2020-04-23",
    "symbol": "IVZ",
    "eps": 0.34,
    "epsEstimated": 0.56,
    "time": "bmo",
    "revenue": 1598900000,
    "revenueEstimated": 2445376470,
    "updatedFromDate": "2025-04-25",
    "fiscalDateEnding": "2020-03-31"
  },
  {
    "date": "2020-01-29",
    "symbol": "IVZ",
    "eps": 0.64,
    "epsEstimated": 0.7,
    "time": "bmo",
    "revenue": 1742800000,
    "revenueEstimated": 1892182857,
    "updatedFromDate": "2025-04-25",
    "fiscalDateEnding": "2019-12-31"
  },
  {
    "date": "2019-10-23",
    "symbol": "IVZ",
    "eps": 0.7,
    "epsEstimated": 0.57,
    "time": "bmo",
    "revenue": 1720600000,
    "revenueEstimated": 1401060000,
    "updatedFromDate": "2025-04-25",
    "fiscalDateEnding": "2019-09-30"
  },
  {
    "date": "2019-07-25",
    "symbol": "IVZ",
    "eps": 0.65,
    "epsEstimated": 0.57,
    "time": "bmo",
    "revenue": 1439400000,
    "revenueEstimated": 1306532307,
    "updatedFromDate": "2025-04-25",
    "fiscalDateEnding": "2019-06-30"
  },
  {
    "date": "2019-04-25",
    "symbol": "IVZ",
    "eps": 0.56,
    "epsEstimated": 0.53,
    "time": "bmo",
    "revenue": 1214600000,
    "revenueEstimated": 1149532142,
    "updatedFromDate": "2025-04-25",
    "fiscalDateEnding": "2019-03-31"
  },
  {
    "date": "2019-01-30",
    "symbol": "IVZ",
    "eps": 0.44,
    "epsEstimated": 0.54,
    "time": "bmo",
    "revenue": 1255900000,
    "revenueEstimated": 1512788636,
    "updatedFromDate": "2025-04-25",
    "fiscalDateEnding": "2018-12-31"
  },
  {
    "date": "2018-10-18",
    "symbol": "IVZ",
    "eps": 0.66,
    "epsEstimated": 0.66,
    "time": "bmo",
    "revenue": 1341800000,
    "revenueEstimated": 1341800000,
    "updatedFromDate": "2025-04-25",
    "fiscalDateEnding": "2018-09-30"
  },
  {
    "date": "2018-07-26",
    "symbol": "IVZ",
    "eps": 0.66,
    "epsEstimated": 0.66,
    "time": "bmo",
    "revenue": 1360600000,
    "revenueEstimated": 1360600000,
    "updatedFromDate": "2025-04-25",
    "fiscalDateEnding": "2018-06-30"
  },
  {
    "date": "2018-04-26",
    "symbol": "IVZ",
    "eps": 0.67,
    "epsEstimated": 0.66,
    "time": "bmo",
    "revenue": 1355800000,
    "revenueEstimated": 1335564179,
    "updatedFromDate": "2025-04-25",
    "fiscalDateEnding": "2018-03-31"
  },
  {
    "date": "2018-01-31",
    "symbol": "IVZ",
    "eps": 0.73,
    "epsEstimated": 0.7,
    "time": "bmo",
    "revenue": 1375600000,
    "revenueEstimated": 1319068493,
    "updatedFromDate": "2025-04-25",
    "fiscalDateEnding": "2017-12-31"
  },
  {
    "date": "2017-10-26",
    "symbol": "IVZ",
    "eps": 0.71,
    "epsEstimated": 0.66,
    "time": "bmo",
    "revenue": 1337700000,
    "revenueEstimated": 1243495774,
    "updatedFromDate": "2025-04-25",
    "fiscalDateEnding": "2017-09-30"
  },
  {
    "date": "2017-07-27",
    "symbol": "IVZ",
    "eps": 0.64,
    "epsEstimated": 0.61,
    "time": "bmo",
    "revenue": 1254400000,
    "revenueEstimated": 1195600000,
    "updatedFromDate": "2025-04-25",
    "fiscalDateEnding": "2017-06-30"
  },
  {
    "date": "2017-04-27",
    "symbol": "IVZ",
    "eps": 0.61,
    "epsEstimated": 0.56,
    "time": "bmo",
    "revenue": 1192600000,
    "revenueEstimated": 1094845901,
    "updatedFromDate": "2025-04-25",
    "fiscalDateEnding": "2017-03-31"
  },
  {
    "date": "2017-01-26",
    "symbol": "IVZ",
    "eps": 0.59,
    "epsEstimated": 0.58,
    "time": "bmo",
    "revenue": 1194700000,
    "revenueEstimated": 1174450847,
    "updatedFromDate": "2025-04-25",
    "fiscalDateEnding": "2016-12-31"
  },
  {
    "date": "2016-10-27",
    "symbol": "IVZ",
    "eps": 0.6,
    "epsEstimated": 0.61,
    "time": "bmo",
    "revenue": 1201600000,
    "revenueEstimated": 1221626666,
    "updatedFromDate": "2025-04-25",
    "fiscalDateEnding": "2016-09-30"
  },
  {
    "date": "2016-07-28",
    "symbol": "IVZ",
    "eps": 0.56,
    "epsEstimated": 0.54,
    "time": "bmo",
    "revenue": 1189400000,
    "revenueEstimated": 1146921428,
    "updatedFromDate": "2025-04-25",
    "fiscalDateEnding": "2016-06-30"
  }
]