[
  {
    "date": "2026-05-04",
    "symbol": "J",
    "eps": null,
    "epsEstimated": null,
    "time": "bmo",
    "revenue": null,
    "revenueEstimated": null,
    "updatedFromDate": "2025-10-02",
    "fiscalDateEnding": "2026-03-27"
  },
  {
    "date": "2026-02-02",
    "symbol": "J",
    "eps": null,
    "epsEstimated": null,
    "time": "bmo",
    "revenue": null,
    "revenueEstimated": null,
    "updatedFromDate": "2025-10-02",
    "fiscalDateEnding": "2025-12-27"
  },
  {
    "date": "2025-11-18",
    "symbol": "J",
    "eps": null,
    "epsEstimated": 1.67,
    "time": "bmo",
    "revenue": null,
    "revenueEstimated": 3144137730,
    "updatedFromDate": "2025-10-02",
    "fiscalDateEnding": "2025-09-27"
  },
  {
    "date": "2025-08-05",
    "symbol": "J",
    "eps": 1.62,
    "epsEstimated": 1.53,
    "time": "bmo",
    "revenue": 3029168000,
    "revenueEstimated": 3067652659,
    "updatedFromDate": "2025-10-02",
    "fiscalDateEnding": "2025-06-27"
  },
  {
    "date": "2025-05-06",
    "symbol": "J",
    "eps": 1.43,
    "epsEstimated": 1.37,
    "time": "bmo",
    "revenue": 2910415000,
    "revenueEstimated": 3001705751,
    "updatedFromDate": "2025-08-06",
    "fiscalDateEnding": "2025-03-28"
  },
  {
    "date": "2025-02-04",
    "symbol": "J",
    "eps": 1.33,
    "epsEstimated": 1.29,
    "time": "bmo",
    "revenue": 2932956000,
    "revenueEstimated": 2998453920,
    "updatedFromDate": "2025-06-17",
    "fiscalDateEnding": "2024-12-27"
  },
  {
    "date": "2024-11-19",
    "symbol": "J",
    "eps": 1.37,
    "epsEstimated": 1.54,
    "time": "bmo",
    "revenue": 1158957000,
    "revenueEstimated": 4497646918,
    "updatedFromDate": "2025-06-17",
    "fiscalDateEnding": "2024-09-27"
  },
  {
    "date": "2024-08-06",
    "symbol": "J",
    "eps": 1.96,
    "epsEstimated": 1.96,
    "time": "bmo",
    "revenue": 4231580000,
    "revenueEstimated": 4387892911,
    "updatedFromDate": "2025-06-17",
    "fiscalDateEnding": "2024-06-28"
  },
  {
    "date": "2024-05-07",
    "symbol": "J",
    "eps": 1.91,
    "epsEstimated": 1.85,
    "time": "bmo",
    "revenue": 4269093000,
    "revenueEstimated": 4319285963,
    "updatedFromDate": "2025-06-17",
    "fiscalDateEnding": "2024-03-29"
  },
  {
    "date": "2024-02-06",
    "symbol": "J",
    "eps": 2.02,
    "epsEstimated": 1.5,
    "time": "bmo",
    "revenue": 4157354999,
    "revenueEstimated": 4019222825,
    "updatedFromDate": "2025-06-17",
    "fiscalDateEnding": "2023-12-29"
  },
  {
    "date": "2023-11-21",
    "symbol": "J",
    "eps": 1.9,
    "epsEstimated": 2.02,
    "time": "bmo",
    "revenue": 4288712000,
    "revenueEstimated": 4211949574,
    "updatedFromDate": "2025-06-17",
    "fiscalDateEnding": "2023-09-29"
  },
  {
    "date": "2023-08-08",
    "symbol": "J",
    "eps": 1.82,
    "epsEstimated": 1.84,
    "time": "bmo",
    "revenue": 4186702000,
    "revenueEstimated": 3994310000,
    "updatedFromDate": "2025-06-17",
    "fiscalDateEnding": "2023-06-30"
  },
  {
    "date": "2023-05-09",
    "symbol": "J",
    "eps": 1.81,
    "epsEstimated": 1.75,
    "time": "bmo",
    "revenue": 4078332000,
    "revenueEstimated": 3992815422,
    "updatedFromDate": "2025-06-17",
    "fiscalDateEnding": "2023-03-31"
  },
  {
    "date": "2023-02-07",
    "symbol": "J",
    "eps": 1.67,
    "epsEstimated": 1.61,
    "time": "bmo",
    "revenue": 3798668000,
    "revenueEstimated": 3621632851,
    "updatedFromDate": "2025-06-17",
    "fiscalDateEnding": "2022-12-30"
  },
  {
    "date": "2022-11-21",
    "symbol": "J",
    "eps": 1.8,
    "epsEstimated": 1.77,
    "time": "bmo",
    "revenue": 3881048000,
    "revenueEstimated": 3852680503,
    "updatedFromDate": "2025-06-17",
    "fiscalDateEnding": "2022-09-30"
  },
  {
    "date": "2022-08-01",
    "symbol": "J",
    "eps": 1.86,
    "epsEstimated": 1.81,
    "time": "bmo",
    "revenue": 3827093000,
    "revenueEstimated": 3811459274,
    "updatedFromDate": "2025-06-17",
    "fiscalDateEnding": "2022-07-01"
  },
  {
    "date": "2022-05-03",
    "symbol": "J",
    "eps": 1.72,
    "epsEstimated": 1.7,
    "time": "bmo",
    "revenue": 3834059000,
    "revenueEstimated": 3754225215,
    "updatedFromDate": "2025-06-17",
    "fiscalDateEnding": "2022-04-01"
  },
  {
    "date": "2022-02-08",
    "symbol": "J",
    "eps": 1.56,
    "epsEstimated": 1.6,
    "time": "bmo",
    "revenue": 3380625000,
    "revenueEstimated": 3619350885,
    "updatedFromDate": "2025-06-17",
    "fiscalDateEnding": "2021-12-31"
  },
  {
    "date": "2021-11-23",
    "symbol": "J",
    "eps": 1.58,
    "epsEstimated": 1.49,
    "time": "bmo",
    "revenue": 3586487000,
    "revenueEstimated": 3512980000,
    "updatedFromDate": "2025-06-17",
    "fiscalDateEnding": "2021-10-01"
  },
  {
    "date": "2021-08-03",
    "symbol": "J",
    "eps": 1.64,
    "epsEstimated": 1.48,
    "time": "bmo",
    "revenue": 3576436000,
    "revenueEstimated": 3640660000,
    "updatedFromDate": "2025-06-17",
    "fiscalDateEnding": "2021-07-02"
  },
  {
    "date": "2021-05-10",
    "symbol": "J",
    "eps": 1.66,
    "epsEstimated": 1.37,
    "time": "bmo",
    "revenue": 3547873000,
    "revenueEstimated": 3480420000,
    "updatedFromDate": "2025-06-17",
    "fiscalDateEnding": "2021-04-02"
  },
  {
    "date": "2021-02-09",
    "symbol": "J",
    "eps": 1.41,
    "epsEstimated": 1.27,
    "time": "bmo",
    "revenue": 3381836000,
    "revenueEstimated": 3321850000,
    "updatedFromDate": "2025-06-17",
    "fiscalDateEnding": "2021-01-01"
  },
  {
    "date": "2020-11-24",
    "symbol": "J",
    "eps": 1.63,
    "epsEstimated": 1.3,
    "time": "bmo",
    "revenue": 3519689000,
    "revenueEstimated": 9089196877,
    "updatedFromDate": "2025-06-17",
    "fiscalDateEnding": "2020-10-02"
  },
  {
    "date": "2020-08-03",
    "symbol": "J",
    "eps": 1.26,
    "epsEstimated": 0.99,
    "time": "bmo",
    "revenue": 3260057000,
    "revenueEstimated": 2587346825,
    "updatedFromDate": "2025-06-17",
    "fiscalDateEnding": "2020-06-26"
  },
  {
    "date": "2020-05-06",
    "symbol": "J",
    "eps": 1.39,
    "epsEstimated": 1.26,
    "time": "amc",
    "revenue": 3427180000,
    "revenueEstimated": 6347768129,
    "updatedFromDate": "2025-06-17",
    "fiscalDateEnding": "2020-03-27"
  },
  {
    "date": "2020-02-04",
    "symbol": "J",
    "eps": 1.2,
    "epsEstimated": 1.2,
    "time": "bmo",
    "revenue": 3360049000,
    "revenueEstimated": 3332048591,
    "updatedFromDate": "2025-06-17",
    "fiscalDateEnding": "2019-12-27"
  },
  {
    "date": "2019-11-25",
    "symbol": "J",
    "eps": 1.48,
    "epsEstimated": 1.32,
    "time": "bmo",
    "revenue": 3392862000,
    "revenueEstimated": 3026067000,
    "updatedFromDate": "2025-06-17",
    "fiscalDateEnding": "2019-09-27"
  },
  {
    "date": "2019-08-05",
    "symbol": "J",
    "eps": 1.4,
    "epsEstimated": 1.24,
    "time": "bmo",
    "revenue": 3169622000,
    "revenueEstimated": 2807379485,
    "updatedFromDate": "2025-06-17",
    "fiscalDateEnding": "2019-06-28"
  },
  {
    "date": "2019-05-07",
    "symbol": "J",
    "eps": 1.19,
    "epsEstimated": 1.08,
    "time": "bmo",
    "revenue": 3091596000,
    "revenueEstimated": 5604549277,
    "updatedFromDate": "2025-06-17",
    "fiscalDateEnding": "2019-03-29"
  },
  {
    "date": "2019-02-06",
    "symbol": "J",
    "eps": 0.99,
    "epsEstimated": 1.05,
    "time": "bmo",
    "revenue": 3083788000,
    "revenueEstimated": 3270684242,
    "updatedFromDate": "2025-06-17",
    "fiscalDateEnding": "2018-12-28"
  },
  {
    "date": "2018-11-20",
    "symbol": "J",
    "eps": 1.31,
    "epsEstimated": 1.24,
    "time": "bmo",
    "revenue": 4142644000,
    "revenueEstimated": 2832027480,
    "updatedFromDate": "2025-06-17",
    "fiscalDateEnding": "2018-09-28"
  },
  {
    "date": "2018-08-06",
    "symbol": "J",
    "eps": 1.35,
    "epsEstimated": 1.21,
    "time": "bmo",
    "revenue": 4156663000,
    "revenueEstimated": 2629374814,
    "updatedFromDate": "2025-06-17",
    "fiscalDateEnding": "2018-06-29"
  },
  {
    "date": "2018-05-08",
    "symbol": "J",
    "eps": 1,
    "epsEstimated": 0.87,
    "time": "bmo",
    "revenue": 3935028000,
    "revenueEstimated": 2497161000,
    "updatedFromDate": "2025-06-17",
    "fiscalDateEnding": "2018-03-30"
  },
  {
    "date": "2018-02-07",
    "symbol": "J",
    "eps": 0.77,
    "epsEstimated": 0.72,
    "time": "bmo",
    "revenue": 2750311000,
    "revenueEstimated": 1668155844,
    "updatedFromDate": "2025-06-17",
    "fiscalDateEnding": "2017-12-29"
  },
  {
    "date": "2017-11-21",
    "symbol": "J",
    "eps": 0.98,
    "epsEstimated": 0.82,
    "time": "bmo",
    "revenue": 2653866000,
    "revenueEstimated": 2220610204,
    "updatedFromDate": "2025-06-17",
    "fiscalDateEnding": "2017-09-29"
  },
  {
    "date": "2017-08-08",
    "symbol": "J",
    "eps": 0.79,
    "epsEstimated": 0.79,
    "time": "bmo",
    "revenue": 2514751000,
    "revenueEstimated": 2514800000,
    "updatedFromDate": "2025-06-17",
    "fiscalDateEnding": "2017-06-30"
  },
  {
    "date": "2017-05-09",
    "symbol": "J",
    "eps": 0.78,
    "epsEstimated": 0.72,
    "time": "bmo",
    "revenue": 2302567000,
    "revenueEstimated": 2125476923,
    "updatedFromDate": "2025-06-17",
    "fiscalDateEnding": "2017-03-31"
  },
  {
    "date": "2017-02-08",
    "symbol": "J",
    "eps": 0.68,
    "epsEstimated": 0.62,
    "time": "bmo",
    "revenue": 2551604000,
    "revenueEstimated": 2326458823,
    "updatedFromDate": "2025-06-17",
    "fiscalDateEnding": "2016-12-30"
  },
  {
    "date": "2016-11-22",
    "symbol": "J",
    "eps": 0.77,
    "epsEstimated": 0.77,
    "time": "bmo",
    "revenue": 2640587000,
    "revenueEstimated": 2640600000,
    "updatedFromDate": "2025-06-17",
    "fiscalDateEnding": "2016-09-30"
  },
  {
    "date": "2016-08-09",
    "symbol": "J",
    "eps": 0.78,
    "epsEstimated": 0.75,
    "time": "bmo",
    "revenue": 2693873000,
    "revenueEstimated": 2590288461,
    "updatedFromDate": "2025-06-17",
    "fiscalDateEnding": "2016-07-01"
  }
]