[
  {
    "date": "2026-04-13",
    "symbol": "JBHT",
    "eps": null,
    "epsEstimated": null,
    "time": "amc",
    "revenue": null,
    "revenueEstimated": null,
    "updatedFromDate": "2025-10-01",
    "fiscalDateEnding": "2026-03-30"
  },
  {
    "date": "2026-01-14",
    "symbol": "JBHT",
    "eps": null,
    "epsEstimated": null,
    "time": "amc",
    "revenue": null,
    "revenueEstimated": null,
    "updatedFromDate": "2025-10-01",
    "fiscalDateEnding": "2025-12-30"
  },
  {
    "date": "2025-10-21",
    "symbol": "JBHT",
    "eps": null,
    "epsEstimated": 1.49,
    "time": "bmo",
    "revenue": null,
    "revenueEstimated": null,
    "updatedFromDate": "2025-10-01",
    "fiscalDateEnding": "2025-09-30"
  },
  {
    "date": "2025-07-15",
    "symbol": "JBHT",
    "eps": 1.31,
    "epsEstimated": 1.3,
    "time": "amc",
    "revenue": 2928181000,
    "revenueEstimated": 2916828250,
    "updatedFromDate": "2025-10-01",
    "fiscalDateEnding": "2025-06-30"
  },
  {
    "date": "2025-04-15",
    "symbol": "JBHT",
    "eps": 1.17,
    "epsEstimated": 1.15,
    "time": "amc",
    "revenue": 2921392000,
    "revenueEstimated": 2898983549,
    "updatedFromDate": "2025-07-15",
    "fiscalDateEnding": "2025-03-31"
  },
  {
    "date": "2025-01-16",
    "symbol": "JBHT",
    "eps": 1.53,
    "epsEstimated": 1.64,
    "time": "amc",
    "revenue": 3146348000,
    "revenueEstimated": 3133964211,
    "updatedFromDate": "2025-04-25",
    "fiscalDateEnding": "2024-12-31"
  },
  {
    "date": "2024-10-15",
    "symbol": "JBHT",
    "eps": 1.49,
    "epsEstimated": 1.41,
    "time": "amc",
    "revenue": 3068171000,
    "revenueEstimated": 3002593072,
    "updatedFromDate": "2025-04-25",
    "fiscalDateEnding": "2024-09-30"
  },
  {
    "date": "2024-07-16",
    "symbol": "JBHT",
    "eps": 1.32,
    "epsEstimated": 1.52,
    "time": "amc",
    "revenue": 2928685000,
    "revenueEstimated": 3019160888,
    "updatedFromDate": "2025-04-25",
    "fiscalDateEnding": "2024-06-30"
  },
  {
    "date": "2024-04-16",
    "symbol": "JBHT",
    "eps": 1.22,
    "epsEstimated": 1.52,
    "time": "amc",
    "revenue": 2944001000,
    "revenueEstimated": 3110824127,
    "updatedFromDate": "2025-04-25",
    "fiscalDateEnding": "2024-03-31"
  },
  {
    "date": "2024-01-18",
    "symbol": "JBHT",
    "eps": 1.47,
    "epsEstimated": 1.75,
    "time": "amc",
    "revenue": 3303701000,
    "revenueEstimated": 3272270000,
    "updatedFromDate": "2025-04-25",
    "fiscalDateEnding": "2023-12-31"
  },
  {
    "date": "2023-10-17",
    "symbol": "JBHT",
    "eps": 1.8,
    "epsEstimated": 1.83,
    "time": "amc",
    "revenue": 3163753000,
    "revenueEstimated": 3198110000,
    "updatedFromDate": "2025-04-25",
    "fiscalDateEnding": "2023-09-30"
  },
  {
    "date": "2023-07-18",
    "symbol": "JBHT",
    "eps": 1.81,
    "epsEstimated": 1.92,
    "time": "amc",
    "revenue": 3132623000,
    "revenueEstimated": 3310240000,
    "updatedFromDate": "2025-04-25",
    "fiscalDateEnding": "2023-06-30"
  },
  {
    "date": "2023-04-17",
    "symbol": "JBHT",
    "eps": 1.89,
    "epsEstimated": 2,
    "time": "amc",
    "revenue": 3229588000,
    "revenueEstimated": 3403140000,
    "updatedFromDate": "2025-04-25",
    "fiscalDateEnding": "2023-03-31"
  },
  {
    "date": "2023-01-18",
    "symbol": "JBHT",
    "eps": 1.92,
    "epsEstimated": 2.46,
    "time": "bmo",
    "revenue": 3649622000,
    "revenueEstimated": 3810848500,
    "updatedFromDate": "2025-04-25",
    "fiscalDateEnding": "2022-12-31"
  },
  {
    "date": "2022-10-18",
    "symbol": "JBHT",
    "eps": 2.57,
    "epsEstimated": 2.45,
    "time": "amc",
    "revenue": 3838257000,
    "revenueEstimated": 3802525939,
    "updatedFromDate": "2025-04-25",
    "fiscalDateEnding": "2022-09-30"
  },
  {
    "date": "2022-07-19",
    "symbol": "JBHT",
    "eps": 2.42,
    "epsEstimated": 2.35,
    "time": "amc",
    "revenue": 3837532000,
    "revenueEstimated": 3595167426,
    "updatedFromDate": "2025-04-25",
    "fiscalDateEnding": "2022-06-30"
  },
  {
    "date": "2022-04-18",
    "symbol": "JBHT",
    "eps": 2.29,
    "epsEstimated": 1.94,
    "time": "amc",
    "revenue": 3488588000,
    "revenueEstimated": 3294502125,
    "updatedFromDate": "2025-04-25",
    "fiscalDateEnding": "2022-03-31"
  },
  {
    "date": "2022-01-18",
    "symbol": "JBHT",
    "eps": 2.28,
    "epsEstimated": 2.02,
    "time": "amc",
    "revenue": 3496971000,
    "revenueEstimated": 3240760000,
    "updatedFromDate": "2025-04-25",
    "fiscalDateEnding": "2021-12-31"
  },
  {
    "date": "2021-10-15",
    "symbol": "JBHT",
    "eps": 1.88,
    "epsEstimated": 1.77,
    "time": "bmo",
    "revenue": 3144812000,
    "revenueEstimated": 3011340000,
    "updatedFromDate": "2025-04-25",
    "fiscalDateEnding": "2021-09-30"
  },
  {
    "date": "2021-07-19",
    "symbol": "JBHT",
    "eps": 1.61,
    "epsEstimated": 1.57,
    "time": "amc",
    "revenue": 2908370000,
    "revenueEstimated": 2686050000,
    "updatedFromDate": "2025-04-25",
    "fiscalDateEnding": "2021-06-30"
  },
  {
    "date": "2021-04-15",
    "symbol": "JBHT",
    "eps": 1.37,
    "epsEstimated": 1.17,
    "time": "amc",
    "revenue": 2618149000,
    "revenueEstimated": 2170602162,
    "updatedFromDate": "2025-04-25",
    "fiscalDateEnding": "2021-03-31"
  },
  {
    "date": "2021-01-19",
    "symbol": "JBHT",
    "eps": 1.44,
    "epsEstimated": 1.29,
    "time": "amc",
    "revenue": 2737652000,
    "revenueEstimated": 2419320372,
    "updatedFromDate": "2025-04-25",
    "fiscalDateEnding": "2020-12-31"
  },
  {
    "date": "2020-10-16",
    "symbol": "JBHT",
    "eps": 1.18,
    "epsEstimated": 1.28,
    "time": "bmo",
    "revenue": 2472523000,
    "revenueEstimated": 2682058847,
    "updatedFromDate": "2025-04-25",
    "fiscalDateEnding": "2020-09-30"
  },
  {
    "date": "2020-07-16",
    "symbol": "JBHT",
    "eps": 1.14,
    "epsEstimated": 0.83,
    "time": "amc",
    "revenue": 2145573000,
    "revenueEstimated": 1562127710,
    "updatedFromDate": "2025-04-25",
    "fiscalDateEnding": "2020-06-30"
  },
  {
    "date": "2020-04-14",
    "symbol": "JBHT",
    "eps": 0.98,
    "epsEstimated": 0.98,
    "time": "amc",
    "revenue": 2280826000,
    "revenueEstimated": 2280826000,
    "updatedFromDate": "2025-04-25",
    "fiscalDateEnding": "2020-03-31"
  },
  {
    "date": "2020-01-17",
    "symbol": "JBHT",
    "eps": 1.35,
    "epsEstimated": 1.5,
    "time": "bmo",
    "revenue": 2450323000,
    "revenueEstimated": 2695356399,
    "updatedFromDate": "2025-04-25",
    "fiscalDateEnding": "2019-12-31"
  },
  {
    "date": "2019-10-15",
    "symbol": "JBHT",
    "eps": 1.4,
    "epsEstimated": 1.45,
    "time": "amc",
    "revenue": 2363660000,
    "revenueEstimated": 2448076428,
    "updatedFromDate": "2025-04-25",
    "fiscalDateEnding": "2019-09-30"
  },
  {
    "date": "2019-07-15",
    "symbol": "JBHT",
    "eps": 1.37,
    "epsEstimated": 1.35,
    "time": "amc",
    "revenue": 2261647000,
    "revenueEstimated": 2228630255,
    "updatedFromDate": "2025-04-25",
    "fiscalDateEnding": "2019-06-30"
  },
  {
    "date": "2019-04-15",
    "symbol": "JBHT",
    "eps": 1.09,
    "epsEstimated": 1.26,
    "time": "amc",
    "revenue": 2089627000,
    "revenueEstimated": 2415532128,
    "updatedFromDate": "2025-04-25",
    "fiscalDateEnding": "2019-03-31"
  },
  {
    "date": "2019-01-17",
    "symbol": "JBHT",
    "eps": 1.77,
    "epsEstimated": 1.48,
    "time": "amc",
    "revenue": 2317842000,
    "revenueEstimated": 1927194471,
    "updatedFromDate": "2025-04-25",
    "fiscalDateEnding": "2018-12-31"
  },
  {
    "date": "2018-10-15",
    "symbol": "JBHT",
    "eps": 1.47,
    "epsEstimated": 1.38,
    "time": "bmo",
    "revenue": 2209760000,
    "revenueEstimated": 2074506122,
    "updatedFromDate": "2025-04-25",
    "fiscalDateEnding": "2018-09-30"
  },
  {
    "date": "2018-07-16",
    "symbol": "JBHT",
    "eps": 1.37,
    "epsEstimated": 1.28,
    "time": "bmo",
    "revenue": 2139027000,
    "revenueEstimated": 1998481751,
    "updatedFromDate": "2025-04-25",
    "fiscalDateEnding": "2018-06-30"
  },
  {
    "date": "2018-04-16",
    "symbol": "JBHT",
    "eps": 1.07,
    "epsEstimated": 1.07,
    "time": "bmo",
    "revenue": 1948245000,
    "revenueEstimated": 1948200000,
    "updatedFromDate": "2025-04-25",
    "fiscalDateEnding": "2018-03-31"
  },
  {
    "date": "2018-01-18",
    "symbol": "JBHT",
    "eps": 1.04,
    "epsEstimated": 1.03,
    "time": "bmo",
    "revenue": 1990160000,
    "revenueEstimated": 2127455172,
    "updatedFromDate": "2025-04-25",
    "fiscalDateEnding": "2017-12-31"
  },
  {
    "date": "2017-10-13",
    "symbol": "JBHT",
    "eps": 0.91,
    "epsEstimated": 0.96,
    "time": "bmo",
    "revenue": 1843334000,
    "revenueEstimated": 1944580219,
    "updatedFromDate": "2025-04-25",
    "fiscalDateEnding": "2017-09-30"
  },
  {
    "date": "2017-07-17",
    "symbol": "JBHT",
    "eps": 0.88,
    "epsEstimated": 0.91,
    "time": "bmo",
    "revenue": 1726915000,
    "revenueEstimated": 1805395454,
    "updatedFromDate": "2025-04-25",
    "fiscalDateEnding": "2017-06-30"
  },
  {
    "date": "2017-04-17",
    "symbol": "JBHT",
    "eps": 0.8,
    "epsEstimated": 0.84,
    "time": "bmo",
    "revenue": 1629158000,
    "revenueEstimated": 1487530434,
    "updatedFromDate": "2025-04-25",
    "fiscalDateEnding": "2017-03-31"
  },
  {
    "date": "2017-01-19",
    "symbol": "JBHT",
    "eps": 0.97,
    "epsEstimated": 1.01,
    "time": "bmo",
    "revenue": 1721062000,
    "revenueEstimated": 1792073195,
    "updatedFromDate": "2025-04-25",
    "fiscalDateEnding": "2016-12-31"
  },
  {
    "date": "2016-10-17",
    "symbol": "JBHT",
    "eps": 0.97,
    "epsEstimated": 1.02,
    "time": "bmo",
    "revenue": 1690659000,
    "revenueEstimated": 1777849484,
    "updatedFromDate": "2025-04-25",
    "fiscalDateEnding": "2016-09-30"
  },
  {
    "date": "2016-07-18",
    "symbol": "JBHT",
    "eps": 0.92,
    "epsEstimated": 0.97,
    "time": "bmo",
    "revenue": 1615026000,
    "revenueEstimated": 1702771739,
    "updatedFromDate": "2025-04-25",
    "fiscalDateEnding": "2016-06-30"
  }
]