[
  {
    "date": "2026-03-18",
    "symbol": "JBL",
    "eps": null,
    "epsEstimated": null,
    "time": "bmo",
    "revenue": null,
    "revenueEstimated": null,
    "updatedFromDate": "2025-10-02",
    "fiscalDateEnding": "2026-02-28"
  },
  {
    "date": "2025-12-17",
    "symbol": "JBL",
    "eps": null,
    "epsEstimated": 2.47,
    "time": "bmo",
    "revenue": null,
    "revenueEstimated": 8069960290,
    "updatedFromDate": "2025-10-02",
    "fiscalDateEnding": "2025-11-30"
  },
  {
    "date": "2025-09-25",
    "symbol": "JBL",
    "eps": 3.29,
    "epsEstimated": 2.92,
    "time": "bmo",
    "revenue": 8252000000,
    "revenueEstimated": 7588463072,
    "updatedFromDate": "2025-10-02",
    "fiscalDateEnding": "2025-08-31"
  },
  {
    "date": "2025-06-17",
    "symbol": "JBL",
    "eps": 2.55,
    "epsEstimated": 2.31,
    "time": "bmo",
    "revenue": 7828000000,
    "revenueEstimated": 7059156904,
    "updatedFromDate": "2025-09-19",
    "fiscalDateEnding": "2025-05-31"
  },
  {
    "date": "2025-03-20",
    "symbol": "JBL",
    "eps": 1.94,
    "epsEstimated": 1.83,
    "time": "bmo",
    "revenue": 6728000000,
    "revenueEstimated": 6408138170,
    "updatedFromDate": "2025-09-19",
    "fiscalDateEnding": "2025-02-28"
  },
  {
    "date": "2024-12-18",
    "symbol": "JBL",
    "eps": 2,
    "epsEstimated": 1.88,
    "time": "bmo",
    "revenue": 6994000000,
    "revenueEstimated": 6608391868,
    "updatedFromDate": "2025-09-19",
    "fiscalDateEnding": "2024-11-30"
  },
  {
    "date": "2024-10-28",
    "symbol": "JBL",
    "eps": 1.18,
    "epsEstimated": null,
    "time": "amc",
    "revenue": 6964000000,
    "revenueEstimated": null,
    "updatedFromDate": "2025-09-19",
    "fiscalDateEnding": "2024-08-31"
  },
  {
    "date": "2024-09-26",
    "symbol": "JBL",
    "eps": 2.3,
    "epsEstimated": 2.22,
    "time": "bmo",
    "revenue": 6765000000,
    "revenueEstimated": 6586386689,
    "updatedFromDate": "2025-09-19",
    "fiscalDateEnding": "2024-05-31"
  },
  {
    "date": "2024-03-15",
    "symbol": "JBL",
    "eps": 1.68,
    "epsEstimated": 1.66,
    "time": "bmo",
    "revenue": 6767000000,
    "revenueEstimated": 6890605468,
    "updatedFromDate": "2025-09-19",
    "fiscalDateEnding": "2024-02-29"
  },
  {
    "date": "2023-12-14",
    "symbol": "JBL",
    "eps": 2.6,
    "epsEstimated": 2.54,
    "time": "bmo",
    "revenue": 8387000000,
    "revenueEstimated": 8350970000,
    "updatedFromDate": "2025-09-19",
    "fiscalDateEnding": "2023-11-30"
  },
  {
    "date": "2023-09-28",
    "symbol": "JBL",
    "eps": 2.45,
    "epsEstimated": 2.31,
    "time": "bmo",
    "revenue": 8458000000,
    "revenueEstimated": 8536710000,
    "updatedFromDate": "2025-09-19",
    "fiscalDateEnding": "2023-08-31"
  },
  {
    "date": "2023-06-15",
    "symbol": "JBL",
    "eps": 1.99,
    "epsEstimated": 1.87,
    "time": "bmo",
    "revenue": 8475000000,
    "revenueEstimated": 8199240000,
    "updatedFromDate": "2025-09-19",
    "fiscalDateEnding": "2023-05-31"
  },
  {
    "date": "2023-03-16",
    "symbol": "JBL",
    "eps": 1.88,
    "epsEstimated": 1.85,
    "time": "bmo",
    "revenue": 8134000000,
    "revenueEstimated": 8089030000,
    "updatedFromDate": "2025-09-19",
    "fiscalDateEnding": "2023-02-28"
  },
  {
    "date": "2022-12-15",
    "symbol": "JBL",
    "eps": 2.31,
    "epsEstimated": 2.21,
    "time": "bmo",
    "revenue": 9635000000,
    "revenueEstimated": 9290301366,
    "updatedFromDate": "2025-09-19",
    "fiscalDateEnding": "2022-11-30"
  },
  {
    "date": "2022-09-27",
    "symbol": "JBL",
    "eps": 2.34,
    "epsEstimated": 2.14,
    "time": "bmo",
    "revenue": 9030000000,
    "revenueEstimated": 8391411228,
    "updatedFromDate": "2025-09-19",
    "fiscalDateEnding": "2022-08-31"
  },
  {
    "date": "2022-06-16",
    "symbol": "JBL",
    "eps": 1.72,
    "epsEstimated": 1.62,
    "time": "bmo",
    "revenue": 8328000000,
    "revenueEstimated": 8220846874,
    "updatedFromDate": "2025-09-19",
    "fiscalDateEnding": "2022-05-31"
  },
  {
    "date": "2022-03-16",
    "symbol": "JBL",
    "eps": 1.68,
    "epsEstimated": 1.47,
    "time": "bmo",
    "revenue": 7553000000,
    "revenueEstimated": 7409641248,
    "updatedFromDate": "2025-09-19",
    "fiscalDateEnding": "2022-02-28"
  },
  {
    "date": "2021-12-16",
    "symbol": "JBL",
    "eps": 1.92,
    "epsEstimated": 1.8,
    "time": "bmo",
    "revenue": 8567000000,
    "revenueEstimated": 7448010000,
    "updatedFromDate": "2025-09-19",
    "fiscalDateEnding": "2021-11-30"
  },
  {
    "date": "2021-09-29",
    "symbol": "JBL",
    "eps": 1.44,
    "epsEstimated": 1.38,
    "time": "bmo",
    "revenue": 7409279000,
    "revenueEstimated": 7087136434,
    "updatedFromDate": "2025-09-19",
    "fiscalDateEnding": "2021-08-31"
  },
  {
    "date": "2021-06-17",
    "symbol": "JBL",
    "eps": 1.3,
    "epsEstimated": 1.04,
    "time": "bmo",
    "revenue": 7215000000,
    "revenueEstimated": 6948130000,
    "updatedFromDate": "2025-09-19",
    "fiscalDateEnding": "2021-05-31"
  },
  {
    "date": "2021-03-16",
    "symbol": "JBL",
    "eps": 1.27,
    "epsEstimated": 0.95,
    "time": "bmo",
    "revenue": 6828000000,
    "revenueEstimated": 4916336632,
    "updatedFromDate": "2025-09-19",
    "fiscalDateEnding": "2021-02-28"
  },
  {
    "date": "2020-12-17",
    "symbol": "JBL",
    "eps": 1.6,
    "epsEstimated": 1.27,
    "time": "bmo",
    "revenue": 7833000000,
    "revenueEstimated": null,
    "updatedFromDate": "2025-09-19",
    "fiscalDateEnding": "2020-11-30"
  },
  {
    "date": "2020-09-24",
    "symbol": "JBL",
    "eps": 0.98,
    "epsEstimated": 0.66,
    "time": "bmo",
    "revenue": 7300015000,
    "revenueEstimated": null,
    "updatedFromDate": "2025-09-19",
    "fiscalDateEnding": "2020-08-31"
  },
  {
    "date": "2020-06-19",
    "symbol": "JBL",
    "eps": 0.37,
    "epsEstimated": 0.34,
    "time": "bmo",
    "revenue": 6335642000,
    "revenueEstimated": 5479474162,
    "updatedFromDate": "2025-09-19",
    "fiscalDateEnding": "2020-05-31"
  },
  {
    "date": "2020-03-13",
    "symbol": "JBL",
    "eps": 0.5,
    "epsEstimated": 0.6,
    "time": "bmo",
    "revenue": 6125083000,
    "revenueEstimated": 7840106240,
    "updatedFromDate": "2025-09-19",
    "fiscalDateEnding": "2020-02-29"
  },
  {
    "date": "2019-12-17",
    "symbol": "JBL",
    "eps": 1.05,
    "epsEstimated": 0.94,
    "time": "bmo",
    "revenue": 7505698000,
    "revenueEstimated": 6627371638,
    "updatedFromDate": "2025-09-19",
    "fiscalDateEnding": "2019-11-30"
  },
  {
    "date": "2019-09-24",
    "symbol": "JBL",
    "eps": 0.88,
    "epsEstimated": 0.86,
    "time": "bmo",
    "revenue": 6573453000,
    "revenueEstimated": 6498754670,
    "updatedFromDate": "2025-09-19",
    "fiscalDateEnding": "2019-08-31"
  },
  {
    "date": "2019-06-18",
    "symbol": "JBL",
    "eps": 0.57,
    "epsEstimated": 0.56,
    "time": "amc",
    "revenue": 6135602000,
    "revenueEstimated": 6135602000,
    "updatedFromDate": "2025-09-19",
    "fiscalDateEnding": "2019-05-31"
  },
  {
    "date": "2019-03-14",
    "symbol": "JBL",
    "eps": 0.64,
    "epsEstimated": 0.61,
    "time": "amc",
    "revenue": 6066990000,
    "revenueEstimated": 5782599843,
    "updatedFromDate": "2025-09-19",
    "fiscalDateEnding": "2019-02-28"
  },
  {
    "date": "2018-12-18",
    "symbol": "JBL",
    "eps": 0.9,
    "epsEstimated": 0.88,
    "time": "amc",
    "revenue": 6506275000,
    "revenueEstimated": 6358405113,
    "updatedFromDate": "2025-09-19",
    "fiscalDateEnding": "2018-11-30"
  },
  {
    "date": "2018-09-25",
    "symbol": "JBL",
    "eps": 0.7,
    "epsEstimated": 0.68,
    "time": "bmo",
    "revenue": 5771831000,
    "revenueEstimated": 5606891428,
    "updatedFromDate": "2025-09-19",
    "fiscalDateEnding": "2018-08-31"
  },
  {
    "date": "2018-06-14",
    "symbol": "JBL",
    "eps": 0.46,
    "epsEstimated": 0.45,
    "time": "amc",
    "revenue": 5436952000,
    "revenueEstimated": 5318804347,
    "updatedFromDate": "2025-09-19",
    "fiscalDateEnding": "2018-05-31"
  },
  {
    "date": "2018-03-15",
    "symbol": "JBL",
    "eps": 0.66,
    "epsEstimated": 0.62,
    "time": "amc",
    "revenue": 5301101000,
    "revenueEstimated": 4979821212,
    "updatedFromDate": "2025-09-19",
    "fiscalDateEnding": "2018-02-28"
  },
  {
    "date": "2017-12-14",
    "symbol": "JBL",
    "eps": 0.8,
    "epsEstimated": 0.78,
    "time": "amc",
    "revenue": 5585532000,
    "revenueEstimated": 5514829063,
    "updatedFromDate": "2025-09-19",
    "fiscalDateEnding": "2017-11-30"
  },
  {
    "date": "2017-09-27",
    "symbol": "JBL",
    "eps": 0.64,
    "epsEstimated": 0.61,
    "time": "amc",
    "revenue": 5023029000,
    "revenueEstimated": 4787546875,
    "updatedFromDate": "2025-09-19",
    "fiscalDateEnding": "2017-08-31"
  },
  {
    "date": "2017-06-14",
    "symbol": "JBL",
    "eps": 0.31,
    "epsEstimated": 0.29,
    "time": "amc",
    "revenue": 4489557000,
    "revenueEstimated": 4199948387,
    "updatedFromDate": "2025-09-19",
    "fiscalDateEnding": "2017-05-31"
  },
  {
    "date": "2017-03-15",
    "symbol": "JBL",
    "eps": 0.48,
    "epsEstimated": 0.45,
    "time": "amc",
    "revenue": 4445637000,
    "revenueEstimated": 4260366666,
    "updatedFromDate": "2025-09-19",
    "fiscalDateEnding": "2017-02-28"
  },
  {
    "date": "2016-12-15",
    "symbol": "JBL",
    "eps": 0.69,
    "epsEstimated": 0.64,
    "time": "amc",
    "revenue": 5104898000,
    "revenueEstimated": 4706077843,
    "updatedFromDate": "2025-09-19",
    "fiscalDateEnding": "2016-11-30"
  },
  {
    "date": "2016-09-21",
    "symbol": "JBL",
    "eps": 0.28,
    "epsEstimated": 0.24,
    "time": "amc",
    "revenue": 4430763000,
    "revenueEstimated": 3956071428,
    "updatedFromDate": "2025-09-19",
    "fiscalDateEnding": "2016-08-31"
  },
  {
    "date": "2016-06-15",
    "symbol": "JBL",
    "eps": 0.17,
    "epsEstimated": 0.16,
    "time": "amc",
    "revenue": 4310752000,
    "revenueEstimated": 4057223529,
    "updatedFromDate": "2025-09-19",
    "fiscalDateEnding": "2016-05-31"
  }
]