[
  {
    "date": "2025-11-05",
    "symbol": "JCI",
    "eps": null,
    "epsEstimated": 1.19,
    "time": "bmo",
    "revenue": null,
    "revenueEstimated": null,
    "updatedFromDate": "2025-10-02",
    "fiscalDateEnding": "2025-09-30"
  },
  {
    "date": "2025-07-29",
    "symbol": "JCI",
    "eps": 1.05,
    "epsEstimated": 1.01,
    "time": "bmo",
    "revenue": 6052000000,
    "revenueEstimated": 5994714601,
    "updatedFromDate": "2025-10-02",
    "fiscalDateEnding": "2025-06-30"
  },
  {
    "date": "2025-05-07",
    "symbol": "JCI",
    "eps": 0.82,
    "epsEstimated": 0.788,
    "time": "bmo",
    "revenue": 5676000000,
    "revenueEstimated": 5634402957,
    "updatedFromDate": "2025-08-07",
    "fiscalDateEnding": "2025-03-31"
  },
  {
    "date": "2025-02-05",
    "symbol": "JCI",
    "eps": 0.64,
    "epsEstimated": 0.59,
    "time": "bmo",
    "revenue": 5426000000,
    "revenueEstimated": 5287387166,
    "updatedFromDate": "2025-05-05",
    "fiscalDateEnding": "2024-12-31"
  },
  {
    "date": "2024-11-06",
    "symbol": "JCI",
    "eps": 1.28,
    "epsEstimated": 1.24,
    "time": "bmo",
    "revenue": 2928000000,
    "revenueEstimated": 7321065321,
    "updatedFromDate": "2025-04-25",
    "fiscalDateEnding": "2024-09-30"
  },
  {
    "date": "2024-07-31",
    "symbol": "JCI",
    "eps": 1.14,
    "epsEstimated": 1.08,
    "time": "bmo",
    "revenue": 7231000000,
    "revenueEstimated": 7337514250,
    "updatedFromDate": "2025-04-25",
    "fiscalDateEnding": "2024-06-30"
  },
  {
    "date": "2024-05-01",
    "symbol": "JCI",
    "eps": 0.78,
    "epsEstimated": 0.754,
    "time": "bmo",
    "revenue": 6699000000,
    "revenueEstimated": 6712145753,
    "updatedFromDate": "2025-04-25",
    "fiscalDateEnding": "2024-03-31"
  },
  {
    "date": "2024-01-30",
    "symbol": "JCI",
    "eps": 0.51,
    "epsEstimated": 0.51,
    "time": "bmo",
    "revenue": 6094000000,
    "revenueEstimated": 6122770000,
    "updatedFromDate": "2025-04-25",
    "fiscalDateEnding": "2023-12-31"
  },
  {
    "date": "2023-12-12",
    "symbol": "JCI",
    "eps": 1.05,
    "epsEstimated": 1.09,
    "time": "bmo",
    "revenue": 6906000000,
    "revenueEstimated": 7093630000,
    "updatedFromDate": "2025-04-25",
    "fiscalDateEnding": "2023-09-30"
  },
  {
    "date": "2023-08-02",
    "symbol": "JCI",
    "eps": 1.03,
    "epsEstimated": 1.03,
    "time": "bmo",
    "revenue": 7133000000,
    "revenueEstimated": 7198550000,
    "updatedFromDate": "2025-04-25",
    "fiscalDateEnding": "2023-06-30"
  },
  {
    "date": "2023-05-05",
    "symbol": "JCI",
    "eps": 0.75,
    "epsEstimated": 0.73,
    "time": "bmo",
    "revenue": 6686000000,
    "revenueEstimated": 7195650000,
    "updatedFromDate": "2025-04-25",
    "fiscalDateEnding": "2023-03-31"
  },
  {
    "date": "2023-02-01",
    "symbol": "JCI",
    "eps": 0.67,
    "epsEstimated": 0.66,
    "time": "bmo",
    "revenue": 6068000000,
    "revenueEstimated": 6506270000,
    "updatedFromDate": "2025-04-25",
    "fiscalDateEnding": "2022-12-31"
  },
  {
    "date": "2022-11-03",
    "symbol": "JCI",
    "eps": 0.99,
    "epsEstimated": 0.98,
    "time": "bmo",
    "revenue": 6725000000,
    "revenueEstimated": 6754636579,
    "updatedFromDate": "2025-04-25",
    "fiscalDateEnding": "2022-09-30"
  },
  {
    "date": "2022-08-04",
    "symbol": "JCI",
    "eps": 0.85,
    "epsEstimated": 0.84,
    "time": "bmo",
    "revenue": 6614000000,
    "revenueEstimated": 6743588754,
    "updatedFromDate": "2025-04-25",
    "fiscalDateEnding": "2022-06-30"
  },
  {
    "date": "2022-05-04",
    "symbol": "JCI",
    "eps": 0.63,
    "epsEstimated": 0.63,
    "time": "bmo",
    "revenue": 6098000000,
    "revenueEstimated": 6155191577,
    "updatedFromDate": "2025-04-25",
    "fiscalDateEnding": "2022-03-31"
  },
  {
    "date": "2022-02-02",
    "symbol": "JCI",
    "eps": 0.54,
    "epsEstimated": 0.53,
    "time": "bmo",
    "revenue": 5862000000,
    "revenueEstimated": 5788835059,
    "updatedFromDate": "2025-04-25",
    "fiscalDateEnding": "2021-12-31"
  },
  {
    "date": "2021-11-05",
    "symbol": "JCI",
    "eps": 0.88,
    "epsEstimated": 0.87,
    "time": "bmo",
    "revenue": 6392000000,
    "revenueEstimated": 5816590000,
    "updatedFromDate": "2025-04-25",
    "fiscalDateEnding": "2021-09-30"
  },
  {
    "date": "2021-07-30",
    "symbol": "JCI",
    "eps": 0.83,
    "epsEstimated": 0.83,
    "time": "bmo",
    "revenue": 6341000000,
    "revenueEstimated": 6256450000,
    "updatedFromDate": "2025-04-25",
    "fiscalDateEnding": "2021-06-30"
  },
  {
    "date": "2021-04-30",
    "symbol": "JCI",
    "eps": 0.52,
    "epsEstimated": 0.49,
    "time": "bmo",
    "revenue": 5594000000,
    "revenueEstimated": 5581850000,
    "updatedFromDate": "2025-04-25",
    "fiscalDateEnding": "2021-03-31"
  },
  {
    "date": "2021-01-29",
    "symbol": "JCI",
    "eps": 0.43,
    "epsEstimated": 0.4,
    "time": "bmo",
    "revenue": 5341000000,
    "revenueEstimated": 5268660000,
    "updatedFromDate": "2025-04-25",
    "fiscalDateEnding": "2020-12-31"
  },
  {
    "date": "2020-11-03",
    "symbol": "JCI",
    "eps": 0.76,
    "epsEstimated": 0.73,
    "time": "bmo",
    "revenue": 5954000000,
    "revenueEstimated": 5709315068,
    "updatedFromDate": "2025-04-25",
    "fiscalDateEnding": "2020-09-30"
  },
  {
    "date": "2020-07-31",
    "symbol": "JCI",
    "eps": 0.67,
    "epsEstimated": 0.5,
    "time": "bmo",
    "revenue": 5343000000,
    "revenueEstimated": 3827820895,
    "updatedFromDate": "2025-04-25",
    "fiscalDateEnding": "2020-06-30"
  },
  {
    "date": "2020-05-01",
    "symbol": "JCI",
    "eps": 0.42,
    "epsEstimated": 0.38,
    "time": "bmo",
    "revenue": 5444000000,
    "revenueEstimated": 4666285714,
    "updatedFromDate": "2025-04-25",
    "fiscalDateEnding": "2020-03-31"
  },
  {
    "date": "2020-01-31",
    "symbol": "JCI",
    "eps": 0.4,
    "epsEstimated": 0.38,
    "time": "bmo",
    "revenue": 5576000000,
    "revenueEstimated": 5297200000,
    "updatedFromDate": "2025-04-25",
    "fiscalDateEnding": "2019-12-31"
  },
  {
    "date": "2019-11-07",
    "symbol": "JCI",
    "eps": 0.78,
    "epsEstimated": 0.76,
    "time": "bmo",
    "revenue": 6274000000,
    "revenueEstimated": 6113128205,
    "updatedFromDate": "2025-04-25",
    "fiscalDateEnding": "2019-09-30"
  },
  {
    "date": "2019-07-31",
    "symbol": "JCI",
    "eps": 0.65,
    "epsEstimated": 0.63,
    "time": "bmo",
    "revenue": 6451000000,
    "revenueEstimated": 6252507692,
    "updatedFromDate": "2025-04-25",
    "fiscalDateEnding": "2019-06-30"
  },
  {
    "date": "2019-05-01",
    "symbol": "JCI",
    "eps": 0.32,
    "epsEstimated": 0.3,
    "time": "bmo",
    "revenue": 5779000000,
    "revenueEstimated": 5417812500,
    "updatedFromDate": "2025-04-25",
    "fiscalDateEnding": "2019-03-31"
  },
  {
    "date": "2019-02-01",
    "symbol": "JCI",
    "eps": 0.26,
    "epsEstimated": 0.24,
    "time": "bmo",
    "revenue": 5464000000,
    "revenueEstimated": 5043692307,
    "updatedFromDate": "2025-04-25",
    "fiscalDateEnding": "2018-12-31"
  },
  {
    "date": "2018-11-08",
    "symbol": "JCI",
    "eps": 0.93,
    "epsEstimated": 0.93,
    "time": "bmo",
    "revenue": 8370000000,
    "revenueEstimated": 6183000000,
    "updatedFromDate": "2025-04-25",
    "fiscalDateEnding": "2018-09-30"
  },
  {
    "date": "2018-07-31",
    "symbol": "JCI",
    "eps": 0.81,
    "epsEstimated": 0.79,
    "time": "bmo",
    "revenue": 8120000000,
    "revenueEstimated": 6126888888,
    "updatedFromDate": "2025-04-25",
    "fiscalDateEnding": "2018-06-30"
  },
  {
    "date": "2018-05-01",
    "symbol": "JCI",
    "eps": 0.53,
    "epsEstimated": 0.52,
    "time": "bmo",
    "revenue": 7475000000,
    "revenueEstimated": 5523773584,
    "updatedFromDate": "2025-04-25",
    "fiscalDateEnding": "2018-03-31"
  },
  {
    "date": "2018-01-31",
    "symbol": "JCI",
    "eps": 0.54,
    "epsEstimated": 0.51,
    "time": "bmo",
    "revenue": 7435000000,
    "revenueEstimated": 5206759259,
    "updatedFromDate": "2025-04-25",
    "fiscalDateEnding": "2017-12-31"
  },
  {
    "date": "2017-11-09",
    "symbol": "JCI",
    "eps": 0.87,
    "epsEstimated": 0.87,
    "time": "bmo",
    "revenue": 8136000000,
    "revenueEstimated": 799000000,
    "updatedFromDate": "2025-04-25",
    "fiscalDateEnding": "2017-09-30"
  },
  {
    "date": "2017-07-27",
    "symbol": "JCI",
    "eps": 0.71,
    "epsEstimated": 0.71,
    "time": "bmo",
    "revenue": 7683000000,
    "revenueEstimated": 7683000000,
    "updatedFromDate": "2025-04-25",
    "fiscalDateEnding": "2017-06-30"
  },
  {
    "date": "2017-04-27",
    "symbol": "JCI",
    "eps": 0.5,
    "epsEstimated": 0.5,
    "time": "bmo",
    "revenue": 7267000000,
    "revenueEstimated": 7121660000,
    "updatedFromDate": "2025-04-25",
    "fiscalDateEnding": "2017-03-31"
  },
  {
    "date": "2017-02-01",
    "symbol": "JCI",
    "eps": 0.53,
    "epsEstimated": 0.52,
    "time": "bmo",
    "revenue": 7086000000,
    "revenueEstimated": 6952301886,
    "updatedFromDate": "2025-04-25",
    "fiscalDateEnding": "2016-12-31"
  },
  {
    "date": "2016-11-08",
    "symbol": "JCI",
    "eps": 1.21,
    "epsEstimated": 1.02,
    "time": "bmo",
    "revenue": 10198000000,
    "revenueEstimated": 11985008264,
    "updatedFromDate": "2025-04-25",
    "fiscalDateEnding": "2016-09-30"
  },
  {
    "date": "2016-07-29",
    "symbol": "JCI",
    "eps": 0.57,
    "epsEstimated": 0.56,
    "time": "bmo",
    "revenue": 9516000000,
    "revenueEstimated": 2449000000,
    "updatedFromDate": "2025-04-25",
    "fiscalDateEnding": "2016-06-24"
  },
  {
    "date": "2016-04-29",
    "symbol": "JCI",
    "eps": 0.47,
    "epsEstimated": 0.47,
    "time": "bmo",
    "revenue": 9031000000,
    "revenueEstimated": 2380595744,
    "updatedFromDate": "2025-04-25",
    "fiscalDateEnding": "2016-03-25"
  },
  {
    "date": "2016-01-29",
    "symbol": "JCI",
    "eps": 0.44,
    "epsEstimated": 0.43,
    "time": "bmo",
    "revenue": 8929000000,
    "revenueEstimated": 2376000000,
    "updatedFromDate": "2025-04-25",
    "fiscalDateEnding": "2015-12-25"
  }
]