[
  {
    "date": "2026-05-04",
    "symbol": "JKHY",
    "eps": null,
    "epsEstimated": null,
    "time": "amc",
    "revenue": null,
    "revenueEstimated": null,
    "updatedFromDate": "2025-10-02",
    "fiscalDateEnding": "2026-03-30"
  },
  {
    "date": "2026-02-02",
    "symbol": "JKHY",
    "eps": null,
    "epsEstimated": null,
    "time": "amc",
    "revenue": null,
    "revenueEstimated": null,
    "updatedFromDate": "2025-10-02",
    "fiscalDateEnding": "2025-12-30"
  },
  {
    "date": "2025-11-04",
    "symbol": "JKHY",
    "eps": null,
    "epsEstimated": 1.66,
    "time": "bmo",
    "revenue": null,
    "revenueEstimated": 634444070,
    "updatedFromDate": "2025-10-02",
    "fiscalDateEnding": "2025-09-30"
  },
  {
    "date": "2025-08-19",
    "symbol": "JKHY",
    "eps": 1.75,
    "epsEstimated": 1.58,
    "time": "amc",
    "revenue": 594877000,
    "revenueEstimated": 604525554,
    "updatedFromDate": "2025-10-02",
    "fiscalDateEnding": "2025-06-30"
  },
  {
    "date": "2025-05-06",
    "symbol": "JKHY",
    "eps": 1.52,
    "epsEstimated": 1.37,
    "time": "amc",
    "revenue": 585087000,
    "revenueEstimated": 587275475,
    "updatedFromDate": "2025-08-06",
    "fiscalDateEnding": "2025-03-31"
  },
  {
    "date": "2025-02-04",
    "symbol": "JKHY",
    "eps": 1.34,
    "epsEstimated": 1.37,
    "time": "amc",
    "revenue": 573848000,
    "revenueEstimated": 586626360,
    "updatedFromDate": "2025-05-04",
    "fiscalDateEnding": "2024-12-31"
  },
  {
    "date": "2024-11-05",
    "symbol": "JKHY",
    "eps": 1.63,
    "epsEstimated": 1.61,
    "time": "amc",
    "revenue": 600982000,
    "revenueEstimated": 599561990,
    "updatedFromDate": "2025-04-24",
    "fiscalDateEnding": "2024-09-30"
  },
  {
    "date": "2024-08-20",
    "symbol": "JKHY",
    "eps": 1.38,
    "epsEstimated": 1.32,
    "time": "amc",
    "revenue": 559912000,
    "revenueEstimated": 563498019,
    "updatedFromDate": "2025-04-24",
    "fiscalDateEnding": "2024-06-30"
  },
  {
    "date": "2024-05-07",
    "symbol": "JKHY",
    "eps": 1.19,
    "epsEstimated": 1.17,
    "time": "amc",
    "revenue": 538562000,
    "revenueEstimated": 541804803,
    "updatedFromDate": "2025-04-24",
    "fiscalDateEnding": "2024-03-31"
  },
  {
    "date": "2024-02-06",
    "symbol": "JKHY",
    "eps": 1.26,
    "epsEstimated": 1.14,
    "time": "amc",
    "revenue": 545701000,
    "revenueEstimated": 540680000,
    "updatedFromDate": "2025-04-24",
    "fiscalDateEnding": "2023-12-31"
  },
  {
    "date": "2023-11-07",
    "symbol": "JKHY",
    "eps": 1.39,
    "epsEstimated": 1.32,
    "time": "amc",
    "revenue": 571368000,
    "revenueEstimated": 565750000,
    "updatedFromDate": "2025-04-24",
    "fiscalDateEnding": "2023-09-30"
  },
  {
    "date": "2023-08-15",
    "symbol": "JKHY",
    "eps": 1.34,
    "epsEstimated": 1.18,
    "time": "amc",
    "revenue": 534634000,
    "revenueEstimated": 512780000,
    "updatedFromDate": "2025-04-24",
    "fiscalDateEnding": "2023-06-30"
  },
  {
    "date": "2023-05-02",
    "symbol": "JKHY",
    "eps": 1.12,
    "epsEstimated": 1.1,
    "time": "amc",
    "revenue": 508552000,
    "revenueEstimated": 512430000,
    "updatedFromDate": "2025-04-24",
    "fiscalDateEnding": "2023-03-31"
  },
  {
    "date": "2023-02-07",
    "symbol": "JKHY",
    "eps": 1.1,
    "epsEstimated": 1.11,
    "time": "amc",
    "revenue": 505314000,
    "revenueEstimated": 515424627,
    "updatedFromDate": "2025-04-24",
    "fiscalDateEnding": "2022-12-31"
  },
  {
    "date": "2022-11-08",
    "symbol": "JKHY",
    "eps": 1.46,
    "epsEstimated": 1.4,
    "time": "amc",
    "revenue": 529202000,
    "revenueEstimated": 530339414,
    "updatedFromDate": "2025-04-24",
    "fiscalDateEnding": "2022-09-30"
  },
  {
    "date": "2022-08-16",
    "symbol": "JKHY",
    "eps": 1.1,
    "epsEstimated": 1,
    "time": "amc",
    "revenue": 482672000,
    "revenueEstimated": 480299577,
    "updatedFromDate": "2025-04-24",
    "fiscalDateEnding": "2022-06-30"
  },
  {
    "date": "2022-05-03",
    "symbol": "JKHY",
    "eps": 1.16,
    "epsEstimated": 1.06,
    "time": "amc",
    "revenue": 478260000,
    "revenueEstimated": 476936953,
    "updatedFromDate": "2025-04-24",
    "fiscalDateEnding": "2022-03-31"
  },
  {
    "date": "2022-02-08",
    "symbol": "JKHY",
    "eps": 1.3,
    "epsEstimated": 1.13,
    "time": "amc",
    "revenue": 493896000,
    "revenueEstimated": 467968653,
    "updatedFromDate": "2025-04-24",
    "fiscalDateEnding": "2021-12-31"
  },
  {
    "date": "2021-11-08",
    "symbol": "JKHY",
    "eps": 1.38,
    "epsEstimated": 1.32,
    "time": "amc",
    "revenue": 488056000,
    "revenueEstimated": 468210000,
    "updatedFromDate": "2025-04-24",
    "fiscalDateEnding": "2021-09-30"
  },
  {
    "date": "2021-08-17",
    "symbol": "JKHY",
    "eps": 1.04,
    "epsEstimated": 0.93,
    "time": "amc",
    "revenue": 450287000,
    "revenueEstimated": 488760000,
    "updatedFromDate": "2025-04-24",
    "fiscalDateEnding": "2021-06-30"
  },
  {
    "date": "2021-05-03",
    "symbol": "JKHY",
    "eps": 0.95,
    "epsEstimated": 0.86,
    "time": "amc",
    "revenue": 433776000,
    "revenueEstimated": 438280000,
    "updatedFromDate": "2025-04-24",
    "fiscalDateEnding": "2021-03-31"
  },
  {
    "date": "2021-02-08",
    "symbol": "JKHY",
    "eps": 0.94,
    "epsEstimated": 0.87,
    "time": "amc",
    "revenue": 422361000,
    "revenueEstimated": 432980000,
    "updatedFromDate": "2025-04-24",
    "fiscalDateEnding": "2020-12-31"
  },
  {
    "date": "2020-11-04",
    "symbol": "JKHY",
    "eps": 1.19,
    "epsEstimated": 1.05,
    "time": "amc",
    "revenue": 451800000,
    "revenueEstimated": 402443697,
    "updatedFromDate": "2025-04-24",
    "fiscalDateEnding": "2020-09-30"
  },
  {
    "date": "2020-08-18",
    "symbol": "JKHY",
    "eps": 0.8,
    "epsEstimated": 0.78,
    "time": "amc",
    "revenue": 410537000,
    "revenueEstimated": 400273575,
    "updatedFromDate": "2025-04-24",
    "fiscalDateEnding": "2020-06-30"
  },
  {
    "date": "2020-05-04",
    "symbol": "JKHY",
    "eps": 0.96,
    "epsEstimated": 0.8,
    "time": "amc",
    "revenue": 429406000,
    "revenueEstimated": 357838333,
    "updatedFromDate": "2025-04-24",
    "fiscalDateEnding": "2020-03-31"
  },
  {
    "date": "2020-02-04",
    "symbol": "JKHY",
    "eps": 0.94,
    "epsEstimated": 0.89,
    "time": "amc",
    "revenue": 419119000,
    "revenueEstimated": 396825436,
    "updatedFromDate": "2025-04-24",
    "fiscalDateEnding": "2019-12-31"
  },
  {
    "date": "2019-11-04",
    "symbol": "JKHY",
    "eps": 1.16,
    "epsEstimated": 1.04,
    "time": "amc",
    "revenue": 438005000,
    "revenueEstimated": 392694137,
    "updatedFromDate": "2025-04-24",
    "fiscalDateEnding": "2019-09-30"
  },
  {
    "date": "2019-08-20",
    "symbol": "JKHY",
    "eps": 0.79,
    "epsEstimated": 0.77,
    "time": "amc",
    "revenue": 393509000,
    "revenueEstimated": 383546746,
    "updatedFromDate": "2025-04-24",
    "fiscalDateEnding": "2019-06-30"
  },
  {
    "date": "2019-04-30",
    "symbol": "JKHY",
    "eps": 0.77,
    "epsEstimated": 0.77,
    "time": "amc",
    "revenue": 380364000,
    "revenueEstimated": 380364000,
    "updatedFromDate": "2025-04-24",
    "fiscalDateEnding": "2019-03-31"
  },
  {
    "date": "2019-02-05",
    "symbol": "JKHY",
    "eps": 0.88,
    "epsEstimated": 0.85,
    "time": "amc",
    "revenue": 386275000,
    "revenueEstimated": 373106534,
    "updatedFromDate": "2025-04-24",
    "fiscalDateEnding": "2018-12-31"
  },
  {
    "date": "2018-11-06",
    "symbol": "JKHY",
    "eps": 1.08,
    "epsEstimated": 0.93,
    "time": "amc",
    "revenue": 392543000,
    "revenueEstimated": 337986111,
    "updatedFromDate": "2025-04-24",
    "fiscalDateEnding": "2018-09-30"
  },
  {
    "date": "2018-08-21",
    "symbol": "JKHY",
    "eps": 1.1,
    "epsEstimated": 0.95,
    "time": "amc",
    "revenue": 417229000,
    "revenueEstimated": 326713636,
    "updatedFromDate": "2025-04-24",
    "fiscalDateEnding": "2018-06-30"
  },
  {
    "date": "2018-05-01",
    "symbol": "JKHY",
    "eps": 0.93,
    "epsEstimated": 0.86,
    "time": "amc",
    "revenue": 384684000,
    "revenueEstimated": 345849462,
    "updatedFromDate": "2025-04-24",
    "fiscalDateEnding": "2018-03-31"
  },
  {
    "date": "2018-02-06",
    "symbol": "JKHY",
    "eps": 0.8,
    "epsEstimated": 0.8,
    "time": "amc",
    "revenue": 374756000,
    "revenueEstimated": 357200000,
    "updatedFromDate": "2025-04-24",
    "fiscalDateEnding": "2017-12-31"
  },
  {
    "date": "2017-11-07",
    "symbol": "JKHY",
    "eps": 0.8,
    "epsEstimated": 0.79,
    "time": "amc",
    "revenue": 359934000,
    "revenueEstimated": 348081707,
    "updatedFromDate": "2025-04-24",
    "fiscalDateEnding": "2017-09-30"
  },
  {
    "date": "2017-08-15",
    "symbol": "JKHY",
    "eps": 0.82,
    "epsEstimated": 0.83,
    "time": "amc",
    "revenue": 383769000,
    "revenueEstimated": 345057317,
    "updatedFromDate": "2025-04-24",
    "fiscalDateEnding": "2017-06-30"
  },
  {
    "date": "2017-05-02",
    "symbol": "JKHY",
    "eps": 0.77,
    "epsEstimated": 0.72,
    "time": "amc",
    "revenue": 353767000,
    "revenueEstimated": 330825974,
    "updatedFromDate": "2025-04-24",
    "fiscalDateEnding": "2017-03-31"
  },
  {
    "date": "2017-02-07",
    "symbol": "JKHY",
    "eps": 0.75,
    "epsEstimated": 0.74,
    "time": "amc",
    "revenue": 348553000,
    "revenueEstimated": 343952000,
    "updatedFromDate": "2025-04-24",
    "fiscalDateEnding": "2016-12-31"
  },
  {
    "date": "2016-11-07",
    "symbol": "JKHY",
    "eps": 0.79,
    "epsEstimated": 0.7,
    "time": "amc",
    "revenue": 345028000,
    "revenueEstimated": 305696202,
    "updatedFromDate": "2025-04-24",
    "fiscalDateEnding": "2016-09-30"
  },
  {
    "date": "2016-08-16",
    "symbol": "JKHY",
    "eps": 0.84,
    "epsEstimated": 0.8,
    "time": "amc",
    "revenue": 366970000,
    "revenueEstimated": 349523809,
    "updatedFromDate": "2025-04-24",
    "fiscalDateEnding": "2016-06-30"
  }
]