[
  {
    "date": "2026-04-13",
    "symbol": "JNJ",
    "eps": null,
    "epsEstimated": null,
    "time": "bmo",
    "revenue": null,
    "revenueEstimated": null,
    "updatedFromDate": "2025-10-02",
    "fiscalDateEnding": "2026-03-29"
  },
  {
    "date": "2026-01-20",
    "symbol": "JNJ",
    "eps": null,
    "epsEstimated": null,
    "time": "bmo",
    "revenue": null,
    "revenueEstimated": null,
    "updatedFromDate": "2025-10-02",
    "fiscalDateEnding": "2025-12-29"
  },
  {
    "date": "2025-10-14",
    "symbol": "JNJ",
    "eps": null,
    "epsEstimated": 2.78,
    "time": "bmo",
    "revenue": null,
    "revenueEstimated": 23729513760,
    "updatedFromDate": "2025-10-02",
    "fiscalDateEnding": "2025-09-29"
  },
  {
    "date": "2025-07-16",
    "symbol": "JNJ",
    "eps": 2.77,
    "epsEstimated": 2.68,
    "time": "bmo",
    "revenue": 23743000000,
    "revenueEstimated": 22853974217,
    "updatedFromDate": "2025-10-02",
    "fiscalDateEnding": "2025-06-29"
  },
  {
    "date": "2025-04-15",
    "symbol": "JNJ",
    "eps": 2.77,
    "epsEstimated": 2.58,
    "time": "bmo",
    "revenue": 21893000000,
    "revenueEstimated": 21558624324,
    "updatedFromDate": "2025-07-14",
    "fiscalDateEnding": "2025-03-30"
  },
  {
    "date": "2025-01-22",
    "symbol": "JNJ",
    "eps": 2.04,
    "epsEstimated": 1.99,
    "time": "bmo",
    "revenue": 22520000000,
    "revenueEstimated": 22431222793,
    "updatedFromDate": "2025-04-24",
    "fiscalDateEnding": "2024-12-29"
  },
  {
    "date": "2024-10-15",
    "symbol": "JNJ",
    "eps": 2.42,
    "epsEstimated": 2.21,
    "time": "bmo",
    "revenue": 22471000000,
    "revenueEstimated": 22171805511,
    "updatedFromDate": "2025-04-24",
    "fiscalDateEnding": "2024-09-29"
  },
  {
    "date": "2024-07-17",
    "symbol": "JNJ",
    "eps": 2.82,
    "epsEstimated": 2.71,
    "time": "bmo",
    "revenue": 22447000000,
    "revenueEstimated": 22330379614,
    "updatedFromDate": "2025-04-24",
    "fiscalDateEnding": "2024-06-30"
  },
  {
    "date": "2024-04-16",
    "symbol": "JNJ",
    "eps": 2.71,
    "epsEstimated": 2.64,
    "time": "bmo",
    "revenue": 21383000000,
    "revenueEstimated": 21400951140,
    "updatedFromDate": "2025-04-24",
    "fiscalDateEnding": "2024-03-31"
  },
  {
    "date": "2024-01-23",
    "symbol": "JNJ",
    "eps": 2.29,
    "epsEstimated": 2.27,
    "time": "bmo",
    "revenue": 21395000000,
    "revenueEstimated": 20990000000,
    "updatedFromDate": "2025-04-24",
    "fiscalDateEnding": "2023-12-31"
  },
  {
    "date": "2023-10-17",
    "symbol": "JNJ",
    "eps": 2.66,
    "epsEstimated": 2.52,
    "time": "bmo",
    "revenue": 21351000000,
    "revenueEstimated": 19829500000,
    "updatedFromDate": "2025-04-24",
    "fiscalDateEnding": "2023-10-01"
  },
  {
    "date": "2023-07-20",
    "symbol": "JNJ",
    "eps": 2.8,
    "epsEstimated": 2.61,
    "time": "bmo",
    "revenue": 21519000000,
    "revenueEstimated": 24625300000,
    "updatedFromDate": "2025-04-24",
    "fiscalDateEnding": "2023-07-02"
  },
  {
    "date": "2023-04-18",
    "symbol": "JNJ",
    "eps": 2.68,
    "epsEstimated": 2.51,
    "time": "bmo",
    "revenue": 20894000000,
    "revenueEstimated": 23687800000,
    "updatedFromDate": "2025-04-24",
    "fiscalDateEnding": "2023-04-02"
  },
  {
    "date": "2023-01-24",
    "symbol": "JNJ",
    "eps": 2.35,
    "epsEstimated": 2.22,
    "time": "bmo",
    "revenue": 23706000000,
    "revenueEstimated": 23879587094,
    "updatedFromDate": "2025-04-24",
    "fiscalDateEnding": "2023-01-01"
  },
  {
    "date": "2022-10-18",
    "symbol": "JNJ",
    "eps": 2.55,
    "epsEstimated": 2.49,
    "time": "bmo",
    "revenue": 19996000000,
    "revenueEstimated": 23357438093,
    "updatedFromDate": "2025-04-24",
    "fiscalDateEnding": "2022-10-02"
  },
  {
    "date": "2022-07-19",
    "symbol": "JNJ",
    "eps": 2.59,
    "epsEstimated": 2.57,
    "time": "bmo",
    "revenue": 24020000000,
    "revenueEstimated": 23771477198,
    "updatedFromDate": "2025-04-24",
    "fiscalDateEnding": "2022-07-03"
  },
  {
    "date": "2022-04-19",
    "symbol": "JNJ",
    "eps": 2.67,
    "epsEstimated": 2.6,
    "time": "bmo",
    "revenue": 23426000000,
    "revenueEstimated": 23624077068,
    "updatedFromDate": "2025-04-24",
    "fiscalDateEnding": "2022-04-03"
  },
  {
    "date": "2022-01-25",
    "symbol": "JNJ",
    "eps": 2.13,
    "epsEstimated": 2.12,
    "time": "bmo",
    "revenue": 24804000000,
    "revenueEstimated": 23805800000,
    "updatedFromDate": "2025-04-24",
    "fiscalDateEnding": "2022-01-02"
  },
  {
    "date": "2021-10-19",
    "symbol": "JNJ",
    "eps": 2.6,
    "epsEstimated": 2.37,
    "time": "bmo",
    "revenue": 23338000000,
    "revenueEstimated": 23703300000,
    "updatedFromDate": "2025-04-24",
    "fiscalDateEnding": "2021-10-03"
  },
  {
    "date": "2021-07-21",
    "symbol": "JNJ",
    "eps": 2.48,
    "epsEstimated": 2.27,
    "time": "bmo",
    "revenue": 23312000000,
    "revenueEstimated": 23808600000,
    "updatedFromDate": "2025-04-24",
    "fiscalDateEnding": "2021-07-04"
  },
  {
    "date": "2021-04-20",
    "symbol": "JNJ",
    "eps": 2.59,
    "epsEstimated": 2.34,
    "time": "bmo",
    "revenue": 22321000000,
    "revenueEstimated": null,
    "updatedFromDate": "2025-04-24",
    "fiscalDateEnding": "2021-04-04"
  },
  {
    "date": "2021-01-26",
    "symbol": "JNJ",
    "eps": 1.86,
    "epsEstimated": 1.81,
    "time": "bmo",
    "revenue": 22475000000,
    "revenueEstimated": null,
    "updatedFromDate": "2025-04-24",
    "fiscalDateEnding": "2021-01-03"
  },
  {
    "date": "2020-10-13",
    "symbol": "JNJ",
    "eps": 2.2,
    "epsEstimated": 1.99,
    "time": "bmo",
    "revenue": 21082000000,
    "revenueEstimated": 18973800000,
    "updatedFromDate": "2025-04-24",
    "fiscalDateEnding": "2020-09-27"
  },
  {
    "date": "2020-07-16",
    "symbol": "JNJ",
    "eps": 1.67,
    "epsEstimated": 1.49,
    "time": "bmo",
    "revenue": 18336000000,
    "revenueEstimated": 16469461077,
    "updatedFromDate": "2025-04-24",
    "fiscalDateEnding": "2020-06-28"
  },
  {
    "date": "2020-04-14",
    "symbol": "JNJ",
    "eps": 2.3,
    "epsEstimated": 2,
    "time": "bmo",
    "revenue": 20691000000,
    "revenueEstimated": 17992173913,
    "updatedFromDate": "2025-04-24",
    "fiscalDateEnding": "2020-03-29"
  },
  {
    "date": "2020-01-22",
    "symbol": "JNJ",
    "eps": 1.88,
    "epsEstimated": 1.87,
    "time": "bmo",
    "revenue": 20747000000,
    "revenueEstimated": 20636643617,
    "updatedFromDate": "2025-04-24",
    "fiscalDateEnding": "2019-12-29"
  },
  {
    "date": "2019-10-15",
    "symbol": "JNJ",
    "eps": 2.12,
    "epsEstimated": 2.01,
    "time": "bmo",
    "revenue": 20729000000,
    "revenueEstimated": 19653438679,
    "updatedFromDate": "2025-04-24",
    "fiscalDateEnding": "2019-09-29"
  },
  {
    "date": "2019-07-16",
    "symbol": "JNJ",
    "eps": 2.58,
    "epsEstimated": 2.46,
    "time": "bmo",
    "revenue": 20562000000,
    "revenueEstimated": 19605627906,
    "updatedFromDate": "2025-04-24",
    "fiscalDateEnding": "2019-06-30"
  },
  {
    "date": "2019-04-16",
    "symbol": "JNJ",
    "eps": 2.1,
    "epsEstimated": 2.03,
    "time": "bmo",
    "revenue": 20021000000,
    "revenueEstimated": 19448971428,
    "updatedFromDate": "2025-04-24",
    "fiscalDateEnding": "2019-03-31"
  },
  {
    "date": "2019-01-22",
    "symbol": "JNJ",
    "eps": 1.97,
    "epsEstimated": 1.95,
    "time": "bmo",
    "revenue": 20394000000,
    "revenueEstimated": 20186954314,
    "updatedFromDate": "2025-04-24",
    "fiscalDateEnding": "2018-12-30"
  },
  {
    "date": "2018-10-16",
    "symbol": "JNJ",
    "eps": 2.05,
    "epsEstimated": 2.03,
    "time": "bmo",
    "revenue": 20348000000,
    "revenueEstimated": 20149482926,
    "updatedFromDate": "2025-04-24",
    "fiscalDateEnding": "2018-09-30"
  },
  {
    "date": "2018-07-17",
    "symbol": "JNJ",
    "eps": 2.1,
    "epsEstimated": 2.06,
    "time": "bmo",
    "revenue": 20830000000,
    "revenueEstimated": 20532428571,
    "updatedFromDate": "2025-04-24",
    "fiscalDateEnding": "2018-07-01"
  },
  {
    "date": "2018-04-17",
    "symbol": "JNJ",
    "eps": 2.06,
    "epsEstimated": 2.02,
    "time": "bmo",
    "revenue": 20009000000,
    "revenueEstimated": 19620475728,
    "updatedFromDate": "2025-04-24",
    "fiscalDateEnding": "2018-04-01"
  },
  {
    "date": "2018-01-23",
    "symbol": "JNJ",
    "eps": 1.74,
    "epsEstimated": 1.72,
    "time": "bmo",
    "revenue": 20195000000,
    "revenueEstimated": 19962873563,
    "updatedFromDate": "2025-04-24",
    "fiscalDateEnding": "2017-12-31"
  },
  {
    "date": "2017-10-17",
    "symbol": "JNJ",
    "eps": 1.9,
    "epsEstimated": 1.8,
    "time": "bmo",
    "revenue": 19650000000,
    "revenueEstimated": 18615789473,
    "updatedFromDate": "2025-04-24",
    "fiscalDateEnding": "2017-10-01"
  },
  {
    "date": "2017-07-18",
    "symbol": "JNJ",
    "eps": 1.83,
    "epsEstimated": 1.8,
    "time": "bmo",
    "revenue": 18839000000,
    "revenueEstimated": 18530163934,
    "updatedFromDate": "2025-04-24",
    "fiscalDateEnding": "2017-07-02"
  },
  {
    "date": "2017-04-18",
    "symbol": "JNJ",
    "eps": 1.83,
    "epsEstimated": 1.77,
    "time": "bmo",
    "revenue": 17766000000,
    "revenueEstimated": 17183508196,
    "updatedFromDate": "2025-04-24",
    "fiscalDateEnding": "2017-04-02"
  },
  {
    "date": "2017-01-24",
    "symbol": "JNJ",
    "eps": 1.58,
    "epsEstimated": 1.56,
    "time": "bmo",
    "revenue": 18106000000,
    "revenueEstimated": 17876810126,
    "updatedFromDate": "2025-04-24",
    "fiscalDateEnding": "2017-01-01"
  },
  {
    "date": "2016-10-18",
    "symbol": "JNJ",
    "eps": 1.68,
    "epsEstimated": 1.66,
    "time": "bmo",
    "revenue": 17820000000,
    "revenueEstimated": 17607857142,
    "updatedFromDate": "2025-04-24",
    "fiscalDateEnding": "2016-10-02"
  },
  {
    "date": "2016-07-19",
    "symbol": "JNJ",
    "eps": 1.74,
    "epsEstimated": 1.68,
    "time": "bmo",
    "revenue": 18482000000,
    "revenueEstimated": 17844689655,
    "updatedFromDate": "2025-04-24",
    "fiscalDateEnding": "2016-07-03"
  }
]