[
  {
    "date": "2026-04-29",
    "symbol": "K",
    "eps": null,
    "epsEstimated": null,
    "time": "bmo",
    "revenue": null,
    "revenueEstimated": null,
    "updatedFromDate": "2025-10-02",
    "fiscalDateEnding": "2026-03-28"
  },
  {
    "date": "2026-02-04",
    "symbol": "K",
    "eps": null,
    "epsEstimated": null,
    "time": "bmo",
    "revenue": null,
    "revenueEstimated": null,
    "updatedFromDate": "2025-10-02",
    "fiscalDateEnding": "2025-12-28"
  },
  {
    "date": "2025-10-30",
    "symbol": "K",
    "eps": null,
    "epsEstimated": 0.87,
    "time": "bmo",
    "revenue": null,
    "revenueEstimated": 3251314090,
    "updatedFromDate": "2025-10-02",
    "fiscalDateEnding": "2025-09-28"
  },
  {
    "date": "2025-07-31",
    "symbol": "K",
    "eps": 0.94,
    "epsEstimated": 0.989,
    "time": "bmo",
    "revenue": 3203000000,
    "revenueEstimated": 3188333833,
    "updatedFromDate": "2025-10-02",
    "fiscalDateEnding": "2025-06-28"
  },
  {
    "date": "2025-05-01",
    "symbol": "K",
    "eps": 0.9,
    "epsEstimated": 1.01,
    "time": "bmo",
    "revenue": 3083000000,
    "revenueEstimated": 3177870192,
    "updatedFromDate": "2025-08-01",
    "fiscalDateEnding": "2025-03-29"
  },
  {
    "date": "2025-02-06",
    "symbol": "K",
    "eps": 0.92,
    "epsEstimated": 0.31,
    "time": "bmo",
    "revenue": 3124000000,
    "revenueEstimated": 3101030846,
    "updatedFromDate": "2025-05-06",
    "fiscalDateEnding": "2024-12-28"
  },
  {
    "date": "2024-10-31",
    "symbol": "K",
    "eps": 0.91,
    "epsEstimated": 0.85,
    "time": "bmo",
    "revenue": 3233000000,
    "revenueEstimated": 3157454157,
    "updatedFromDate": "2025-04-25",
    "fiscalDateEnding": "2024-09-28"
  },
  {
    "date": "2024-08-01",
    "symbol": "K",
    "eps": 1.01,
    "epsEstimated": 0.9,
    "time": "bmo",
    "revenue": 3192000000,
    "revenueEstimated": 3147551588,
    "updatedFromDate": "2025-04-25",
    "fiscalDateEnding": "2024-06-29"
  },
  {
    "date": "2024-05-02",
    "symbol": "K",
    "eps": 1.01,
    "epsEstimated": 0.85,
    "time": "bmo",
    "revenue": 3200000000,
    "revenueEstimated": 3163174052,
    "updatedFromDate": "2025-04-25",
    "fiscalDateEnding": "2024-03-30"
  },
  {
    "date": "2024-02-08",
    "symbol": "K",
    "eps": 0.78,
    "epsEstimated": 0.74,
    "time": "bmo",
    "revenue": 1089000000,
    "revenueEstimated": 3076740000,
    "updatedFromDate": "2025-04-25",
    "fiscalDateEnding": "2023-12-30"
  },
  {
    "date": "2023-11-08",
    "symbol": "K",
    "eps": 1.03,
    "epsEstimated": 0.91,
    "time": "bmo",
    "revenue": 3255000000,
    "revenueEstimated": 3622690000,
    "updatedFromDate": "2025-04-25",
    "fiscalDateEnding": "2023-09-30"
  },
  {
    "date": "2023-08-03",
    "symbol": "K",
    "eps": 1.25,
    "epsEstimated": 1.11,
    "time": "bmo",
    "revenue": 3351000000,
    "revenueEstimated": 4071830000,
    "updatedFromDate": "2025-04-25",
    "fiscalDateEnding": "2023-07-01"
  },
  {
    "date": "2023-05-04",
    "symbol": "K",
    "eps": 1.1,
    "epsEstimated": 0.99,
    "time": "bmo",
    "revenue": 3342000000,
    "revenueEstimated": 3953940000,
    "updatedFromDate": "2025-04-25",
    "fiscalDateEnding": "2023-04-01"
  },
  {
    "date": "2023-02-09",
    "symbol": "K",
    "eps": 0.94,
    "epsEstimated": 0.84,
    "time": "bmo",
    "revenue": 3833000000,
    "revenueEstimated": 3663264738,
    "updatedFromDate": "2025-04-25",
    "fiscalDateEnding": "2022-12-31"
  },
  {
    "date": "2022-11-03",
    "symbol": "K",
    "eps": 1.01,
    "epsEstimated": 0.98,
    "time": "bmo",
    "revenue": 3946000000,
    "revenueEstimated": 3781543584,
    "updatedFromDate": "2025-04-25",
    "fiscalDateEnding": "2022-10-01"
  },
  {
    "date": "2022-08-04",
    "symbol": "K",
    "eps": 1.18,
    "epsEstimated": 1.05,
    "time": "bmo",
    "revenue": 3864000000,
    "revenueEstimated": 3638681883,
    "updatedFromDate": "2025-04-25",
    "fiscalDateEnding": "2022-07-02"
  },
  {
    "date": "2022-05-05",
    "symbol": "K",
    "eps": 1.1,
    "epsEstimated": 0.93,
    "time": "bmo",
    "revenue": 3672000000,
    "revenueEstimated": 3585598817,
    "updatedFromDate": "2025-04-25",
    "fiscalDateEnding": "2022-04-02"
  },
  {
    "date": "2022-02-10",
    "symbol": "K",
    "eps": 0.83,
    "epsEstimated": 0.79,
    "time": "bmo",
    "revenue": 3420000000,
    "revenueEstimated": 3392375952,
    "updatedFromDate": "2025-04-25",
    "fiscalDateEnding": "2022-01-01"
  },
  {
    "date": "2021-11-04",
    "symbol": "K",
    "eps": 1.09,
    "epsEstimated": 0.93,
    "time": "bmo",
    "revenue": 3622000000,
    "revenueEstimated": 3509190000,
    "updatedFromDate": "2025-04-25",
    "fiscalDateEnding": "2021-10-02"
  },
  {
    "date": "2021-08-05",
    "symbol": "K",
    "eps": 1.14,
    "epsEstimated": 1.03,
    "time": "bmo",
    "revenue": 3555000000,
    "revenueEstimated": 3431440000,
    "updatedFromDate": "2025-04-25",
    "fiscalDateEnding": "2021-07-03"
  },
  {
    "date": "2021-05-06",
    "symbol": "K",
    "eps": 1.11,
    "epsEstimated": 0.96,
    "time": "bmo",
    "revenue": 3584000000,
    "revenueEstimated": 3023999999,
    "updatedFromDate": "2025-04-25",
    "fiscalDateEnding": "2021-04-03"
  },
  {
    "date": "2021-02-11",
    "symbol": "K",
    "eps": 0.86,
    "epsEstimated": 0.9,
    "time": "bmo",
    "revenue": 3464000000,
    "revenueEstimated": 3481400000,
    "updatedFromDate": "2025-04-25",
    "fiscalDateEnding": "2021-01-02"
  },
  {
    "date": "2020-10-29",
    "symbol": "K",
    "eps": 0.91,
    "epsEstimated": 0.87,
    "time": "bmo",
    "revenue": 3429000000,
    "revenueEstimated": 9852989010,
    "updatedFromDate": "2025-04-25",
    "fiscalDateEnding": "2020-09-26"
  },
  {
    "date": "2020-07-30",
    "symbol": "K",
    "eps": 1.24,
    "epsEstimated": 0.94,
    "time": "bmo",
    "revenue": 3465000000,
    "revenueEstimated": 2626693548,
    "updatedFromDate": "2025-04-25",
    "fiscalDateEnding": "2020-06-27"
  },
  {
    "date": "2020-04-30",
    "symbol": "K",
    "eps": 0.99,
    "epsEstimated": 0.95,
    "time": "bmo",
    "revenue": 3412000000,
    "revenueEstimated": 3308606060,
    "updatedFromDate": "2025-04-25",
    "fiscalDateEnding": "2020-03-28"
  },
  {
    "date": "2020-02-06",
    "symbol": "K",
    "eps": 0.91,
    "epsEstimated": 0.86,
    "time": "bmo",
    "revenue": 3223000000,
    "revenueEstimated": 3010494505,
    "updatedFromDate": "2025-04-25",
    "fiscalDateEnding": "2019-12-28"
  },
  {
    "date": "2019-10-29",
    "symbol": "K",
    "eps": 1.03,
    "epsEstimated": 0.91,
    "time": "bmo",
    "revenue": 3372000000,
    "revenueEstimated": 2979145631,
    "updatedFromDate": "2025-04-25",
    "fiscalDateEnding": "2019-09-28"
  },
  {
    "date": "2019-08-01",
    "symbol": "K",
    "eps": 0.99,
    "epsEstimated": 0.92,
    "time": "bmo",
    "revenue": 3461000000,
    "revenueEstimated": 3216282828,
    "updatedFromDate": "2025-04-25",
    "fiscalDateEnding": "2019-06-29"
  },
  {
    "date": "2019-05-02",
    "symbol": "K",
    "eps": 1.01,
    "epsEstimated": 0.95,
    "time": "bmo",
    "revenue": 3522000000,
    "revenueEstimated": 3312772277,
    "updatedFromDate": "2025-04-25",
    "fiscalDateEnding": "2019-03-30"
  },
  {
    "date": "2019-02-07",
    "symbol": "K",
    "eps": 0.91,
    "epsEstimated": 0.88,
    "time": "bmo",
    "revenue": 3317000000,
    "revenueEstimated": 3207648351,
    "updatedFromDate": "2025-04-25",
    "fiscalDateEnding": "2018-12-29"
  },
  {
    "date": "2018-10-31",
    "symbol": "K",
    "eps": 1.06,
    "epsEstimated": 1.06,
    "time": "bmo",
    "revenue": 3469000000,
    "revenueEstimated": 3469000000,
    "updatedFromDate": "2025-04-25",
    "fiscalDateEnding": "2018-09-29"
  },
  {
    "date": "2018-08-02",
    "symbol": "K",
    "eps": 1.14,
    "epsEstimated": 1.05,
    "time": "bmo",
    "revenue": 3360000000,
    "revenueEstimated": 3094736842,
    "updatedFromDate": "2025-04-25",
    "fiscalDateEnding": "2018-06-30"
  },
  {
    "date": "2018-05-03",
    "symbol": "K",
    "eps": 1.23,
    "epsEstimated": 1.08,
    "time": "bmo",
    "revenue": 3401000000,
    "revenueEstimated": 2986243902,
    "updatedFromDate": "2025-04-25",
    "fiscalDateEnding": "2018-03-31"
  },
  {
    "date": "2018-02-08",
    "symbol": "K",
    "eps": 0.96,
    "epsEstimated": 0.96,
    "time": "bmo",
    "revenue": 3209000000,
    "revenueEstimated": 3185000000,
    "updatedFromDate": "2025-04-25",
    "fiscalDateEnding": "2017-12-30"
  },
  {
    "date": "2017-10-31",
    "symbol": "K",
    "eps": 1.05,
    "epsEstimated": 0.94,
    "time": "bmo",
    "revenue": 3246000000,
    "revenueEstimated": 2905942857,
    "updatedFromDate": "2025-04-25",
    "fiscalDateEnding": "2017-09-30"
  },
  {
    "date": "2017-08-03",
    "symbol": "K",
    "eps": 0.97,
    "epsEstimated": 0.92,
    "time": "bmo",
    "revenue": 3175000000,
    "revenueEstimated": 3011340206,
    "updatedFromDate": "2025-04-25",
    "fiscalDateEnding": "2017-07-01"
  },
  {
    "date": "2017-05-04",
    "symbol": "K",
    "eps": 1.06,
    "epsEstimated": 1.01,
    "time": "bmo",
    "revenue": 3248000000,
    "revenueEstimated": 3033509433,
    "updatedFromDate": "2025-04-25",
    "fiscalDateEnding": "2017-04-01"
  },
  {
    "date": "2017-02-09",
    "symbol": "K",
    "eps": 0.92,
    "epsEstimated": 0.85,
    "time": "bmo",
    "revenue": 3097000000,
    "revenueEstimated": 2861358695,
    "updatedFromDate": "2025-04-25",
    "fiscalDateEnding": "2016-12-31"
  },
  {
    "date": "2016-11-01",
    "symbol": "K",
    "eps": 0.96,
    "epsEstimated": 0.87,
    "time": "bmo",
    "revenue": 3254000000,
    "revenueEstimated": 2948937500,
    "updatedFromDate": "2025-04-25",
    "fiscalDateEnding": "2016-10-01"
  },
  {
    "date": "2016-08-04",
    "symbol": "K",
    "eps": 0.91,
    "epsEstimated": 0.91,
    "time": "bmo",
    "revenue": 3268000000,
    "revenueEstimated": 3268000000,
    "updatedFromDate": "2025-04-25",
    "fiscalDateEnding": "2016-07-02"
  }
]