[
  {
    "date": "2026-04-22",
    "symbol": "KDP",
    "eps": null,
    "epsEstimated": null,
    "time": "bmo",
    "revenue": null,
    "revenueEstimated": null,
    "updatedFromDate": "2025-10-02",
    "fiscalDateEnding": "2026-03-30"
  },
  {
    "date": "2026-02-23",
    "symbol": "KDP",
    "eps": null,
    "epsEstimated": null,
    "time": "bmo",
    "revenue": null,
    "revenueEstimated": null,
    "updatedFromDate": "2025-10-02",
    "fiscalDateEnding": "2025-12-30"
  },
  {
    "date": "2025-10-23",
    "symbol": "KDP",
    "eps": null,
    "epsEstimated": 0.54,
    "time": "bmo",
    "revenue": null,
    "revenueEstimated": 4151066380,
    "updatedFromDate": "2025-10-02",
    "fiscalDateEnding": "2025-09-30"
  },
  {
    "date": "2025-07-24",
    "symbol": "KDP",
    "eps": 0.49,
    "epsEstimated": 0.4853,
    "time": "bmo",
    "revenue": 4163000000,
    "revenueEstimated": 4136237350,
    "updatedFromDate": "2025-10-02",
    "fiscalDateEnding": "2025-06-30"
  },
  {
    "date": "2025-04-24",
    "symbol": "KDP",
    "eps": 0.42,
    "epsEstimated": 0.3824,
    "time": "bmo",
    "revenue": 3635000000,
    "revenueEstimated": 3566639931,
    "updatedFromDate": "2025-07-24",
    "fiscalDateEnding": "2025-03-31"
  },
  {
    "date": "2025-02-25",
    "symbol": "KDP",
    "eps": 0.58,
    "epsEstimated": 0.571,
    "time": "bmo",
    "revenue": 4070000000,
    "revenueEstimated": 4011399700,
    "updatedFromDate": "2025-05-25",
    "fiscalDateEnding": "2024-12-31"
  },
  {
    "date": "2024-10-24",
    "symbol": "KDP",
    "eps": 0.51,
    "epsEstimated": 0.51,
    "time": "bmo",
    "revenue": 3891000000,
    "revenueEstimated": 3923806385,
    "updatedFromDate": "2025-04-24",
    "fiscalDateEnding": "2024-09-30"
  },
  {
    "date": "2024-07-25",
    "symbol": "KDP",
    "eps": 0.45,
    "epsEstimated": 0.45,
    "time": "bmo",
    "revenue": 3922000000,
    "revenueEstimated": 3913135707,
    "updatedFromDate": "2025-04-24",
    "fiscalDateEnding": "2024-06-30"
  },
  {
    "date": "2024-04-25",
    "symbol": "KDP",
    "eps": 0.38,
    "epsEstimated": 0.35,
    "time": "bmo",
    "revenue": 3468000000,
    "revenueEstimated": 3406949193,
    "updatedFromDate": "2025-04-24",
    "fiscalDateEnding": "2024-03-31"
  },
  {
    "date": "2024-02-22",
    "symbol": "KDP",
    "eps": 0.55,
    "epsEstimated": 0.54,
    "time": "bmo",
    "revenue": 3867000000,
    "revenueEstimated": 3913810000,
    "updatedFromDate": "2025-04-24",
    "fiscalDateEnding": "2023-12-31"
  },
  {
    "date": "2023-10-26",
    "symbol": "KDP",
    "eps": 0.48,
    "epsEstimated": 0.47,
    "time": "bmo",
    "revenue": 3805000000,
    "revenueEstimated": 3767650000,
    "updatedFromDate": "2025-04-24",
    "fiscalDateEnding": "2023-09-30"
  },
  {
    "date": "2023-07-27",
    "symbol": "KDP",
    "eps": 0.42,
    "epsEstimated": 0.4,
    "time": "bmo",
    "revenue": 3789000000,
    "revenueEstimated": 3690430000,
    "updatedFromDate": "2025-04-24",
    "fiscalDateEnding": "2023-06-30"
  },
  {
    "date": "2023-04-27",
    "symbol": "KDP",
    "eps": 0.34,
    "epsEstimated": 0.33,
    "time": "bmo",
    "revenue": 3353000000,
    "revenueEstimated": 3298290000,
    "updatedFromDate": "2025-04-24",
    "fiscalDateEnding": "2023-03-31"
  },
  {
    "date": "2023-02-23",
    "symbol": "KDP",
    "eps": 0.5,
    "epsEstimated": 0.51,
    "time": "bmo",
    "revenue": 3803000000,
    "revenueEstimated": 3779918838,
    "updatedFromDate": "2025-04-24",
    "fiscalDateEnding": "2022-12-31"
  },
  {
    "date": "2022-10-27",
    "symbol": "KDP",
    "eps": 0.46,
    "epsEstimated": 0.46,
    "time": "bmo",
    "revenue": 3622000000,
    "revenueEstimated": 3633092586,
    "updatedFromDate": "2025-04-24",
    "fiscalDateEnding": "2022-09-30"
  },
  {
    "date": "2022-07-28",
    "symbol": "KDP",
    "eps": 0.39,
    "epsEstimated": 0.39,
    "time": "bmo",
    "revenue": 3554000000,
    "revenueEstimated": 3378682500,
    "updatedFromDate": "2025-04-24",
    "fiscalDateEnding": "2022-06-30"
  },
  {
    "date": "2022-04-28",
    "symbol": "KDP",
    "eps": 0.33,
    "epsEstimated": 0.33,
    "time": "bmo",
    "revenue": 3078000000,
    "revenueEstimated": 3011061483,
    "updatedFromDate": "2025-04-24",
    "fiscalDateEnding": "2022-03-31"
  },
  {
    "date": "2022-02-24",
    "symbol": "KDP",
    "eps": 0.45,
    "epsEstimated": 0.45,
    "time": "bmo",
    "revenue": 3391000000,
    "revenueEstimated": 3304747730,
    "updatedFromDate": "2025-04-24",
    "fiscalDateEnding": "2021-12-31"
  },
  {
    "date": "2021-10-28",
    "symbol": "KDP",
    "eps": 0.44,
    "epsEstimated": 0.44,
    "time": "bmo",
    "revenue": 3250000000,
    "revenueEstimated": 3160910000,
    "updatedFromDate": "2025-04-24",
    "fiscalDateEnding": "2021-09-30"
  },
  {
    "date": "2021-07-29",
    "symbol": "KDP",
    "eps": 0.38,
    "epsEstimated": 0.37,
    "time": "bmo",
    "revenue": 3140000000,
    "revenueEstimated": 3140000000,
    "updatedFromDate": "2025-04-24",
    "fiscalDateEnding": "2021-06-30"
  },
  {
    "date": "2021-04-29",
    "symbol": "KDP",
    "eps": 0.33,
    "epsEstimated": 0.31,
    "time": "bmo",
    "revenue": 2902000000,
    "revenueEstimated": 2721570000,
    "updatedFromDate": "2025-04-24",
    "fiscalDateEnding": "2021-03-31"
  },
  {
    "date": "2021-02-25",
    "symbol": "KDP",
    "eps": 0.39,
    "epsEstimated": 0.4,
    "time": "bmo",
    "revenue": 3121000000,
    "revenueEstimated": 3199024999,
    "updatedFromDate": "2025-04-24",
    "fiscalDateEnding": "2020-12-31"
  },
  {
    "date": "2020-10-29",
    "symbol": "KDP",
    "eps": 0.39,
    "epsEstimated": 0.37,
    "time": "bmo",
    "revenue": 3020000000,
    "revenueEstimated": 2865128205,
    "updatedFromDate": "2025-04-24",
    "fiscalDateEnding": "2020-09-30"
  },
  {
    "date": "2020-07-30",
    "symbol": "KDP",
    "eps": 0.33,
    "epsEstimated": 0.32,
    "time": "bmo",
    "revenue": 2864000000,
    "revenueEstimated": 2777212121,
    "updatedFromDate": "2025-04-24",
    "fiscalDateEnding": "2020-06-30"
  },
  {
    "date": "2020-04-27",
    "symbol": "KDP",
    "eps": 0.29,
    "epsEstimated": 0.27,
    "time": "amc",
    "revenue": 2613000000,
    "revenueEstimated": 2432793103,
    "updatedFromDate": "2025-04-24",
    "fiscalDateEnding": "2020-03-31"
  },
  {
    "date": "2020-02-27",
    "symbol": "KDP",
    "eps": 0.35,
    "epsEstimated": 0.35,
    "time": "bmo",
    "revenue": 2934000000,
    "revenueEstimated": 2934000000,
    "updatedFromDate": "2025-04-24",
    "fiscalDateEnding": "2019-12-31"
  },
  {
    "date": "2019-11-07",
    "symbol": "KDP",
    "eps": 0.32,
    "epsEstimated": 0.31,
    "time": "bmo",
    "revenue": 2870000000,
    "revenueEstimated": 2870000000,
    "updatedFromDate": "2025-04-24",
    "fiscalDateEnding": "2019-09-30"
  },
  {
    "date": "2019-08-08",
    "symbol": "KDP",
    "eps": 0.3,
    "epsEstimated": 0.29,
    "time": "bmo",
    "revenue": 2812000000,
    "revenueEstimated": 2718266666,
    "updatedFromDate": "2025-04-24",
    "fiscalDateEnding": "2019-06-30"
  },
  {
    "date": "2019-05-09",
    "symbol": "KDP",
    "eps": 0.25,
    "epsEstimated": 0.23,
    "time": "bmo",
    "revenue": 2504000000,
    "revenueEstimated": 2303680000,
    "updatedFromDate": "2025-04-24",
    "fiscalDateEnding": "2019-03-31"
  },
  {
    "date": "2019-02-28",
    "symbol": "KDP",
    "eps": 0.3,
    "epsEstimated": 0.31,
    "time": "bmo",
    "revenue": 2813000000,
    "revenueEstimated": 2813000000,
    "updatedFromDate": "2025-04-24",
    "fiscalDateEnding": "2018-12-31"
  },
  {
    "date": "2018-11-07",
    "symbol": "KDP",
    "eps": 0.3,
    "epsEstimated": 0.27,
    "time": "amc",
    "revenue": 2732000000,
    "revenueEstimated": 2549866666,
    "updatedFromDate": "2025-04-24",
    "fiscalDateEnding": "2018-09-30"
  },
  {
    "date": "2018-08-08",
    "symbol": "KDP",
    "eps": 0.27,
    "epsEstimated": 0.28,
    "time": "bmo",
    "revenue": 1886000000,
    "revenueEstimated": 204400000,
    "updatedFromDate": "2025-04-24",
    "fiscalDateEnding": "2018-06-30"
  },
  {
    "date": "2018-04-25",
    "symbol": "KDP",
    "eps": 0.98,
    "epsEstimated": 1.04,
    "time": "bmo",
    "revenue": 1594000000,
    "revenueEstimated": 1006040816,
    "updatedFromDate": "2025-04-24",
    "fiscalDateEnding": "2018-03-31"
  },
  {
    "date": "2018-02-14",
    "symbol": "KDP",
    "eps": 1.13,
    "epsEstimated": 1.16,
    "time": "bmo",
    "revenue": 1643000000,
    "revenueEstimated": 1686619469,
    "updatedFromDate": "2025-04-24",
    "fiscalDateEnding": "2017-12-31"
  },
  {
    "date": "2017-10-25",
    "symbol": "KDP",
    "eps": 1.1,
    "epsEstimated": 1.16,
    "time": "bmo",
    "revenue": 1740000000,
    "revenueEstimated": 1834909090,
    "updatedFromDate": "2025-04-24",
    "fiscalDateEnding": "2017-09-30"
  },
  {
    "date": "2017-07-27",
    "symbol": "KDP",
    "eps": 1.25,
    "epsEstimated": 1.28,
    "time": "bmo",
    "revenue": 1797000000,
    "revenueEstimated": 1840128000,
    "updatedFromDate": "2025-04-24",
    "fiscalDateEnding": "2017-06-30"
  },
  {
    "date": "2017-04-26",
    "symbol": "KDP",
    "eps": 0.91,
    "epsEstimated": 0.97,
    "time": "bmo",
    "revenue": 1510000000,
    "revenueEstimated": 1450198019,
    "updatedFromDate": "2025-04-24",
    "fiscalDateEnding": "2017-03-31"
  },
  {
    "date": "2017-02-14",
    "symbol": "KDP",
    "eps": 1.04,
    "epsEstimated": 1.06,
    "time": "bmo",
    "revenue": 1578000000,
    "revenueEstimated": 1608346153,
    "updatedFromDate": "2025-04-24",
    "fiscalDateEnding": "2016-12-31"
  },
  {
    "date": "2016-10-27",
    "symbol": "KDP",
    "eps": 1.17,
    "epsEstimated": 1.11,
    "time": "bmo",
    "revenue": 1680000000,
    "revenueEstimated": 1593846153,
    "updatedFromDate": "2025-04-24",
    "fiscalDateEnding": "2016-09-30"
  },
  {
    "date": "2016-07-27",
    "symbol": "KDP",
    "eps": 1.25,
    "epsEstimated": 1.2,
    "time": "bmo",
    "revenue": 1695000000,
    "revenueEstimated": 1627200000,
    "updatedFromDate": "2025-04-24",
    "fiscalDateEnding": "2016-06-30"
  }
]