[
  {
    "date": "2026-05-18",
    "symbol": "KEYS",
    "eps": null,
    "epsEstimated": null,
    "time": "amc",
    "revenue": null,
    "revenueEstimated": null,
    "updatedFromDate": "2025-10-02",
    "fiscalDateEnding": "2026-04-30"
  },
  {
    "date": "2026-02-23",
    "symbol": "KEYS",
    "eps": null,
    "epsEstimated": null,
    "time": "amc",
    "revenue": null,
    "revenueEstimated": null,
    "updatedFromDate": "2025-10-02",
    "fiscalDateEnding": "2026-01-31"
  },
  {
    "date": "2025-11-18",
    "symbol": "KEYS",
    "eps": null,
    "epsEstimated": 1.83,
    "time": "bmo",
    "revenue": null,
    "revenueEstimated": null,
    "updatedFromDate": "2025-10-02",
    "fiscalDateEnding": "2025-10-31"
  },
  {
    "date": "2025-08-19",
    "symbol": "KEYS",
    "eps": 1.72,
    "epsEstimated": 1.67,
    "time": "amc",
    "revenue": 1352000000,
    "revenueEstimated": 1317707071,
    "updatedFromDate": "2025-10-02",
    "fiscalDateEnding": "2025-07-31"
  },
  {
    "date": "2025-05-20",
    "symbol": "KEYS",
    "eps": 1.7,
    "epsEstimated": 1.65,
    "time": "amc",
    "revenue": 1306000000,
    "revenueEstimated": 1282028796,
    "updatedFromDate": "2025-08-20",
    "fiscalDateEnding": "2025-04-30"
  },
  {
    "date": "2025-02-25",
    "symbol": "KEYS",
    "eps": 1.82,
    "epsEstimated": 1.69,
    "time": "amc",
    "revenue": 1298000000,
    "revenueEstimated": 1276004487,
    "updatedFromDate": "2025-05-21",
    "fiscalDateEnding": "2025-01-31"
  },
  {
    "date": "2024-11-19",
    "symbol": "KEYS",
    "eps": 1.65,
    "epsEstimated": 1.57,
    "time": "amc",
    "revenue": 1287000000,
    "revenueEstimated": 1258483942,
    "updatedFromDate": "2024-11-20",
    "fiscalDateEnding": "2024-10-31"
  },
  {
    "date": "2024-08-20",
    "symbol": "KEYS",
    "eps": 1.57,
    "epsEstimated": 1.35,
    "time": "amc",
    "revenue": 1217000000,
    "revenueEstimated": 1194112704,
    "updatedFromDate": "2025-04-25",
    "fiscalDateEnding": "2024-07-31"
  },
  {
    "date": "2024-05-20",
    "symbol": "KEYS",
    "eps": 1.41,
    "epsEstimated": 1.39,
    "time": "amc",
    "revenue": 1216000000,
    "revenueEstimated": 1202961629,
    "updatedFromDate": "2025-04-25",
    "fiscalDateEnding": "2024-04-30"
  },
  {
    "date": "2024-02-20",
    "symbol": "KEYS",
    "eps": 1.63,
    "epsEstimated": 1.59,
    "time": "amc",
    "revenue": 1259000000,
    "revenueEstimated": 1247988602,
    "updatedFromDate": "2025-04-25",
    "fiscalDateEnding": "2024-01-31"
  },
  {
    "date": "2023-11-20",
    "symbol": "KEYS",
    "eps": 1.99,
    "epsEstimated": 1.87,
    "time": "amc",
    "revenue": 1311000000,
    "revenueEstimated": 1302900000,
    "updatedFromDate": "2025-04-25",
    "fiscalDateEnding": "2023-10-31"
  },
  {
    "date": "2023-08-17",
    "symbol": "KEYS",
    "eps": 2.19,
    "epsEstimated": 2.04,
    "time": "amc",
    "revenue": 1382000000,
    "revenueEstimated": 1382890000,
    "updatedFromDate": "2025-04-25",
    "fiscalDateEnding": "2023-07-31"
  },
  {
    "date": "2023-05-16",
    "symbol": "KEYS",
    "eps": 2.12,
    "epsEstimated": 1.94,
    "time": "amc",
    "revenue": 1390000000,
    "revenueEstimated": 1383010000,
    "updatedFromDate": "2025-04-25",
    "fiscalDateEnding": "2023-04-30"
  },
  {
    "date": "2023-02-21",
    "symbol": "KEYS",
    "eps": 2.02,
    "epsEstimated": 1.85,
    "time": "amc",
    "revenue": 1381000000,
    "revenueEstimated": 1370094100,
    "updatedFromDate": "2025-04-25",
    "fiscalDateEnding": "2023-01-31"
  },
  {
    "date": "2022-11-17",
    "symbol": "KEYS",
    "eps": 2.14,
    "epsEstimated": 1.99,
    "time": "amc",
    "revenue": 1443000000,
    "revenueEstimated": 1398130000,
    "updatedFromDate": "2025-04-25",
    "fiscalDateEnding": "2022-10-31"
  },
  {
    "date": "2022-08-17",
    "symbol": "KEYS",
    "eps": 2.01,
    "epsEstimated": 1.78,
    "time": "amc",
    "revenue": 1376000000,
    "revenueEstimated": 1345617799,
    "updatedFromDate": "2025-04-25",
    "fiscalDateEnding": "2022-07-31"
  },
  {
    "date": "2022-05-17",
    "symbol": "KEYS",
    "eps": 1.83,
    "epsEstimated": 1.67,
    "time": "amc",
    "revenue": 1351000000,
    "revenueEstimated": 1302316178,
    "updatedFromDate": "2025-04-25",
    "fiscalDateEnding": "2022-04-30"
  },
  {
    "date": "2022-02-17",
    "symbol": "KEYS",
    "eps": 1.65,
    "epsEstimated": 1.57,
    "time": "amc",
    "revenue": 1250000000,
    "revenueEstimated": 1244446000,
    "updatedFromDate": "2025-04-25",
    "fiscalDateEnding": "2022-01-31"
  },
  {
    "date": "2021-11-22",
    "symbol": "KEYS",
    "eps": 1.82,
    "epsEstimated": 1.64,
    "time": "amc",
    "revenue": 1294000000,
    "revenueEstimated": 1241530000,
    "updatedFromDate": "2025-04-25",
    "fiscalDateEnding": "2021-10-31"
  },
  {
    "date": "2021-08-18",
    "symbol": "KEYS",
    "eps": 1.54,
    "epsEstimated": 1.44,
    "time": "amc",
    "revenue": 1246000000,
    "revenueEstimated": 1267790000,
    "updatedFromDate": "2025-04-25",
    "fiscalDateEnding": "2021-07-31"
  },
  {
    "date": "2021-05-19",
    "symbol": "KEYS",
    "eps": 1.44,
    "epsEstimated": 1.34,
    "time": "amc",
    "revenue": 1221000000,
    "revenueEstimated": 1204310000,
    "updatedFromDate": "2025-04-25",
    "fiscalDateEnding": "2021-04-30"
  },
  {
    "date": "2021-02-18",
    "symbol": "KEYS",
    "eps": 1.43,
    "epsEstimated": 1.38,
    "time": "amc",
    "revenue": 1180000000,
    "revenueEstimated": 1128321167,
    "updatedFromDate": "2025-04-25",
    "fiscalDateEnding": "2021-01-31"
  },
  {
    "date": "2020-11-18",
    "symbol": "KEYS",
    "eps": 1.62,
    "epsEstimated": 1.46,
    "time": "amc",
    "revenue": 1220000000,
    "revenueEstimated": 1086301369,
    "updatedFromDate": "2025-04-25",
    "fiscalDateEnding": "2020-10-31"
  },
  {
    "date": "2020-08-20",
    "symbol": "KEYS",
    "eps": 1.19,
    "epsEstimated": 0.83,
    "time": "amc",
    "revenue": 1011000000,
    "revenueEstimated": 705151260,
    "updatedFromDate": "2025-04-25",
    "fiscalDateEnding": "2020-07-31"
  },
  {
    "date": "2020-05-26",
    "symbol": "KEYS",
    "eps": 0.78,
    "epsEstimated": 1,
    "time": "amc",
    "revenue": 895000000,
    "revenueEstimated": 1331025641,
    "updatedFromDate": "2025-04-25",
    "fiscalDateEnding": "2020-04-30"
  },
  {
    "date": "2020-02-24",
    "symbol": "KEYS",
    "eps": 1.26,
    "epsEstimated": 1.08,
    "time": "amc",
    "revenue": 1095000000,
    "revenueEstimated": 938571428,
    "updatedFromDate": "2025-04-25",
    "fiscalDateEnding": "2020-01-31"
  },
  {
    "date": "2019-11-26",
    "symbol": "KEYS",
    "eps": 1.33,
    "epsEstimated": 1.18,
    "time": "amc",
    "revenue": 1120000000,
    "revenueEstimated": 993684210,
    "updatedFromDate": "2025-04-25",
    "fiscalDateEnding": "2019-10-31"
  },
  {
    "date": "2019-08-21",
    "symbol": "KEYS",
    "eps": 1.25,
    "epsEstimated": 1.02,
    "time": "amc",
    "revenue": 1087000000,
    "revenueEstimated": 886992000,
    "updatedFromDate": "2025-04-25",
    "fiscalDateEnding": "2019-07-31"
  },
  {
    "date": "2019-05-29",
    "symbol": "KEYS",
    "eps": 1.22,
    "epsEstimated": 0.98,
    "time": "amc",
    "revenue": 1090000000,
    "revenueEstimated": 884508196,
    "updatedFromDate": "2025-04-25",
    "fiscalDateEnding": "2019-04-30"
  },
  {
    "date": "2019-02-21",
    "symbol": "KEYS",
    "eps": 0.93,
    "epsEstimated": 0.79,
    "time": "amc",
    "revenue": 1006000000,
    "revenueEstimated": 865376344,
    "updatedFromDate": "2025-04-25",
    "fiscalDateEnding": "2019-01-31"
  },
  {
    "date": "2018-11-20",
    "symbol": "KEYS",
    "eps": 1.01,
    "epsEstimated": 0.91,
    "time": "amc",
    "revenue": 1047000000,
    "revenueEstimated": 943336633,
    "updatedFromDate": "2025-04-25",
    "fiscalDateEnding": "2018-10-31"
  },
  {
    "date": "2018-08-21",
    "symbol": "KEYS",
    "eps": 0.89,
    "epsEstimated": 0.8,
    "time": "amc",
    "revenue": 1004000000,
    "revenueEstimated": 891191011,
    "updatedFromDate": "2025-04-25",
    "fiscalDateEnding": "2018-07-31"
  },
  {
    "date": "2018-05-30",
    "symbol": "KEYS",
    "eps": 0.83,
    "epsEstimated": 0.83,
    "time": "amc",
    "revenue": 990000000,
    "revenueEstimated": 990000000,
    "updatedFromDate": "2025-04-25",
    "fiscalDateEnding": "2018-04-30"
  },
  {
    "date": "2018-03-01",
    "symbol": "KEYS",
    "eps": 0.51,
    "epsEstimated": 0.39,
    "time": "amc",
    "revenue": 837000000,
    "revenueEstimated": 640058823,
    "updatedFromDate": "2025-04-25",
    "fiscalDateEnding": "2018-01-31"
  },
  {
    "date": "2017-12-06",
    "symbol": "KEYS",
    "eps": 0.71,
    "epsEstimated": 0.65,
    "time": "amc",
    "revenue": 878000000,
    "revenueEstimated": 791436619,
    "updatedFromDate": "2025-04-25",
    "fiscalDateEnding": "2017-10-31"
  },
  {
    "date": "2017-08-30",
    "symbol": "KEYS",
    "eps": 0.61,
    "epsEstimated": 0.6,
    "time": "amc",
    "revenue": 832000000,
    "revenueEstimated": 818360655,
    "updatedFromDate": "2025-04-25",
    "fiscalDateEnding": "2017-07-31"
  },
  {
    "date": "2017-06-06",
    "symbol": "KEYS",
    "eps": 0.64,
    "epsEstimated": 0.58,
    "time": "amc",
    "revenue": 753000000,
    "revenueEstimated": 647109375,
    "updatedFromDate": "2025-04-25",
    "fiscalDateEnding": "2017-04-30"
  },
  {
    "date": "2017-02-16",
    "symbol": "KEYS",
    "eps": 0.57,
    "epsEstimated": 0.56,
    "time": "amc",
    "revenue": 726000000,
    "revenueEstimated": 713263157,
    "updatedFromDate": "2025-04-25",
    "fiscalDateEnding": "2017-01-31"
  },
  {
    "date": "2016-11-17",
    "symbol": "KEYS",
    "eps": 0.64,
    "epsEstimated": 0.64,
    "time": "amc",
    "revenue": 751000000,
    "revenueEstimated": 751000000,
    "updatedFromDate": "2025-04-25",
    "fiscalDateEnding": "2016-10-31"
  },
  {
    "date": "2016-08-17",
    "symbol": "KEYS",
    "eps": 0.63,
    "epsEstimated": 0.6,
    "time": "amc",
    "revenue": 715000000,
    "revenueEstimated": 680952380,
    "updatedFromDate": "2025-04-25",
    "fiscalDateEnding": "2016-07-31"
  }
]