[
  {
    "date": "2026-04-27",
    "symbol": "KHC",
    "eps": null,
    "epsEstimated": null,
    "time": "bmo",
    "revenue": null,
    "revenueEstimated": null,
    "updatedFromDate": "2025-10-02",
    "fiscalDateEnding": "2026-03-28"
  },
  {
    "date": "2026-02-10",
    "symbol": "KHC",
    "eps": null,
    "epsEstimated": null,
    "time": "bmo",
    "revenue": null,
    "revenueEstimated": null,
    "updatedFromDate": "2025-10-02",
    "fiscalDateEnding": "2025-12-28"
  },
  {
    "date": "2025-10-29",
    "symbol": "KHC",
    "eps": null,
    "epsEstimated": 0.58,
    "time": "bmo",
    "revenue": null,
    "revenueEstimated": 6269614500,
    "updatedFromDate": "2025-10-02",
    "fiscalDateEnding": "2025-09-28"
  },
  {
    "date": "2025-07-30",
    "symbol": "KHC",
    "eps": 0.69,
    "epsEstimated": 0.637,
    "time": "bmo",
    "revenue": 6352000000,
    "revenueEstimated": 6267547500,
    "updatedFromDate": "2025-10-02",
    "fiscalDateEnding": "2025-06-28"
  },
  {
    "date": "2025-04-29",
    "symbol": "KHC",
    "eps": 0.62,
    "epsEstimated": 0.601,
    "time": "bmo",
    "revenue": 5999000000,
    "revenueEstimated": 6017061966,
    "updatedFromDate": "2025-07-29",
    "fiscalDateEnding": "2025-03-29"
  },
  {
    "date": "2025-02-12",
    "symbol": "KHC",
    "eps": 0.84,
    "epsEstimated": 0.78,
    "time": "bmo",
    "revenue": 6576000000,
    "revenueEstimated": 6662772127,
    "updatedFromDate": "2025-05-11",
    "fiscalDateEnding": "2024-12-28"
  },
  {
    "date": "2024-10-30",
    "symbol": "KHC",
    "eps": 0.75,
    "epsEstimated": 0.743,
    "time": "bmo",
    "revenue": 6383000000,
    "revenueEstimated": 6416435911,
    "updatedFromDate": "2025-04-21",
    "fiscalDateEnding": "2024-09-28"
  },
  {
    "date": "2024-07-31",
    "symbol": "KHC",
    "eps": 0.78,
    "epsEstimated": 0.734,
    "time": "bmo",
    "revenue": 6476000000,
    "revenueEstimated": 6546283379,
    "updatedFromDate": "2025-04-21",
    "fiscalDateEnding": "2024-06-29"
  },
  {
    "date": "2024-05-01",
    "symbol": "KHC",
    "eps": 0.69,
    "epsEstimated": 0.69,
    "time": "bmo",
    "revenue": 6411000000,
    "revenueEstimated": 6429091341,
    "updatedFromDate": "2025-04-21",
    "fiscalDateEnding": "2024-03-30"
  },
  {
    "date": "2024-02-14",
    "symbol": "KHC",
    "eps": 0.78,
    "epsEstimated": 0.77,
    "time": "bmo",
    "revenue": 6860000000,
    "revenueEstimated": 6984840000,
    "updatedFromDate": "2025-04-21",
    "fiscalDateEnding": "2023-12-30"
  },
  {
    "date": "2023-11-01",
    "symbol": "KHC",
    "eps": 0.72,
    "epsEstimated": 0.66,
    "time": "bmo",
    "revenue": 6570000000,
    "revenueEstimated": 6337370000,
    "updatedFromDate": "2025-04-21",
    "fiscalDateEnding": "2023-09-30"
  },
  {
    "date": "2023-08-02",
    "symbol": "KHC",
    "eps": 0.79,
    "epsEstimated": 0.76,
    "time": "bmo",
    "revenue": 6721000000,
    "revenueEstimated": 6811070000,
    "updatedFromDate": "2025-04-21",
    "fiscalDateEnding": "2023-07-01"
  },
  {
    "date": "2023-05-03",
    "symbol": "KHC",
    "eps": 0.68,
    "epsEstimated": 0.6,
    "time": "bmo",
    "revenue": 6489000000,
    "revenueEstimated": 6402050000,
    "updatedFromDate": "2025-04-21",
    "fiscalDateEnding": "2023-04-01"
  },
  {
    "date": "2023-02-15",
    "symbol": "KHC",
    "eps": 0.85,
    "epsEstimated": 0.78,
    "time": "bmo",
    "revenue": 7381000000,
    "revenueEstimated": 7258815131,
    "updatedFromDate": "2025-04-21",
    "fiscalDateEnding": "2022-12-31"
  },
  {
    "date": "2022-10-26",
    "symbol": "KHC",
    "eps": 0.63,
    "epsEstimated": 0.55,
    "time": "bmo",
    "revenue": 6505000000,
    "revenueEstimated": 6268962265,
    "updatedFromDate": "2025-04-21",
    "fiscalDateEnding": "2022-09-24"
  },
  {
    "date": "2022-07-27",
    "symbol": "KHC",
    "eps": 0.7,
    "epsEstimated": 0.67,
    "time": "bmo",
    "revenue": 6554000000,
    "revenueEstimated": 6384864496,
    "updatedFromDate": "2025-04-21",
    "fiscalDateEnding": "2022-06-25"
  },
  {
    "date": "2022-04-27",
    "symbol": "KHC",
    "eps": 0.6,
    "epsEstimated": 0.53,
    "time": "bmo",
    "revenue": 6045000000,
    "revenueEstimated": 5826198948,
    "updatedFromDate": "2025-04-21",
    "fiscalDateEnding": "2022-03-26"
  },
  {
    "date": "2022-02-16",
    "symbol": "KHC",
    "eps": 0.79,
    "epsEstimated": 0.62,
    "time": "bmo",
    "revenue": 6709000000,
    "revenueEstimated": 6603381802,
    "updatedFromDate": "2025-04-21",
    "fiscalDateEnding": "2021-12-25"
  },
  {
    "date": "2021-10-27",
    "symbol": "KHC",
    "eps": 0.65,
    "epsEstimated": 0.58,
    "time": "bmo",
    "revenue": 6324000000,
    "revenueEstimated": 6039580000,
    "updatedFromDate": "2025-04-21",
    "fiscalDateEnding": "2021-09-25"
  },
  {
    "date": "2021-08-04",
    "symbol": "KHC",
    "eps": 0.78,
    "epsEstimated": 0.73,
    "time": "bmo",
    "revenue": 6615000000,
    "revenueEstimated": 6551310000,
    "updatedFromDate": "2025-04-21",
    "fiscalDateEnding": "2021-06-26"
  },
  {
    "date": "2021-04-29",
    "symbol": "KHC",
    "eps": 0.72,
    "epsEstimated": 0.6,
    "time": "bmo",
    "revenue": 6394000000,
    "revenueEstimated": 6246960000,
    "updatedFromDate": "2025-04-21",
    "fiscalDateEnding": "2021-03-27"
  },
  {
    "date": "2021-02-11",
    "symbol": "KHC",
    "eps": 0.8,
    "epsEstimated": 0.74,
    "time": "bmo",
    "revenue": 6939000000,
    "revenueEstimated": 6774540000,
    "updatedFromDate": "2025-04-21",
    "fiscalDateEnding": "2020-12-26"
  },
  {
    "date": "2020-10-29",
    "symbol": "KHC",
    "eps": 0.7,
    "epsEstimated": 0.63,
    "time": "bmo",
    "revenue": 6441000000,
    "revenueEstimated": 17046457142,
    "updatedFromDate": "2025-04-21",
    "fiscalDateEnding": "2020-09-26"
  },
  {
    "date": "2020-07-30",
    "symbol": "KHC",
    "eps": 0.8,
    "epsEstimated": 0.64,
    "time": "bmo",
    "revenue": 6648000000,
    "revenueEstimated": 5401500000,
    "updatedFromDate": "2025-04-21",
    "fiscalDateEnding": "2020-06-27"
  },
  {
    "date": "2020-04-30",
    "symbol": "KHC",
    "eps": 0.58,
    "epsEstimated": 0.54,
    "time": "bmo",
    "revenue": 6157000000,
    "revenueEstimated": 5838534482,
    "updatedFromDate": "2025-04-21",
    "fiscalDateEnding": "2020-03-28"
  },
  {
    "date": "2020-02-13",
    "symbol": "KHC",
    "eps": 0.72,
    "epsEstimated": 0.68,
    "time": "bmo",
    "revenue": 6536000000,
    "revenueEstimated": 6172888888,
    "updatedFromDate": "2025-04-21",
    "fiscalDateEnding": "2019-12-28"
  },
  {
    "date": "2019-10-31",
    "symbol": "KHC",
    "eps": 0.69,
    "epsEstimated": 0.54,
    "time": "bmo",
    "revenue": 6076000000,
    "revenueEstimated": 4755130434,
    "updatedFromDate": "2025-04-21",
    "fiscalDateEnding": "2019-09-28"
  },
  {
    "date": "2019-08-13",
    "symbol": "KHC",
    "eps": 0.3674,
    "epsEstimated": null,
    "time": "bmo",
    "revenue": 6406000000,
    "revenueEstimated": null,
    "updatedFromDate": "2025-04-21",
    "fiscalDateEnding": "2019-06-29"
  },
  {
    "date": "2019-08-08",
    "symbol": "KHC",
    "eps": 0.78,
    "epsEstimated": 0.75,
    "time": "bmo",
    "revenue": 5959000000,
    "revenueEstimated": 6159615384,
    "updatedFromDate": "2025-04-21",
    "fiscalDateEnding": "2019-03-30"
  },
  {
    "date": "2019-02-21",
    "symbol": "KHC",
    "eps": 0.84,
    "epsEstimated": 0.93,
    "time": "amc",
    "revenue": 6900000000,
    "revenueEstimated": 7624085106,
    "updatedFromDate": "2025-04-21",
    "fiscalDateEnding": "2018-12-29"
  },
  {
    "date": "2018-11-01",
    "symbol": "KHC",
    "eps": 0.78,
    "epsEstimated": 0.81,
    "time": "amc",
    "revenue": 6383000000,
    "revenueEstimated": 6628500000,
    "updatedFromDate": "2025-04-21",
    "fiscalDateEnding": "2018-09-29"
  },
  {
    "date": "2018-08-03",
    "symbol": "KHC",
    "eps": 1,
    "epsEstimated": 0.91,
    "time": "bmo",
    "revenue": 6690000000,
    "revenueEstimated": 6154800000,
    "updatedFromDate": "2025-04-21",
    "fiscalDateEnding": "2018-06-30"
  },
  {
    "date": "2018-05-02",
    "symbol": "KHC",
    "eps": 0.89,
    "epsEstimated": 0.82,
    "time": "amc",
    "revenue": 6304000000,
    "revenueEstimated": 5808179775,
    "updatedFromDate": "2025-04-21",
    "fiscalDateEnding": "2018-03-31"
  },
  {
    "date": "2018-02-16",
    "symbol": "KHC",
    "eps": 0.9,
    "epsEstimated": 0.95,
    "time": "bmo",
    "revenue": 6877000000,
    "revenueEstimated": 7214722222,
    "updatedFromDate": "2025-04-21",
    "fiscalDateEnding": "2017-12-30"
  },
  {
    "date": "2017-11-01",
    "symbol": "KHC",
    "eps": 0.83,
    "epsEstimated": 0.82,
    "time": "amc",
    "revenue": 6280000000,
    "revenueEstimated": 6204337349,
    "updatedFromDate": "2025-04-21",
    "fiscalDateEnding": "2017-09-30"
  },
  {
    "date": "2017-08-03",
    "symbol": "KHC",
    "eps": 0.98,
    "epsEstimated": 0.95,
    "time": "amc",
    "revenue": 6637000000,
    "revenueEstimated": 6433826530,
    "updatedFromDate": "2025-04-21",
    "fiscalDateEnding": "2017-07-01"
  },
  {
    "date": "2017-05-03",
    "symbol": "KHC",
    "eps": 0.84,
    "epsEstimated": 0.86,
    "time": "amc",
    "revenue": 6324000000,
    "revenueEstimated": 6474571428,
    "updatedFromDate": "2025-04-21",
    "fiscalDateEnding": "2017-04-01"
  },
  {
    "date": "2017-02-15",
    "symbol": "KHC",
    "eps": 0.91,
    "epsEstimated": 0.88,
    "time": "amc",
    "revenue": 6857000000,
    "revenueEstimated": 6450109890,
    "updatedFromDate": "2025-04-21",
    "fiscalDateEnding": "2016-12-31"
  },
  {
    "date": "2016-11-03",
    "symbol": "KHC",
    "eps": 0.83,
    "epsEstimated": 0.75,
    "time": "amc",
    "revenue": 6267000000,
    "revenueEstimated": 5662951807,
    "updatedFromDate": "2025-04-21",
    "fiscalDateEnding": "2016-10-02"
  },
  {
    "date": "2016-08-04",
    "symbol": "KHC",
    "eps": 0.85,
    "epsEstimated": 0.71,
    "time": "amc",
    "revenue": 6793000000,
    "revenueEstimated": 5754070588,
    "updatedFromDate": "2025-04-21",
    "fiscalDateEnding": "2016-07-03"
  }
]