[
  {
    "date": "2025-10-30",
    "symbol": "KIM",
    "eps": null,
    "epsEstimated": 0.43,
    "time": "bmo",
    "revenue": null,
    "revenueEstimated": 522313120,
    "updatedFromDate": "2025-10-02",
    "fiscalDateEnding": "2025-09-30"
  },
  {
    "date": "2025-07-31",
    "symbol": "KIM",
    "eps": 0.44,
    "epsEstimated": 0.43,
    "time": "bmo",
    "revenue": 525174999,
    "revenueEstimated": 522655250,
    "updatedFromDate": "2025-10-02",
    "fiscalDateEnding": "2025-06-30"
  },
  {
    "date": "2025-05-01",
    "symbol": "KIM",
    "eps": 0.44,
    "epsEstimated": 0.42,
    "time": "bmo",
    "revenue": 536624000,
    "revenueEstimated": 524749880,
    "updatedFromDate": "2025-09-25",
    "fiscalDateEnding": "2025-03-31"
  },
  {
    "date": "2025-02-07",
    "symbol": "KIM",
    "eps": 0.42,
    "epsEstimated": 0.42,
    "time": "bmo",
    "revenue": 525397000,
    "revenueEstimated": 520679900,
    "updatedFromDate": "2025-09-25",
    "fiscalDateEnding": "2024-12-31"
  },
  {
    "date": "2024-10-31",
    "symbol": "KIM",
    "eps": 0.43,
    "epsEstimated": 0.41,
    "time": "bmo",
    "revenue": 507632000,
    "revenueEstimated": 511271000,
    "updatedFromDate": "2025-09-25",
    "fiscalDateEnding": "2024-09-30"
  },
  {
    "date": "2024-08-01",
    "symbol": "KIM",
    "eps": 0.41,
    "epsEstimated": 0.4,
    "time": "bmo",
    "revenue": 500231000,
    "revenueEstimated": 496410000,
    "updatedFromDate": "2025-09-25",
    "fiscalDateEnding": "2024-06-30"
  },
  {
    "date": "2024-05-02",
    "symbol": "KIM",
    "eps": 0.39,
    "epsEstimated": 0.38,
    "time": "bmo",
    "revenue": 503754000,
    "revenueEstimated": 482236328,
    "updatedFromDate": "2025-09-25",
    "fiscalDateEnding": "2024-03-31"
  },
  {
    "date": "2024-02-08",
    "symbol": "KIM",
    "eps": 0.39,
    "epsEstimated": 0.39,
    "time": "bmo",
    "revenue": 451603000,
    "revenueEstimated": 446852128,
    "updatedFromDate": "2025-09-25",
    "fiscalDateEnding": "2023-12-31"
  },
  {
    "date": "2023-10-26",
    "symbol": "KIM",
    "eps": 0.4,
    "epsEstimated": 0.39,
    "time": "bmo",
    "revenue": 446065000,
    "revenueEstimated": 448250000,
    "updatedFromDate": "2025-09-25",
    "fiscalDateEnding": "2023-09-30"
  },
  {
    "date": "2023-07-27",
    "symbol": "KIM",
    "eps": 0.39,
    "epsEstimated": 0.39,
    "time": "bmo",
    "revenue": 442840000,
    "revenueEstimated": 434750000,
    "updatedFromDate": "2025-09-25",
    "fiscalDateEnding": "2023-06-30"
  },
  {
    "date": "2023-04-27",
    "symbol": "KIM",
    "eps": 0.46,
    "epsEstimated": 0.2,
    "time": "bmo",
    "revenue": 442892000,
    "revenueEstimated": 435830000,
    "updatedFromDate": "2025-09-25",
    "fiscalDateEnding": "2023-03-31"
  },
  {
    "date": "2023-02-09",
    "symbol": "KIM",
    "eps": 0.38,
    "epsEstimated": 0.39,
    "time": "bmo",
    "revenue": 439834000,
    "revenueEstimated": 427842620,
    "updatedFromDate": "2025-09-25",
    "fiscalDateEnding": "2022-12-31"
  },
  {
    "date": "2022-10-27",
    "symbol": "KIM",
    "eps": 0.41,
    "epsEstimated": 0.39,
    "time": "bmo",
    "revenue": 433403000,
    "revenueEstimated": 420203376,
    "updatedFromDate": "2025-09-25",
    "fiscalDateEnding": "2022-09-30"
  },
  {
    "date": "2022-07-28",
    "symbol": "KIM",
    "eps": 0.4,
    "epsEstimated": 0.38,
    "time": "bmo",
    "revenue": 427198000,
    "revenueEstimated": 415745353,
    "updatedFromDate": "2025-09-25",
    "fiscalDateEnding": "2022-06-30"
  },
  {
    "date": "2022-04-28",
    "symbol": "KIM",
    "eps": 0.37,
    "epsEstimated": 0.15,
    "time": "bmo",
    "revenue": 427249000,
    "revenueEstimated": 417134393,
    "updatedFromDate": "2025-09-25",
    "fiscalDateEnding": "2022-03-31"
  },
  {
    "date": "2022-02-10",
    "symbol": "KIM",
    "eps": 0.39,
    "epsEstimated": 0.37,
    "time": "bmo",
    "revenue": 424654000,
    "revenueEstimated": 392634425,
    "updatedFromDate": "2025-09-25",
    "fiscalDateEnding": "2021-12-31"
  },
  {
    "date": "2021-11-05",
    "symbol": "KIM",
    "eps": 0.32,
    "epsEstimated": 0.3,
    "time": "bmo",
    "revenue": 368607000,
    "revenueEstimated": 357680000,
    "updatedFromDate": "2025-09-25",
    "fiscalDateEnding": "2021-09-30"
  },
  {
    "date": "2021-07-29",
    "symbol": "KIM",
    "eps": 0.26,
    "epsEstimated": 0.12,
    "time": "bmo",
    "revenue": 289016000,
    "revenueEstimated": 272000000,
    "updatedFromDate": "2025-09-25",
    "fiscalDateEnding": "2021-06-30"
  },
  {
    "date": "2021-04-29",
    "symbol": "KIM",
    "eps": 0.3,
    "epsEstimated": 0.1,
    "time": "bmo",
    "revenue": 282308000,
    "revenueEstimated": 282307999,
    "updatedFromDate": "2025-09-25",
    "fiscalDateEnding": "2021-03-31"
  },
  {
    "date": "2021-02-11",
    "symbol": "KIM",
    "eps": 0.31,
    "epsEstimated": 0.3,
    "time": "bmo",
    "revenue": 269441000,
    "revenueEstimated": 606242249,
    "updatedFromDate": "2025-09-25",
    "fiscalDateEnding": "2020-12-31"
  },
  {
    "date": "2020-11-05",
    "symbol": "KIM",
    "eps": 0.25,
    "epsEstimated": 0.26,
    "time": "bmo",
    "revenue": 259792000,
    "revenueEstimated": 857313600,
    "updatedFromDate": "2025-09-25",
    "fiscalDateEnding": "2020-09-30"
  },
  {
    "date": "2020-08-07",
    "symbol": "KIM",
    "eps": 0.24,
    "epsEstimated": 0.23,
    "time": "bmo",
    "revenue": 238916000,
    "revenueEstimated": 9780187.13,
    "updatedFromDate": "2025-09-25",
    "fiscalDateEnding": "2020-06-30"
  },
  {
    "date": "2020-05-08",
    "symbol": "KIM",
    "eps": 0.37,
    "epsEstimated": 0.36,
    "time": "bmo",
    "revenue": 289744000,
    "revenueEstimated": 274494315,
    "updatedFromDate": "2025-09-25",
    "fiscalDateEnding": "2020-03-31"
  },
  {
    "date": "2020-01-30",
    "symbol": "KIM",
    "eps": 0.37,
    "epsEstimated": 0.36,
    "time": "bmo",
    "revenue": 296130000,
    "revenueEstimated": 228827727,
    "updatedFromDate": "2025-09-25",
    "fiscalDateEnding": "2019-12-31"
  },
  {
    "date": "2019-10-24",
    "symbol": "KIM",
    "eps": 0.37,
    "epsEstimated": 0.36,
    "time": "bmo",
    "revenue": 282871000,
    "revenueEstimated": 343486214,
    "updatedFromDate": "2025-09-25",
    "fiscalDateEnding": "2019-09-30"
  },
  {
    "date": "2019-07-25",
    "symbol": "KIM",
    "eps": 0.36,
    "epsEstimated": 0.36,
    "time": "bmo",
    "revenue": 284873000,
    "revenueEstimated": 242142050,
    "updatedFromDate": "2025-09-25",
    "fiscalDateEnding": "2019-06-30"
  },
  {
    "date": "2019-05-02",
    "symbol": "KIM",
    "eps": 0.37,
    "epsEstimated": 0.36,
    "time": "bmo",
    "revenue": 295010000,
    "revenueEstimated": 196673333,
    "updatedFromDate": "2025-09-25",
    "fiscalDateEnding": "2019-03-31"
  },
  {
    "date": "2019-01-31",
    "symbol": "KIM",
    "eps": 0.35,
    "epsEstimated": 0.35,
    "time": "bmo",
    "revenue": 284201000,
    "revenueEstimated": 250765588,
    "updatedFromDate": "2025-09-25",
    "fiscalDateEnding": "2018-12-31"
  },
  {
    "date": "2018-10-25",
    "symbol": "KIM",
    "eps": 0.36,
    "epsEstimated": 0.36,
    "time": "bmo",
    "revenue": 283080000,
    "revenueEstimated": 193700000,
    "updatedFromDate": "2025-09-25",
    "fiscalDateEnding": "2018-09-30"
  },
  {
    "date": "2018-07-26",
    "symbol": "KIM",
    "eps": 0.36,
    "epsEstimated": 0.16,
    "time": "bmo",
    "revenue": 293403000,
    "revenueEstimated": 272314656,
    "updatedFromDate": "2025-09-25",
    "fiscalDateEnding": "2018-06-30"
  },
  {
    "date": "2018-04-26",
    "symbol": "KIM",
    "eps": 0.3,
    "epsEstimated": 0.15,
    "time": "bmo",
    "revenue": 304078000,
    "revenueEstimated": 152050000,
    "updatedFromDate": "2025-09-25",
    "fiscalDateEnding": "2018-03-31"
  },
  {
    "date": "2018-02-15",
    "symbol": "KIM",
    "eps": 0.38,
    "epsEstimated": 0.38,
    "time": "bmo",
    "revenue": 315225000,
    "revenueEstimated": 278117647,
    "updatedFromDate": "2025-09-25",
    "fiscalDateEnding": "2017-12-31"
  },
  {
    "date": "2017-10-25",
    "symbol": "KIM",
    "eps": 0.38,
    "epsEstimated": 0.37,
    "time": "amc",
    "revenue": 294845000,
    "revenueEstimated": 252602782,
    "updatedFromDate": "2025-09-25",
    "fiscalDateEnding": "2017-09-30"
  },
  {
    "date": "2017-07-26",
    "symbol": "KIM",
    "eps": 0.31,
    "epsEstimated": 0.14,
    "time": "amc",
    "revenue": 297176000,
    "revenueEstimated": 236414119,
    "updatedFromDate": "2025-09-25",
    "fiscalDateEnding": "2017-06-30"
  },
  {
    "date": "2017-04-26",
    "symbol": "KIM",
    "eps": 0.37,
    "epsEstimated": 0.37,
    "time": "amc",
    "revenue": 293588000,
    "revenueEstimated": 274026666,
    "updatedFromDate": "2025-09-25",
    "fiscalDateEnding": "2017-03-31"
  },
  {
    "date": "2017-02-02",
    "symbol": "KIM",
    "eps": 0.38,
    "epsEstimated": 0.38,
    "time": "amc",
    "revenue": 297026000,
    "revenueEstimated": 259875000,
    "updatedFromDate": "2025-09-25",
    "fiscalDateEnding": "2016-12-31"
  },
  {
    "date": "2016-10-27",
    "symbol": "KIM",
    "eps": 0.38,
    "epsEstimated": 0.17,
    "time": "amc",
    "revenue": 285076000,
    "revenueEstimated": 264586160,
    "updatedFromDate": "2025-09-25",
    "fiscalDateEnding": "2016-09-30"
  },
  {
    "date": "2016-07-27",
    "symbol": "KIM",
    "eps": 0.46,
    "epsEstimated": 0.16,
    "time": "amc",
    "revenue": 291488000,
    "revenueEstimated": 101391304,
    "updatedFromDate": "2025-09-25",
    "fiscalDateEnding": "2016-06-30"
  },
  {
    "date": "2016-04-27",
    "symbol": "KIM",
    "eps": 0.31,
    "epsEstimated": 0.14,
    "time": "amc",
    "revenue": 297202000,
    "revenueEstimated": 236434804,
    "updatedFromDate": "2025-09-25",
    "fiscalDateEnding": "2016-03-31"
  },
  {
    "date": "2016-02-02",
    "symbol": "KIM",
    "eps": 0.37,
    "epsEstimated": 0.35,
    "time": "amc",
    "revenue": 300870000,
    "revenueEstimated": 34586206,
    "updatedFromDate": "2025-09-25",
    "fiscalDateEnding": "2015-12-31"
  }
]