[
  {
    "date": "2026-04-29",
    "symbol": "KKR",
    "eps": null,
    "epsEstimated": null,
    "time": "bmo",
    "revenue": null,
    "revenueEstimated": null,
    "updatedFromDate": "2025-10-02",
    "fiscalDateEnding": "2026-03-30"
  },
  {
    "date": "2026-02-02",
    "symbol": "KKR",
    "eps": null,
    "epsEstimated": null,
    "time": "bmo",
    "revenue": null,
    "revenueEstimated": null,
    "updatedFromDate": "2025-10-02",
    "fiscalDateEnding": "2025-12-30"
  },
  {
    "date": "2025-10-23",
    "symbol": "KKR",
    "eps": null,
    "epsEstimated": 1.33,
    "time": "bmo",
    "revenue": null,
    "revenueEstimated": 2050427920,
    "updatedFromDate": "2025-10-02",
    "fiscalDateEnding": "2025-09-30"
  },
  {
    "date": "2025-07-31",
    "symbol": "KKR",
    "eps": 1.18,
    "epsEstimated": 1.14,
    "time": "bmo",
    "revenue": 5002879000,
    "revenueEstimated": 1778764852,
    "updatedFromDate": "2025-10-02",
    "fiscalDateEnding": "2025-06-30"
  },
  {
    "date": "2025-05-01",
    "symbol": "KKR",
    "eps": 1.15,
    "epsEstimated": 1.13,
    "time": "bmo",
    "revenue": 3054695000,
    "revenueEstimated": 1710215658,
    "updatedFromDate": "2025-08-01",
    "fiscalDateEnding": "2025-03-31"
  },
  {
    "date": "2025-02-04",
    "symbol": "KKR",
    "eps": 1.32,
    "epsEstimated": 1.3,
    "time": "bmo",
    "revenue": 3200380000,
    "revenueEstimated": 1991178073,
    "updatedFromDate": "2025-05-03",
    "fiscalDateEnding": "2024-12-31"
  },
  {
    "date": "2024-10-24",
    "symbol": "KKR",
    "eps": 1.38,
    "epsEstimated": 1.2,
    "time": "bmo",
    "revenue": 4731534000,
    "revenueEstimated": 1791382848,
    "updatedFromDate": "2025-04-25",
    "fiscalDateEnding": "2024-09-30"
  },
  {
    "date": "2024-07-31",
    "symbol": "KKR",
    "eps": 1.09,
    "epsEstimated": 1.06,
    "time": "bmo",
    "revenue": 4108021000,
    "revenueEstimated": 1666253859,
    "updatedFromDate": "2025-04-25",
    "fiscalDateEnding": "2024-06-30"
  },
  {
    "date": "2024-05-01",
    "symbol": "KKR",
    "eps": 0.97,
    "epsEstimated": 0.96,
    "time": "bmo",
    "revenue": 9600353000,
    "revenueEstimated": 1490673707,
    "updatedFromDate": "2025-04-25",
    "fiscalDateEnding": "2024-03-31"
  },
  {
    "date": "2024-02-06",
    "symbol": "KKR",
    "eps": 1,
    "epsEstimated": 0.91,
    "time": "bmo",
    "revenue": 4372746000,
    "revenueEstimated": 1612660000,
    "updatedFromDate": "2025-04-25",
    "fiscalDateEnding": "2023-12-31"
  },
  {
    "date": "2023-11-07",
    "symbol": "KKR",
    "eps": 0.88,
    "epsEstimated": 0.82,
    "time": "bmo",
    "revenue": 3273140000,
    "revenueEstimated": 1427217464,
    "updatedFromDate": "2025-04-25",
    "fiscalDateEnding": "2023-09-30"
  },
  {
    "date": "2023-08-07",
    "symbol": "KKR",
    "eps": 0.73,
    "epsEstimated": 0.71,
    "time": "bmo",
    "revenue": 3586660000,
    "revenueEstimated": 1169788820,
    "updatedFromDate": "2025-04-25",
    "fiscalDateEnding": "2023-06-30"
  },
  {
    "date": "2023-05-08",
    "symbol": "KKR",
    "eps": 0.81,
    "epsEstimated": 0.74,
    "time": "bmo",
    "revenue": 3090324000,
    "revenueEstimated": 1418440000,
    "updatedFromDate": "2025-04-25",
    "fiscalDateEnding": "2023-03-31"
  },
  {
    "date": "2023-02-07",
    "symbol": "KKR",
    "eps": 0.92,
    "epsEstimated": 0.86,
    "time": "bmo",
    "revenue": 2528695000,
    "revenueEstimated": 1414463072,
    "updatedFromDate": "2025-04-25",
    "fiscalDateEnding": "2022-12-31"
  },
  {
    "date": "2022-11-01",
    "symbol": "KKR",
    "eps": 0.93,
    "epsEstimated": 0.84,
    "time": "bmo",
    "revenue": 1820800000,
    "revenueEstimated": 1564874372,
    "updatedFromDate": "2025-04-25",
    "fiscalDateEnding": "2022-09-30"
  },
  {
    "date": "2022-08-02",
    "symbol": "KKR",
    "eps": 0.95,
    "epsEstimated": 0.93,
    "time": "bmo",
    "revenue": 290881000,
    "revenueEstimated": 1783953833,
    "updatedFromDate": "2025-04-25",
    "fiscalDateEnding": "2022-06-30"
  },
  {
    "date": "2022-05-03",
    "symbol": "KKR",
    "eps": 1.1,
    "epsEstimated": 0.98,
    "time": "bmo",
    "revenue": 999363000,
    "revenueEstimated": 1773117000,
    "updatedFromDate": "2025-04-25",
    "fiscalDateEnding": "2022-03-31"
  },
  {
    "date": "2022-02-08",
    "symbol": "KKR",
    "eps": 1.59,
    "epsEstimated": 1.21,
    "time": "bmo",
    "revenue": 4053596000,
    "revenueEstimated": 2034692125,
    "updatedFromDate": "2025-04-25",
    "fiscalDateEnding": "2021-12-31"
  },
  {
    "date": "2021-11-02",
    "symbol": "KKR",
    "eps": 1.05,
    "epsEstimated": 0.93,
    "time": "bmo",
    "revenue": 4483365000,
    "revenueEstimated": 1424800000,
    "updatedFromDate": "2025-04-25",
    "fiscalDateEnding": "2021-09-30"
  },
  {
    "date": "2021-08-03",
    "symbol": "KKR",
    "eps": 1.05,
    "epsEstimated": 0.84,
    "time": "bmo",
    "revenue": 3136181000,
    "revenueEstimated": 1363850000,
    "updatedFromDate": "2025-04-25",
    "fiscalDateEnding": "2021-06-30"
  },
  {
    "date": "2021-05-04",
    "symbol": "KKR",
    "eps": 0.75,
    "epsEstimated": 0.62,
    "time": "bmo",
    "revenue": 4563006000,
    "revenueEstimated": 1081290000,
    "updatedFromDate": "2025-04-25",
    "fiscalDateEnding": "2021-03-31"
  },
  {
    "date": "2021-02-08",
    "symbol": "KKR",
    "eps": 0.49,
    "epsEstimated": 0.41,
    "time": "amc",
    "revenue": 2005164000,
    "revenueEstimated": 981470000,
    "updatedFromDate": "2025-04-25",
    "fiscalDateEnding": "2020-12-31"
  },
  {
    "date": "2020-10-30",
    "symbol": "KKR",
    "eps": 0.48,
    "epsEstimated": 0.4,
    "time": "bmo",
    "revenue": 1895238000,
    "revenueEstimated": 1516190400,
    "updatedFromDate": "2025-04-25",
    "fiscalDateEnding": "2020-09-30"
  },
  {
    "date": "2020-08-04",
    "symbol": "KKR",
    "eps": 0.39,
    "epsEstimated": 0.36,
    "time": "bmo",
    "revenue": 1331994000,
    "revenueEstimated": 1220994500,
    "updatedFromDate": "2025-04-25",
    "fiscalDateEnding": "2020-06-30"
  },
  {
    "date": "2020-05-06",
    "symbol": "KKR",
    "eps": 0.42,
    "epsEstimated": 0.42,
    "time": "bmo",
    "revenue": -1001505000,
    "revenueEstimated": 966118000,
    "updatedFromDate": "2025-04-25",
    "fiscalDateEnding": "2020-03-31"
  },
  {
    "date": "2020-01-31",
    "symbol": "KKR",
    "eps": 0.44,
    "epsEstimated": 0.41,
    "time": "bmo",
    "revenue": 1063071000,
    "revenueEstimated": 1072673681,
    "updatedFromDate": "2025-04-25",
    "fiscalDateEnding": "2019-12-31"
  },
  {
    "date": "2019-10-29",
    "symbol": "KKR",
    "eps": 0.46,
    "epsEstimated": 0.42,
    "time": "bmo",
    "revenue": 790485000,
    "revenueEstimated": 774219782,
    "updatedFromDate": "2025-04-25",
    "fiscalDateEnding": "2019-09-30"
  },
  {
    "date": "2019-07-25",
    "symbol": "KKR",
    "eps": 0.39,
    "epsEstimated": 0.34,
    "time": "bmo",
    "revenue": 1179864000,
    "revenueEstimated": 1108684205,
    "updatedFromDate": "2025-04-25",
    "fiscalDateEnding": "2019-06-30"
  },
  {
    "date": "2019-04-30",
    "symbol": "KKR",
    "eps": 0.38,
    "epsEstimated": 0.37,
    "time": "bmo",
    "revenue": 1187480000,
    "revenueEstimated": 1256984447,
    "updatedFromDate": "2025-04-25",
    "fiscalDateEnding": "2019-03-31"
  },
  {
    "date": "2019-02-01",
    "symbol": "KKR",
    "eps": 0.55,
    "epsEstimated": 0.49,
    "time": "bmo",
    "revenue": -178056000,
    "revenueEstimated": 158631709,
    "updatedFromDate": "2025-04-25",
    "fiscalDateEnding": "2018-12-31"
  },
  {
    "date": "2018-10-25",
    "symbol": "KKR",
    "eps": 0.6,
    "epsEstimated": 0.55,
    "time": "bmo",
    "revenue": 1129666000,
    "revenueEstimated": 1073215000,
    "updatedFromDate": "2025-04-25",
    "fiscalDateEnding": "2018-09-30"
  },
  {
    "date": "2018-07-26",
    "symbol": "KKR",
    "eps": 0.49,
    "epsEstimated": 0.46,
    "time": "bmo",
    "revenue": 971620000,
    "revenueEstimated": 872457142,
    "updatedFromDate": "2025-04-25",
    "fiscalDateEnding": "2018-06-30"
  },
  {
    "date": "2018-05-03",
    "symbol": "KKR",
    "eps": 0.42,
    "epsEstimated": 0.11,
    "time": "bmo",
    "revenue": 472606000,
    "revenueEstimated": 123776190,
    "updatedFromDate": "2025-04-25",
    "fiscalDateEnding": "2018-03-31"
  },
  {
    "date": "2018-02-08",
    "symbol": "KKR",
    "eps": 0.48,
    "epsEstimated": 0.51,
    "time": "bmo",
    "revenue": 941648000,
    "revenueEstimated": 1109441666,
    "updatedFromDate": "2025-04-25",
    "fiscalDateEnding": "2017-12-31"
  },
  {
    "date": "2017-10-26",
    "symbol": "KKR",
    "eps": 0.36,
    "epsEstimated": 0.42,
    "time": "bmo",
    "revenue": 749652000,
    "revenueEstimated": 874650000,
    "updatedFromDate": "2025-04-25",
    "fiscalDateEnding": "2017-09-30"
  },
  {
    "date": "2017-07-27",
    "symbol": "KKR",
    "eps": 0.89,
    "epsEstimated": 0.67,
    "time": "bmo",
    "revenue": 1015800000,
    "revenueEstimated": 764703370,
    "updatedFromDate": "2025-04-25",
    "fiscalDateEnding": "2017-06-30"
  },
  {
    "date": "2017-04-27",
    "symbol": "KKR",
    "eps": 0.65,
    "epsEstimated": 0.5,
    "time": "bmo",
    "revenue": 767755000,
    "revenueEstimated": 590615384,
    "updatedFromDate": "2025-04-25",
    "fiscalDateEnding": "2017-03-31"
  },
  {
    "date": "2017-02-09",
    "symbol": "KKR",
    "eps": 0.4,
    "epsEstimated": 0.43,
    "time": "bmo",
    "revenue": 481475000,
    "revenueEstimated": 517612500,
    "updatedFromDate": "2025-04-25",
    "fiscalDateEnding": "2016-12-31"
  },
  {
    "date": "2016-10-25",
    "symbol": "KKR",
    "eps": 0.71,
    "epsEstimated": 0.65,
    "time": "bmo",
    "revenue": 687056000,
    "revenueEstimated": 629035211,
    "updatedFromDate": "2025-04-25",
    "fiscalDateEnding": "2016-09-30"
  },
  {
    "date": "2016-07-26",
    "symbol": "KKR",
    "eps": 0.23,
    "epsEstimated": 0.05,
    "time": "bmo",
    "revenue": 576757000,
    "revenueEstimated": 125391304,
    "updatedFromDate": "2025-04-25",
    "fiscalDateEnding": "2016-06-30"
  }
]