[
  {
    "date": "2026-04-28",
    "symbol": "KLAC",
    "eps": null,
    "epsEstimated": null,
    "time": "amc",
    "revenue": null,
    "revenueEstimated": null,
    "updatedFromDate": "2025-10-02",
    "fiscalDateEnding": "2026-03-30"
  },
  {
    "date": "2026-01-28",
    "symbol": "KLAC",
    "eps": null,
    "epsEstimated": null,
    "time": "amc",
    "revenue": null,
    "revenueEstimated": null,
    "updatedFromDate": "2025-10-02",
    "fiscalDateEnding": "2025-12-30"
  },
  {
    "date": "2025-10-29",
    "symbol": "KLAC",
    "eps": null,
    "epsEstimated": 8.47,
    "time": "bmo",
    "revenue": null,
    "revenueEstimated": 3168383040,
    "updatedFromDate": "2025-10-02",
    "fiscalDateEnding": "2025-09-30"
  },
  {
    "date": "2025-07-31",
    "symbol": "KLAC",
    "eps": 9.38,
    "epsEstimated": 8.56,
    "time": "amc",
    "revenue": 3174741000,
    "revenueEstimated": 3079671564,
    "updatedFromDate": "2025-10-02",
    "fiscalDateEnding": "2025-06-30"
  },
  {
    "date": "2025-04-30",
    "symbol": "KLAC",
    "eps": 8.41,
    "epsEstimated": 8.09,
    "time": "amc",
    "revenue": 3063029000,
    "revenueEstimated": 3009538705,
    "updatedFromDate": "2025-07-30",
    "fiscalDateEnding": "2025-03-31"
  },
  {
    "date": "2025-01-30",
    "symbol": "KLAC",
    "eps": 8.2,
    "epsEstimated": 7.75,
    "time": "amc",
    "revenue": 3076851000,
    "revenueEstimated": 2946839283,
    "updatedFromDate": "2025-04-30",
    "fiscalDateEnding": "2024-12-31"
  },
  {
    "date": "2024-10-30",
    "symbol": "KLAC",
    "eps": 7.33,
    "epsEstimated": 7.05,
    "time": "amc",
    "revenue": 2841541000,
    "revenueEstimated": 2749355393,
    "updatedFromDate": "2025-04-25",
    "fiscalDateEnding": "2024-09-30"
  },
  {
    "date": "2024-07-24",
    "symbol": "KLAC",
    "eps": 6.6,
    "epsEstimated": 6.15,
    "time": "amc",
    "revenue": 2566232000,
    "revenueEstimated": 2520273590,
    "updatedFromDate": "2025-04-25",
    "fiscalDateEnding": "2024-06-30"
  },
  {
    "date": "2024-04-25",
    "symbol": "KLAC",
    "eps": 5.26,
    "epsEstimated": 5.01,
    "time": "amc",
    "revenue": 2355391000,
    "revenueEstimated": 2306822555,
    "updatedFromDate": "2025-04-25",
    "fiscalDateEnding": "2024-03-31"
  },
  {
    "date": "2024-01-25",
    "symbol": "KLAC",
    "eps": 6.16,
    "epsEstimated": 5.88,
    "time": "amc",
    "revenue": 2486726000,
    "revenueEstimated": 2461710000,
    "updatedFromDate": "2025-04-25",
    "fiscalDateEnding": "2023-12-31"
  },
  {
    "date": "2023-10-25",
    "symbol": "KLAC",
    "eps": 5.74,
    "epsEstimated": 5.41,
    "time": "amc",
    "revenue": 2396956000,
    "revenueEstimated": 2361960000,
    "updatedFromDate": "2025-04-25",
    "fiscalDateEnding": "2023-09-30"
  },
  {
    "date": "2023-07-27",
    "symbol": "KLAC",
    "eps": 5.4,
    "epsEstimated": 4.85,
    "time": "amc",
    "revenue": 2355137000,
    "revenueEstimated": 2257610000,
    "updatedFromDate": "2025-04-25",
    "fiscalDateEnding": "2023-06-30"
  },
  {
    "date": "2023-04-26",
    "symbol": "KLAC",
    "eps": 5.49,
    "epsEstimated": 5.32,
    "time": "amc",
    "revenue": 2432608000,
    "revenueEstimated": 2374580000,
    "updatedFromDate": "2025-04-25",
    "fiscalDateEnding": "2023-03-31"
  },
  {
    "date": "2023-01-26",
    "symbol": "KLAC",
    "eps": 7.38,
    "epsEstimated": 7.1,
    "time": "amc",
    "revenue": 2983887000,
    "revenueEstimated": 2817495443,
    "updatedFromDate": "2025-04-25",
    "fiscalDateEnding": "2022-12-31"
  },
  {
    "date": "2022-10-26",
    "symbol": "KLAC",
    "eps": 7.06,
    "epsEstimated": 6.21,
    "time": "amc",
    "revenue": 2724424000,
    "revenueEstimated": 2598118683,
    "updatedFromDate": "2025-04-25",
    "fiscalDateEnding": "2022-09-30"
  },
  {
    "date": "2022-07-28",
    "symbol": "KLAC",
    "eps": 5.81,
    "epsEstimated": 5.5,
    "time": "amc",
    "revenue": 2486739000,
    "revenueEstimated": 2431073330,
    "updatedFromDate": "2025-04-25",
    "fiscalDateEnding": "2022-06-30"
  },
  {
    "date": "2022-04-28",
    "symbol": "KLAC",
    "eps": 5.13,
    "epsEstimated": 4.82,
    "time": "amc",
    "revenue": 2288676000,
    "revenueEstimated": 2203742723,
    "updatedFromDate": "2025-04-25",
    "fiscalDateEnding": "2022-03-31"
  },
  {
    "date": "2022-01-27",
    "symbol": "KLAC",
    "eps": 5.59,
    "epsEstimated": 5.45,
    "time": "amc",
    "revenue": 2352630000,
    "revenueEstimated": 2209430000,
    "updatedFromDate": "2025-04-25",
    "fiscalDateEnding": "2021-12-31"
  },
  {
    "date": "2021-10-27",
    "symbol": "KLAC",
    "eps": 4.64,
    "epsEstimated": 4.45,
    "time": "amc",
    "revenue": 2083838000,
    "revenueEstimated": 2043370000,
    "updatedFromDate": "2025-04-25",
    "fiscalDateEnding": "2021-09-30"
  },
  {
    "date": "2021-07-29",
    "symbol": "KLAC",
    "eps": 4.43,
    "epsEstimated": 3.99,
    "time": "amc",
    "revenue": 1925471000,
    "revenueEstimated": 1925470000,
    "updatedFromDate": "2025-04-25",
    "fiscalDateEnding": "2021-06-30"
  },
  {
    "date": "2021-04-29",
    "symbol": "KLAC",
    "eps": 3.85,
    "epsEstimated": 3.62,
    "time": "amc",
    "revenue": 1803773000,
    "revenueEstimated": 1742680000,
    "updatedFromDate": "2025-04-25",
    "fiscalDateEnding": "2021-03-31"
  },
  {
    "date": "2021-02-03",
    "symbol": "KLAC",
    "eps": 3.24,
    "epsEstimated": 3.19,
    "time": "amc",
    "revenue": 1650870000,
    "revenueEstimated": 1596290000,
    "updatedFromDate": "2025-04-25",
    "fiscalDateEnding": "2020-12-31"
  },
  {
    "date": "2020-10-28",
    "symbol": "KLAC",
    "eps": 3.03,
    "epsEstimated": 2.77,
    "time": "amc",
    "revenue": 1538620000,
    "revenueEstimated": 1047201699,
    "updatedFromDate": "2025-04-25",
    "fiscalDateEnding": "2020-09-30"
  },
  {
    "date": "2020-08-03",
    "symbol": "KLAC",
    "eps": 2.73,
    "epsEstimated": 2.41,
    "time": "amc",
    "revenue": 1459593000,
    "revenueEstimated": 1293851670,
    "updatedFromDate": "2025-04-25",
    "fiscalDateEnding": "2020-06-30"
  },
  {
    "date": "2020-05-05",
    "symbol": "KLAC",
    "eps": 2.47,
    "epsEstimated": 2.35,
    "time": "amc",
    "revenue": 1423964000,
    "revenueEstimated": 1314428307,
    "updatedFromDate": "2025-04-25",
    "fiscalDateEnding": "2020-03-31"
  },
  {
    "date": "2020-02-04",
    "symbol": "KLAC",
    "eps": 2.66,
    "epsEstimated": 2.58,
    "time": "amc",
    "revenue": 1509453000,
    "revenueEstimated": 1469730552,
    "updatedFromDate": "2025-04-25",
    "fiscalDateEnding": "2019-12-31"
  },
  {
    "date": "2019-10-30",
    "symbol": "KLAC",
    "eps": 2.48,
    "epsEstimated": 2.2,
    "time": "amc",
    "revenue": 1413414000,
    "revenueEstimated": 1253835000,
    "updatedFromDate": "2025-04-25",
    "fiscalDateEnding": "2019-09-30"
  },
  {
    "date": "2019-08-05",
    "symbol": "KLAC",
    "eps": 1.78,
    "epsEstimated": 1.71,
    "time": "amc",
    "revenue": 1258435000,
    "revenueEstimated": 1230155561,
    "updatedFromDate": "2025-04-25",
    "fiscalDateEnding": "2019-06-30"
  },
  {
    "date": "2019-05-06",
    "symbol": "KLAC",
    "eps": 1.8,
    "epsEstimated": 1.63,
    "time": "amc",
    "revenue": 1097311000,
    "revenueEstimated": 1018060761,
    "updatedFromDate": "2025-04-25",
    "fiscalDateEnding": "2019-03-31"
  },
  {
    "date": "2019-01-29",
    "symbol": "KLAC",
    "eps": 2.44,
    "epsEstimated": 2.2,
    "time": "amc",
    "revenue": 1119898000,
    "revenueEstimated": 1009744098,
    "updatedFromDate": "2025-04-25",
    "fiscalDateEnding": "2018-12-31"
  },
  {
    "date": "2018-10-29",
    "symbol": "KLAC",
    "eps": 2.46,
    "epsEstimated": 2.21,
    "time": "amc",
    "revenue": 1093260000,
    "revenueEstimated": 982192276,
    "updatedFromDate": "2025-04-25",
    "fiscalDateEnding": "2018-09-30"
  },
  {
    "date": "2018-07-30",
    "symbol": "KLAC",
    "eps": 2.22,
    "epsEstimated": 2.14,
    "time": "amc",
    "revenue": 1070004000,
    "revenueEstimated": 1031441441,
    "updatedFromDate": "2025-04-25",
    "fiscalDateEnding": "2018-06-30"
  },
  {
    "date": "2018-04-26",
    "symbol": "KLAC",
    "eps": 2.02,
    "epsEstimated": 1.99,
    "time": "amc",
    "revenue": 1021294000,
    "revenueEstimated": 1006132178,
    "updatedFromDate": "2025-04-25",
    "fiscalDateEnding": "2018-03-31"
  },
  {
    "date": "2018-01-25",
    "symbol": "KLAC",
    "eps": 1.97,
    "epsEstimated": 1.72,
    "time": "amc",
    "revenue": 975822000,
    "revenueEstimated": 856920812,
    "updatedFromDate": "2025-04-25",
    "fiscalDateEnding": "2017-12-31"
  },
  {
    "date": "2017-10-26",
    "symbol": "KLAC",
    "eps": 1.8,
    "epsEstimated": 1.64,
    "time": "amc",
    "revenue": 969581000,
    "revenueEstimated": 883413333,
    "updatedFromDate": "2025-04-25",
    "fiscalDateEnding": "2017-09-30"
  },
  {
    "date": "2017-07-27",
    "symbol": "KLAC",
    "eps": 1.64,
    "epsEstimated": 1.59,
    "time": "amc",
    "revenue": 938647000,
    "revenueEstimated": 909984146,
    "updatedFromDate": "2025-04-25",
    "fiscalDateEnding": "2017-06-30"
  },
  {
    "date": "2017-04-27",
    "symbol": "KLAC",
    "eps": 1.62,
    "epsEstimated": 1.55,
    "time": "amc",
    "revenue": 913809000,
    "revenueEstimated": 874314814,
    "updatedFromDate": "2025-04-25",
    "fiscalDateEnding": "2017-03-31"
  },
  {
    "date": "2017-01-26",
    "symbol": "KLAC",
    "eps": 1.52,
    "epsEstimated": 1.39,
    "time": "amc",
    "revenue": 876885000,
    "revenueEstimated": 801901973,
    "updatedFromDate": "2025-04-25",
    "fiscalDateEnding": "2016-12-31"
  },
  {
    "date": "2016-10-20",
    "symbol": "KLAC",
    "eps": 1.16,
    "epsEstimated": 1.03,
    "time": "amc",
    "revenue": 750673000,
    "revenueEstimated": 666569827,
    "updatedFromDate": "2025-04-25",
    "fiscalDateEnding": "2016-09-30"
  },
  {
    "date": "2016-07-28",
    "symbol": "KLAC",
    "eps": 1.77,
    "epsEstimated": 1.42,
    "time": "amc",
    "revenue": 919171000,
    "revenueEstimated": 737437288,
    "updatedFromDate": "2025-04-25",
    "fiscalDateEnding": "2016-06-30"
  }
]