[
  {
    "date": "2026-04-20",
    "symbol": "KMB",
    "eps": null,
    "epsEstimated": null,
    "time": "bmo",
    "revenue": null,
    "revenueEstimated": null,
    "updatedFromDate": "2025-10-02",
    "fiscalDateEnding": "2026-03-30"
  },
  {
    "date": "2026-01-26",
    "symbol": "KMB",
    "eps": null,
    "epsEstimated": null,
    "time": "bmo",
    "revenue": null,
    "revenueEstimated": null,
    "updatedFromDate": "2025-10-02",
    "fiscalDateEnding": "2025-12-30"
  },
  {
    "date": "2025-10-28",
    "symbol": "KMB",
    "eps": null,
    "epsEstimated": 1.63,
    "time": "bmo",
    "revenue": null,
    "revenueEstimated": null,
    "updatedFromDate": "2025-10-02",
    "fiscalDateEnding": "2025-09-30"
  },
  {
    "date": "2025-08-01",
    "symbol": "KMB",
    "eps": 1.92,
    "epsEstimated": 1.67,
    "time": "bmo",
    "revenue": 4163000000,
    "revenueEstimated": 4848499780,
    "updatedFromDate": "2025-08-06",
    "fiscalDateEnding": "2025-07-01"
  },
  {
    "date": "2025-04-22",
    "symbol": "KMB",
    "eps": 1.93,
    "epsEstimated": 1.89,
    "time": "bmo",
    "revenue": 4840000000,
    "revenueEstimated": 4892815309,
    "updatedFromDate": "2025-07-22",
    "fiscalDateEnding": "2025-03-31"
  },
  {
    "date": "2025-01-28",
    "symbol": "KMB",
    "eps": 1.5,
    "epsEstimated": 1.51,
    "time": "bmo",
    "revenue": 4928000000,
    "revenueEstimated": 4855018045,
    "updatedFromDate": "2025-04-28",
    "fiscalDateEnding": "2024-12-31"
  },
  {
    "date": "2024-10-22",
    "symbol": "KMB",
    "eps": 1.83,
    "epsEstimated": 1.7,
    "time": "bmo",
    "revenue": 4952000000,
    "revenueEstimated": 5058651926,
    "updatedFromDate": "2025-04-24",
    "fiscalDateEnding": "2024-09-30"
  },
  {
    "date": "2024-07-23",
    "symbol": "KMB",
    "eps": 1.96,
    "epsEstimated": 1.71,
    "time": "bmo",
    "revenue": 5029000000,
    "revenueEstimated": 5097765666,
    "updatedFromDate": "2025-04-24",
    "fiscalDateEnding": "2024-06-30"
  },
  {
    "date": "2024-04-23",
    "symbol": "KMB",
    "eps": 2.01,
    "epsEstimated": 1.63,
    "time": "bmo",
    "revenue": 5149000000,
    "revenueEstimated": 5084216769,
    "updatedFromDate": "2025-04-24",
    "fiscalDateEnding": "2024-03-31"
  },
  {
    "date": "2024-01-24",
    "symbol": "KMB",
    "eps": 1.51,
    "epsEstimated": 1.54,
    "time": "bmo",
    "revenue": 4970000000,
    "revenueEstimated": 4982890000,
    "updatedFromDate": "2025-04-24",
    "fiscalDateEnding": "2023-12-31"
  },
  {
    "date": "2023-10-24",
    "symbol": "KMB",
    "eps": 1.74,
    "epsEstimated": 1.59,
    "time": "bmo",
    "revenue": 5132000000,
    "revenueEstimated": 5153870000,
    "updatedFromDate": "2025-04-24",
    "fiscalDateEnding": "2023-09-30"
  },
  {
    "date": "2023-07-25",
    "symbol": "KMB",
    "eps": 1.65,
    "epsEstimated": 1.48,
    "time": "bmo",
    "revenue": 5134000000,
    "revenueEstimated": 5134780000,
    "updatedFromDate": "2025-04-24",
    "fiscalDateEnding": "2023-06-30"
  },
  {
    "date": "2023-04-25",
    "symbol": "KMB",
    "eps": 1.67,
    "epsEstimated": 1.32,
    "time": "bmo",
    "revenue": 5195000000,
    "revenueEstimated": 5044820000,
    "updatedFromDate": "2025-04-24",
    "fiscalDateEnding": "2023-03-31"
  },
  {
    "date": "2023-01-25",
    "symbol": "KMB",
    "eps": 1.54,
    "epsEstimated": 1.51,
    "time": "bmo",
    "revenue": 4964000000,
    "revenueEstimated": 4985279416,
    "updatedFromDate": "2025-04-24",
    "fiscalDateEnding": "2022-12-31"
  },
  {
    "date": "2022-10-25",
    "symbol": "KMB",
    "eps": 1.4,
    "epsEstimated": 1.44,
    "time": "bmo",
    "revenue": 5053000000,
    "revenueEstimated": 5008108979,
    "updatedFromDate": "2025-04-24",
    "fiscalDateEnding": "2022-09-30"
  },
  {
    "date": "2022-07-26",
    "symbol": "KMB",
    "eps": 1.34,
    "epsEstimated": 1.32,
    "time": "bmo",
    "revenue": 5063000000,
    "revenueEstimated": 4989395818,
    "updatedFromDate": "2025-04-24",
    "fiscalDateEnding": "2022-06-30"
  },
  {
    "date": "2022-04-22",
    "symbol": "KMB",
    "eps": 1.35,
    "epsEstimated": 1.23,
    "time": "bmo",
    "revenue": 5095000000,
    "revenueEstimated": 4916001338,
    "updatedFromDate": "2025-04-24",
    "fiscalDateEnding": "2022-03-31"
  },
  {
    "date": "2022-01-26",
    "symbol": "KMB",
    "eps": 1.3,
    "epsEstimated": 1.24,
    "time": "bmo",
    "revenue": 4965000000,
    "revenueEstimated": 4944760000,
    "updatedFromDate": "2025-04-24",
    "fiscalDateEnding": "2021-12-31"
  },
  {
    "date": "2021-10-25",
    "symbol": "KMB",
    "eps": 1.62,
    "epsEstimated": 1.65,
    "time": "bmo",
    "revenue": 5010000000,
    "revenueEstimated": 4995870000,
    "updatedFromDate": "2025-04-24",
    "fiscalDateEnding": "2021-09-30"
  },
  {
    "date": "2021-07-23",
    "symbol": "KMB",
    "eps": 1.47,
    "epsEstimated": 1.71,
    "time": "bmo",
    "revenue": 4722000000,
    "revenueEstimated": 4995870000,
    "updatedFromDate": "2025-04-24",
    "fiscalDateEnding": "2021-06-30"
  },
  {
    "date": "2021-04-23",
    "symbol": "KMB",
    "eps": 1.8,
    "epsEstimated": 1.93,
    "time": "bmo",
    "revenue": 4743000000,
    "revenueEstimated": 5062476683,
    "updatedFromDate": "2025-04-24",
    "fiscalDateEnding": "2021-03-31"
  },
  {
    "date": "2021-01-25",
    "symbol": "KMB",
    "eps": 1.69,
    "epsEstimated": 1.6,
    "time": "bmo",
    "revenue": 4836000000,
    "revenueEstimated": 4563975000,
    "updatedFromDate": "2025-04-24",
    "fiscalDateEnding": "2020-12-31"
  },
  {
    "date": "2020-10-22",
    "symbol": "KMB",
    "eps": 1.72,
    "epsEstimated": 1.76,
    "time": "bmo",
    "revenue": 4683000000,
    "revenueEstimated": 4809302325,
    "updatedFromDate": "2025-04-24",
    "fiscalDateEnding": "2020-09-30"
  },
  {
    "date": "2020-07-23",
    "symbol": "KMB",
    "eps": 2.2,
    "epsEstimated": 1.8,
    "time": "bmo",
    "revenue": 4612000000,
    "revenueEstimated": 3773454545,
    "updatedFromDate": "2025-04-24",
    "fiscalDateEnding": "2020-06-30"
  },
  {
    "date": "2020-04-22",
    "symbol": "KMB",
    "eps": 2.13,
    "epsEstimated": 1.98,
    "time": "bmo",
    "revenue": 5009000000,
    "revenueEstimated": 4656253521,
    "updatedFromDate": "2025-04-24",
    "fiscalDateEnding": "2020-03-31"
  },
  {
    "date": "2020-01-23",
    "symbol": "KMB",
    "eps": 1.71,
    "epsEstimated": 1.7,
    "time": "bmo",
    "revenue": 4583000000,
    "revenueEstimated": 4556198830,
    "updatedFromDate": "2025-04-24",
    "fiscalDateEnding": "2019-12-31"
  },
  {
    "date": "2019-10-22",
    "symbol": "KMB",
    "eps": 1.84,
    "epsEstimated": 1.8,
    "time": "bmo",
    "revenue": 4640000000,
    "revenueEstimated": 4539130434,
    "updatedFromDate": "2025-04-24",
    "fiscalDateEnding": "2019-09-30"
  },
  {
    "date": "2019-07-23",
    "symbol": "KMB",
    "eps": 1.67,
    "epsEstimated": 1.61,
    "time": "bmo",
    "revenue": 4594000000,
    "revenueEstimated": 4456455089,
    "updatedFromDate": "2025-04-24",
    "fiscalDateEnding": "2019-06-30"
  },
  {
    "date": "2019-04-22",
    "symbol": "KMB",
    "eps": 1.66,
    "epsEstimated": 1.54,
    "time": "bmo",
    "revenue": 4633000000,
    "revenueEstimated": 4298084337,
    "updatedFromDate": "2025-04-24",
    "fiscalDateEnding": "2019-03-31"
  },
  {
    "date": "2019-01-23",
    "symbol": "KMB",
    "eps": 1.6,
    "epsEstimated": 1.68,
    "time": "bmo",
    "revenue": 4569000000,
    "revenueEstimated": 4711781250,
    "updatedFromDate": "2025-04-24",
    "fiscalDateEnding": "2018-12-31"
  },
  {
    "date": "2018-10-22",
    "symbol": "KMB",
    "eps": 1.71,
    "epsEstimated": 1.64,
    "time": "bmo",
    "revenue": 4582000000,
    "revenueEstimated": 4394432748,
    "updatedFromDate": "2025-04-24",
    "fiscalDateEnding": "2018-09-30"
  },
  {
    "date": "2018-07-24",
    "symbol": "KMB",
    "eps": 1.59,
    "epsEstimated": 1.57,
    "time": "bmo",
    "revenue": 4604000000,
    "revenueEstimated": 4546088050,
    "updatedFromDate": "2025-04-24",
    "fiscalDateEnding": "2018-06-30"
  },
  {
    "date": "2018-04-23",
    "symbol": "KMB",
    "eps": 1.71,
    "epsEstimated": 1.71,
    "time": "bmo",
    "revenue": 4731000000,
    "revenueEstimated": 4675666666,
    "updatedFromDate": "2025-04-24",
    "fiscalDateEnding": "2018-03-31"
  },
  {
    "date": "2018-01-23",
    "symbol": "KMB",
    "eps": 1.57,
    "epsEstimated": 1.54,
    "time": "bmo",
    "revenue": 4582000000,
    "revenueEstimated": 4544363057,
    "updatedFromDate": "2025-04-24",
    "fiscalDateEnding": "2017-12-31"
  },
  {
    "date": "2017-10-23",
    "symbol": "KMB",
    "eps": 1.6,
    "epsEstimated": 1.54,
    "time": "bmo",
    "revenue": 4640000000,
    "revenueEstimated": 4490062500,
    "updatedFromDate": "2025-04-24",
    "fiscalDateEnding": "2017-09-30"
  },
  {
    "date": "2017-07-25",
    "symbol": "KMB",
    "eps": 1.49,
    "epsEstimated": 1.49,
    "time": "bmo",
    "revenue": 4554000000,
    "revenueEstimated": 4576000000,
    "updatedFromDate": "2025-04-24",
    "fiscalDateEnding": "2017-06-30"
  },
  {
    "date": "2017-04-24",
    "symbol": "KMB",
    "eps": 1.57,
    "epsEstimated": 1.55,
    "time": "bmo",
    "revenue": 4483000000,
    "revenueEstimated": 4446624203,
    "updatedFromDate": "2025-04-24",
    "fiscalDateEnding": "2017-03-31"
  },
  {
    "date": "2017-01-24",
    "symbol": "KMB",
    "eps": 1.45,
    "epsEstimated": 1.42,
    "time": "bmo",
    "revenue": 4544000000,
    "revenueEstimated": 4533227586,
    "updatedFromDate": "2025-04-24",
    "fiscalDateEnding": "2016-12-31"
  },
  {
    "date": "2016-10-24",
    "symbol": "KMB",
    "eps": 1.52,
    "epsEstimated": 1.54,
    "time": "bmo",
    "revenue": 4594000000,
    "revenueEstimated": 4654447368,
    "updatedFromDate": "2025-04-24",
    "fiscalDateEnding": "2016-09-30"
  },
  {
    "date": "2016-07-25",
    "symbol": "KMB",
    "eps": 1.53,
    "epsEstimated": 1.48,
    "time": "bmo",
    "revenue": 4588000000,
    "revenueEstimated": 4438065359,
    "updatedFromDate": "2025-04-24",
    "fiscalDateEnding": "2016-06-30"
  }
]