[
  {
    "date": "2026-04-14",
    "symbol": "KMI",
    "eps": null,
    "epsEstimated": null,
    "time": "amc",
    "revenue": null,
    "revenueEstimated": null,
    "updatedFromDate": "2025-10-02",
    "fiscalDateEnding": "2026-03-30"
  },
  {
    "date": "2026-01-20",
    "symbol": "KMI",
    "eps": null,
    "epsEstimated": null,
    "time": "amc",
    "revenue": null,
    "revenueEstimated": null,
    "updatedFromDate": "2025-10-02",
    "fiscalDateEnding": "2025-12-30"
  },
  {
    "date": "2025-10-15",
    "symbol": "KMI",
    "eps": null,
    "epsEstimated": 0.29,
    "time": "bmo",
    "revenue": null,
    "revenueEstimated": 3976936360,
    "updatedFromDate": "2025-10-02",
    "fiscalDateEnding": "2025-09-30"
  },
  {
    "date": "2025-07-16",
    "symbol": "KMI",
    "eps": 0.28,
    "epsEstimated": 0.2797,
    "time": "amc",
    "revenue": 4042000000,
    "revenueEstimated": 3828575053,
    "updatedFromDate": "2025-10-02",
    "fiscalDateEnding": "2025-06-30"
  },
  {
    "date": "2025-04-16",
    "symbol": "KMI",
    "eps": 0.34,
    "epsEstimated": 0.3551,
    "time": "amc",
    "revenue": 4254000000,
    "revenueEstimated": 4239500100,
    "updatedFromDate": "2025-08-26",
    "fiscalDateEnding": "2025-03-31"
  },
  {
    "date": "2025-01-22",
    "symbol": "KMI",
    "eps": 0.32,
    "epsEstimated": 0.3356,
    "time": "amc",
    "revenue": 3967000000,
    "revenueEstimated": 4175682702,
    "updatedFromDate": "2025-08-26",
    "fiscalDateEnding": "2024-12-31"
  },
  {
    "date": "2024-10-16",
    "symbol": "KMI",
    "eps": 0.25,
    "epsEstimated": 0.27,
    "time": "amc",
    "revenue": 3676000000,
    "revenueEstimated": 4046491609,
    "updatedFromDate": "2025-08-26",
    "fiscalDateEnding": "2024-09-30"
  },
  {
    "date": "2024-07-17",
    "symbol": "KMI",
    "eps": 0.25,
    "epsEstimated": 0.26,
    "time": "amc",
    "revenue": 3597000000,
    "revenueEstimated": 4092346991,
    "updatedFromDate": "2025-08-26",
    "fiscalDateEnding": "2024-06-30"
  },
  {
    "date": "2024-04-17",
    "symbol": "KMI",
    "eps": 0.34,
    "epsEstimated": 0.34,
    "time": "amc",
    "revenue": 3833000000,
    "revenueEstimated": 4364580375,
    "updatedFromDate": "2025-08-26",
    "fiscalDateEnding": "2024-03-31"
  },
  {
    "date": "2024-01-17",
    "symbol": "KMI",
    "eps": 0.27,
    "epsEstimated": 0.3,
    "time": "amc",
    "revenue": 3969000000,
    "revenueEstimated": 4408610000,
    "updatedFromDate": "2025-08-26",
    "fiscalDateEnding": "2023-12-31"
  },
  {
    "date": "2023-10-18",
    "symbol": "KMI",
    "eps": 0.25,
    "epsEstimated": 0.26,
    "time": "amc",
    "revenue": 3912000000,
    "revenueEstimated": 4726880000,
    "updatedFromDate": "2025-08-26",
    "fiscalDateEnding": "2023-09-30"
  },
  {
    "date": "2023-07-19",
    "symbol": "KMI",
    "eps": 0.24,
    "epsEstimated": 0.24,
    "time": "amc",
    "revenue": 3473000000,
    "revenueEstimated": 4554370000,
    "updatedFromDate": "2025-08-26",
    "fiscalDateEnding": "2023-06-30"
  },
  {
    "date": "2023-04-19",
    "symbol": "KMI",
    "eps": 0.3,
    "epsEstimated": 0.29,
    "time": "amc",
    "revenue": 3802000000,
    "revenueEstimated": 4768380000,
    "updatedFromDate": "2025-08-26",
    "fiscalDateEnding": "2023-03-31"
  },
  {
    "date": "2023-01-18",
    "symbol": "KMI",
    "eps": 0.31,
    "epsEstimated": 0.3,
    "time": "amc",
    "revenue": 4518000000,
    "revenueEstimated": 4910799194,
    "updatedFromDate": "2025-08-26",
    "fiscalDateEnding": "2022-12-31"
  },
  {
    "date": "2022-10-19",
    "symbol": "KMI",
    "eps": 0.25,
    "epsEstimated": 0.29,
    "time": "amc",
    "revenue": 5249000000,
    "revenueEstimated": 4718116711,
    "updatedFromDate": "2025-08-26",
    "fiscalDateEnding": "2022-09-30"
  },
  {
    "date": "2022-07-20",
    "symbol": "KMI",
    "eps": 0.27,
    "epsEstimated": 0.27,
    "time": "amc",
    "revenue": 5353000000,
    "revenueEstimated": 3913049632,
    "updatedFromDate": "2025-08-26",
    "fiscalDateEnding": "2022-06-30"
  },
  {
    "date": "2022-04-20",
    "symbol": "KMI",
    "eps": 0.32,
    "epsEstimated": 0.29,
    "time": "amc",
    "revenue": 4434000000,
    "revenueEstimated": 3746684131,
    "updatedFromDate": "2025-08-26",
    "fiscalDateEnding": "2022-03-31"
  },
  {
    "date": "2022-01-19",
    "symbol": "KMI",
    "eps": 0.27,
    "epsEstimated": 0.26,
    "time": "amc",
    "revenue": 4478000000,
    "revenueEstimated": 3384570000,
    "updatedFromDate": "2025-08-26",
    "fiscalDateEnding": "2021-12-31"
  },
  {
    "date": "2021-10-20",
    "symbol": "KMI",
    "eps": 0.22,
    "epsEstimated": 0.24,
    "time": "amc",
    "revenue": 3958000000,
    "revenueEstimated": 3220860000,
    "updatedFromDate": "2025-08-26",
    "fiscalDateEnding": "2021-09-30"
  },
  {
    "date": "2021-07-21",
    "symbol": "KMI",
    "eps": 0.23,
    "epsEstimated": 0.19,
    "time": "amc",
    "revenue": 3236000000,
    "revenueEstimated": 3220860000,
    "updatedFromDate": "2025-08-26",
    "fiscalDateEnding": "2021-06-30"
  },
  {
    "date": "2021-04-21",
    "symbol": "KMI",
    "eps": 0.6,
    "epsEstimated": 0.24,
    "time": "amc",
    "revenue": 5862000000,
    "revenueEstimated": 3013770000,
    "updatedFromDate": "2025-08-26",
    "fiscalDateEnding": "2021-03-31"
  },
  {
    "date": "2021-01-20",
    "symbol": "KMI",
    "eps": 0.27,
    "epsEstimated": 0.24,
    "time": "amc",
    "revenue": 3102000000,
    "revenueEstimated": 3031410000,
    "updatedFromDate": "2025-08-26",
    "fiscalDateEnding": "2020-12-31"
  },
  {
    "date": "2020-10-21",
    "symbol": "KMI",
    "eps": 0.21,
    "epsEstimated": 0.21,
    "time": "amc",
    "revenue": 2879000000,
    "revenueEstimated": 2919000000,
    "updatedFromDate": "2025-08-26",
    "fiscalDateEnding": "2020-09-30"
  },
  {
    "date": "2020-07-22",
    "symbol": "KMI",
    "eps": 0.17,
    "epsEstimated": 0.18,
    "time": "amc",
    "revenue": 2495000000,
    "revenueEstimated": 2258823529,
    "updatedFromDate": "2025-08-26",
    "fiscalDateEnding": "2020-06-30"
  },
  {
    "date": "2020-04-22",
    "symbol": "KMI",
    "eps": 0.24,
    "epsEstimated": 0.24,
    "time": "amc",
    "revenue": 2997000000,
    "revenueEstimated": 3494250000,
    "updatedFromDate": "2025-08-26",
    "fiscalDateEnding": "2020-03-31"
  },
  {
    "date": "2020-01-22",
    "symbol": "KMI",
    "eps": 0.26,
    "epsEstimated": 0.27,
    "time": "amc",
    "revenue": 3354000000,
    "revenueEstimated": 3480923076,
    "updatedFromDate": "2025-08-26",
    "fiscalDateEnding": "2019-12-31"
  },
  {
    "date": "2019-10-16",
    "symbol": "KMI",
    "eps": 0.22,
    "epsEstimated": 0.24,
    "time": "amc",
    "revenue": 3193000000,
    "revenueEstimated": 3506181818,
    "updatedFromDate": "2025-08-26",
    "fiscalDateEnding": "2019-09-30"
  },
  {
    "date": "2019-07-17",
    "symbol": "KMI",
    "eps": 0.22,
    "epsEstimated": 0.24,
    "time": "amc",
    "revenue": 3207000000,
    "revenueEstimated": 3506181818,
    "updatedFromDate": "2025-08-26",
    "fiscalDateEnding": "2019-06-30"
  },
  {
    "date": "2019-04-17",
    "symbol": "KMI",
    "eps": 0.25,
    "epsEstimated": 0.24,
    "time": "amc",
    "revenue": 3406000000,
    "revenueEstimated": 3291840000,
    "updatedFromDate": "2025-08-26",
    "fiscalDateEnding": "2019-03-31"
  },
  {
    "date": "2019-01-16",
    "symbol": "KMI",
    "eps": 0.25,
    "epsEstimated": 0.26,
    "time": "amc",
    "revenue": 3689000000,
    "revenueEstimated": 3932240000,
    "updatedFromDate": "2025-08-26",
    "fiscalDateEnding": "2018-12-31"
  },
  {
    "date": "2018-10-17",
    "symbol": "KMI",
    "eps": 0.22,
    "epsEstimated": 0.21,
    "time": "amc",
    "revenue": 3581000000,
    "revenueEstimated": 3357136363,
    "updatedFromDate": "2025-08-26",
    "fiscalDateEnding": "2018-09-30"
  },
  {
    "date": "2018-07-18",
    "symbol": "KMI",
    "eps": 0.21,
    "epsEstimated": 0.19,
    "time": "amc",
    "revenue": 3548000000,
    "revenueEstimated": 3256600000,
    "updatedFromDate": "2025-08-26",
    "fiscalDateEnding": "2018-06-30"
  },
  {
    "date": "2018-04-18",
    "symbol": "KMI",
    "eps": 0.22,
    "epsEstimated": 0.21,
    "time": "amc",
    "revenue": 3459000000,
    "revenueEstimated": 3262636363,
    "updatedFromDate": "2025-08-26",
    "fiscalDateEnding": "2018-03-31"
  },
  {
    "date": "2018-01-17",
    "symbol": "KMI",
    "eps": 0.21,
    "epsEstimated": 0.18,
    "time": "amc",
    "revenue": 3634000000,
    "revenueEstimated": 3113142857,
    "updatedFromDate": "2025-08-26",
    "fiscalDateEnding": "2017-12-31"
  },
  {
    "date": "2017-10-20",
    "symbol": "KMI",
    "eps": 0.15,
    "epsEstimated": 0.15,
    "time": "amc",
    "revenue": 3276000000,
    "revenueEstimated": 3281000000,
    "updatedFromDate": "2025-08-26",
    "fiscalDateEnding": "2017-09-30"
  },
  {
    "date": "2017-07-19",
    "symbol": "KMI",
    "eps": 0.14,
    "epsEstimated": 0.15,
    "time": "amc",
    "revenue": 3338000000,
    "revenueEstimated": 3608571428,
    "updatedFromDate": "2025-08-26",
    "fiscalDateEnding": "2017-06-30"
  },
  {
    "date": "2017-04-19",
    "symbol": "KMI",
    "eps": 0.17,
    "epsEstimated": 0.18,
    "time": "amc",
    "revenue": 3395000000,
    "revenueEstimated": 3625411764,
    "updatedFromDate": "2025-08-26",
    "fiscalDateEnding": "2017-03-31"
  },
  {
    "date": "2017-01-18",
    "symbol": "KMI",
    "eps": 0.19,
    "epsEstimated": 0.18,
    "time": "amc",
    "revenue": 3400000000,
    "revenueEstimated": 3389000000,
    "updatedFromDate": "2025-08-26",
    "fiscalDateEnding": "2016-12-31"
  },
  {
    "date": "2016-10-19",
    "symbol": "KMI",
    "eps": 0.16,
    "epsEstimated": 0.15,
    "time": "amc",
    "revenue": 3293000000,
    "revenueEstimated": 3108000000,
    "updatedFromDate": "2025-08-26",
    "fiscalDateEnding": "2016-09-30"
  },
  {
    "date": "2016-07-20",
    "symbol": "KMI",
    "eps": 0.15,
    "epsEstimated": 0.15,
    "time": "amc",
    "revenue": 3144000000,
    "revenueEstimated": 3144000000,
    "updatedFromDate": "2025-08-26",
    "fiscalDateEnding": "2016-06-30"
  }
]