[
  {
    "date": "2026-04-08",
    "symbol": "KMX",
    "eps": null,
    "epsEstimated": null,
    "time": "bmo",
    "revenue": null,
    "revenueEstimated": null,
    "updatedFromDate": "2025-10-02",
    "fiscalDateEnding": "2026-02-28"
  },
  {
    "date": "2025-12-18",
    "symbol": "KMX",
    "eps": null,
    "epsEstimated": 0.76,
    "time": "bmo",
    "revenue": null,
    "revenueEstimated": 5990553780,
    "updatedFromDate": "2025-10-02",
    "fiscalDateEnding": "2025-11-30"
  },
  {
    "date": "2025-09-25",
    "symbol": "KMX",
    "eps": 0.64,
    "epsEstimated": 1.03,
    "time": "bmo",
    "revenue": 6594684000,
    "revenueEstimated": 6042339400,
    "updatedFromDate": "2025-10-02",
    "fiscalDateEnding": "2025-08-31"
  },
  {
    "date": "2025-06-20",
    "symbol": "KMX",
    "eps": 1.38,
    "epsEstimated": 1.16,
    "time": "bmo",
    "revenue": 7546541000,
    "revenueEstimated": 7504781357,
    "updatedFromDate": "2025-09-20",
    "fiscalDateEnding": "2025-05-31"
  },
  {
    "date": "2025-04-10",
    "symbol": "KMX",
    "eps": 0.64,
    "epsEstimated": 0.66,
    "time": "bmo",
    "revenue": 6003123000,
    "revenueEstimated": 5999455960,
    "updatedFromDate": "2025-07-10",
    "fiscalDateEnding": "2025-02-28"
  },
  {
    "date": "2024-12-19",
    "symbol": "KMX",
    "eps": 0.81,
    "epsEstimated": 0.59,
    "time": "bmo",
    "revenue": 6223371000,
    "revenueEstimated": 6047196260,
    "updatedFromDate": "2025-04-25",
    "fiscalDateEnding": "2024-11-30"
  },
  {
    "date": "2024-09-26",
    "symbol": "KMX",
    "eps": 0.85,
    "epsEstimated": 0.86,
    "time": "bmo",
    "revenue": 7013529000,
    "revenueEstimated": 6831286614,
    "updatedFromDate": "2025-04-25",
    "fiscalDateEnding": "2024-08-31"
  },
  {
    "date": "2024-06-21",
    "symbol": "KMX",
    "eps": 0.97,
    "epsEstimated": 0.96,
    "time": "bmo",
    "revenue": 7113397000,
    "revenueEstimated": 7162084276,
    "updatedFromDate": "2025-04-25",
    "fiscalDateEnding": "2024-05-31"
  },
  {
    "date": "2024-04-11",
    "symbol": "KMX",
    "eps": 0.32,
    "epsEstimated": 0.4605,
    "time": "bmo",
    "revenue": 5626603000,
    "revenueEstimated": 5784161848,
    "updatedFromDate": "2025-04-25",
    "fiscalDateEnding": "2024-02-29"
  },
  {
    "date": "2023-12-21",
    "symbol": "KMX",
    "eps": 0.52,
    "epsEstimated": 0.43,
    "time": "bmo",
    "revenue": 6148538000,
    "revenueEstimated": 5859060000,
    "updatedFromDate": "2025-04-25",
    "fiscalDateEnding": "2023-11-30"
  },
  {
    "date": "2023-09-28",
    "symbol": "KMX",
    "eps": 0.75,
    "epsEstimated": 0.78,
    "time": "bmo",
    "revenue": 7073836000,
    "revenueEstimated": 7021860000,
    "updatedFromDate": "2025-04-25",
    "fiscalDateEnding": "2023-08-31"
  },
  {
    "date": "2023-06-23",
    "symbol": "KMX",
    "eps": 1.16,
    "epsEstimated": 0.79,
    "time": "bmo",
    "revenue": 7687063000,
    "revenueEstimated": 7017560000,
    "updatedFromDate": "2025-04-25",
    "fiscalDateEnding": "2023-05-31"
  },
  {
    "date": "2023-04-11",
    "symbol": "KMX",
    "eps": 0.44,
    "epsEstimated": 0.24,
    "time": "bmo",
    "revenue": 5722493000,
    "revenueEstimated": 7689470000,
    "updatedFromDate": "2025-04-25",
    "fiscalDateEnding": "2023-02-28"
  },
  {
    "date": "2022-12-22",
    "symbol": "KMX",
    "eps": 0.24,
    "epsEstimated": 0.7,
    "time": "bmo",
    "revenue": 6505956000,
    "revenueEstimated": 7160956615,
    "updatedFromDate": "2025-04-25",
    "fiscalDateEnding": "2022-11-30"
  },
  {
    "date": "2022-09-29",
    "symbol": "KMX",
    "eps": 0.79,
    "epsEstimated": 1.39,
    "time": "bmo",
    "revenue": 8144803000,
    "revenueEstimated": 8543563878,
    "updatedFromDate": "2025-04-25",
    "fiscalDateEnding": "2022-08-31"
  },
  {
    "date": "2022-06-24",
    "symbol": "KMX",
    "eps": 1.56,
    "epsEstimated": 1.49,
    "time": "bmo",
    "revenue": 9311621000,
    "revenueEstimated": 9059785313,
    "updatedFromDate": "2025-04-25",
    "fiscalDateEnding": "2022-05-31"
  },
  {
    "date": "2022-04-12",
    "symbol": "KMX",
    "eps": 0.98,
    "epsEstimated": 1.25,
    "time": "bmo",
    "revenue": 7686695000,
    "revenueEstimated": 7498771500,
    "updatedFromDate": "2025-04-25",
    "fiscalDateEnding": "2022-02-28"
  },
  {
    "date": "2021-12-22",
    "symbol": "KMX",
    "eps": 1.63,
    "epsEstimated": 1.44,
    "time": "bmo",
    "revenue": 8527759000,
    "revenueEstimated": 7827230000,
    "updatedFromDate": "2025-04-25",
    "fiscalDateEnding": "2021-11-30"
  },
  {
    "date": "2021-09-30",
    "symbol": "KMX",
    "eps": 1.72,
    "epsEstimated": 1.9,
    "time": "bmo",
    "revenue": 7988359000,
    "revenueEstimated": 6702830000,
    "updatedFromDate": "2025-04-25",
    "fiscalDateEnding": "2021-08-31"
  },
  {
    "date": "2021-06-25",
    "symbol": "KMX",
    "eps": 2.63,
    "epsEstimated": 1.63,
    "time": "bmo",
    "revenue": 7697599000,
    "revenueEstimated": 6981626668,
    "updatedFromDate": "2025-04-25",
    "fiscalDateEnding": "2021-05-31"
  },
  {
    "date": "2021-04-01",
    "symbol": "KMX",
    "eps": 1.27,
    "epsEstimated": 1.26,
    "time": "bmo",
    "revenue": 5164257000,
    "revenueEstimated": 5123270833,
    "updatedFromDate": "2025-04-25",
    "fiscalDateEnding": "2021-02-28"
  },
  {
    "date": "2020-12-22",
    "symbol": "KMX",
    "eps": 1.42,
    "epsEstimated": 1.14,
    "time": "bmo",
    "revenue": 5184944000,
    "revenueEstimated": 3911448982,
    "updatedFromDate": "2025-04-25",
    "fiscalDateEnding": "2020-11-30"
  },
  {
    "date": "2020-09-24",
    "symbol": "KMX",
    "eps": 1.79,
    "epsEstimated": 1.08,
    "time": "bmo",
    "revenue": 5372166000,
    "revenueEstimated": 4555149086,
    "updatedFromDate": "2025-04-25",
    "fiscalDateEnding": "2020-08-31"
  },
  {
    "date": "2020-06-19",
    "symbol": "KMX",
    "eps": 0.23,
    "epsEstimated": -0.06,
    "time": "bmo",
    "revenue": 3228782000,
    "revenueEstimated": 4305042666,
    "updatedFromDate": "2025-04-25",
    "fiscalDateEnding": "2020-05-31"
  },
  {
    "date": "2020-04-02",
    "symbol": "KMX",
    "eps": 1.3,
    "epsEstimated": 1.13,
    "time": "bmo",
    "revenue": 4962490000,
    "revenueEstimated": 4313549000,
    "updatedFromDate": "2025-04-25",
    "fiscalDateEnding": "2020-02-29"
  },
  {
    "date": "2019-12-20",
    "symbol": "KMX",
    "eps": 1.04,
    "epsEstimated": 1.16,
    "time": "bmo",
    "revenue": 4790028000,
    "revenueEstimated": 5285548137,
    "updatedFromDate": "2025-04-25",
    "fiscalDateEnding": "2019-11-30"
  },
  {
    "date": "2019-09-24",
    "symbol": "KMX",
    "eps": 1.4,
    "epsEstimated": 1.33,
    "time": "bmo",
    "revenue": 5201151000,
    "revenueEstimated": 4941093450,
    "updatedFromDate": "2025-04-25",
    "fiscalDateEnding": "2019-08-31"
  },
  {
    "date": "2019-06-21",
    "symbol": "KMX",
    "eps": 1.59,
    "epsEstimated": 1.49,
    "time": "bmo",
    "revenue": 5366318000,
    "revenueEstimated": 5028813723,
    "updatedFromDate": "2025-04-25",
    "fiscalDateEnding": "2019-05-31"
  },
  {
    "date": "2019-03-29",
    "symbol": "KMX",
    "eps": 1.13,
    "epsEstimated": 1.04,
    "time": "bmo",
    "revenue": 4318602000,
    "revenueEstimated": 3974642548,
    "updatedFromDate": "2025-04-25",
    "fiscalDateEnding": "2019-02-28"
  },
  {
    "date": "2018-12-21",
    "symbol": "KMX",
    "eps": 1.09,
    "epsEstimated": 1,
    "time": "bmo",
    "revenue": 4295871000,
    "revenueEstimated": 3909242609,
    "updatedFromDate": "2025-04-25",
    "fiscalDateEnding": "2018-11-30"
  },
  {
    "date": "2018-09-26",
    "symbol": "KMX",
    "eps": 1.24,
    "epsEstimated": 1.21,
    "time": "bmo",
    "revenue": 4766035000,
    "revenueEstimated": 4689129032,
    "updatedFromDate": "2025-04-25",
    "fiscalDateEnding": "2018-08-31"
  },
  {
    "date": "2018-06-22",
    "symbol": "KMX",
    "eps": 1.33,
    "epsEstimated": 1.24,
    "time": "bmo",
    "revenue": 4792592000,
    "revenueEstimated": 4468288721,
    "updatedFromDate": "2025-04-25",
    "fiscalDateEnding": "2018-05-31"
  },
  {
    "date": "2018-04-04",
    "symbol": "KMX",
    "eps": 0.77,
    "epsEstimated": 0.87,
    "time": "bmo",
    "revenue": 4084218000,
    "revenueEstimated": 4614615584,
    "updatedFromDate": "2025-04-25",
    "fiscalDateEnding": "2018-02-28"
  },
  {
    "date": "2017-12-21",
    "symbol": "KMX",
    "eps": 0.81,
    "epsEstimated": 0.81,
    "time": "bmo",
    "revenue": 4107017000,
    "revenueEstimated": 4107017000,
    "updatedFromDate": "2025-04-25",
    "fiscalDateEnding": "2017-11-30"
  },
  {
    "date": "2017-09-22",
    "symbol": "KMX",
    "eps": 0.98,
    "epsEstimated": 0.95,
    "time": "bmo",
    "revenue": 4386640000,
    "revenueEstimated": 4252316326,
    "updatedFromDate": "2025-04-25",
    "fiscalDateEnding": "2017-08-31"
  },
  {
    "date": "2017-06-21",
    "symbol": "KMX",
    "eps": 1.13,
    "epsEstimated": 0.98,
    "time": "bmo",
    "revenue": 4542334000,
    "revenueEstimated": 3939339823,
    "updatedFromDate": "2025-04-25",
    "fiscalDateEnding": "2017-05-31"
  },
  {
    "date": "2017-04-06",
    "symbol": "KMX",
    "eps": 0.81,
    "epsEstimated": 0.79,
    "time": "bmo",
    "revenue": 4049960000,
    "revenueEstimated": 3950000000,
    "updatedFromDate": "2025-04-25",
    "fiscalDateEnding": "2017-02-28"
  },
  {
    "date": "2016-12-20",
    "symbol": "KMX",
    "eps": 0.72,
    "epsEstimated": 0.7,
    "time": "bmo",
    "revenue": 3701524000,
    "revenueEstimated": 3595766171,
    "updatedFromDate": "2025-04-25",
    "fiscalDateEnding": "2016-11-30"
  },
  {
    "date": "2016-09-21",
    "symbol": "KMX",
    "eps": 0.88,
    "epsEstimated": 0.88,
    "time": "bmo",
    "revenue": 3997248000,
    "revenueEstimated": 3997200000,
    "updatedFromDate": "2025-04-25",
    "fiscalDateEnding": "2016-08-31"
  },
  {
    "date": "2016-06-21",
    "symbol": "KMX",
    "eps": 0.9,
    "epsEstimated": 0.92,
    "time": "bmo",
    "revenue": 4126386000,
    "revenueEstimated": 4218097777,
    "updatedFromDate": "2025-04-25",
    "fiscalDateEnding": "2016-05-31"
  }
]