[
  {
    "date": "2026-04-27",
    "symbol": "KO",
    "eps": null,
    "epsEstimated": null,
    "time": "bmo",
    "revenue": null,
    "revenueEstimated": null,
    "updatedFromDate": "2025-10-02",
    "fiscalDateEnding": "2026-03-27"
  },
  {
    "date": "2026-02-09",
    "symbol": "KO",
    "eps": null,
    "epsEstimated": null,
    "time": "bmo",
    "revenue": null,
    "revenueEstimated": null,
    "updatedFromDate": "2025-10-02",
    "fiscalDateEnding": "2025-12-27"
  },
  {
    "date": "2025-10-21",
    "symbol": "KO",
    "eps": null,
    "epsEstimated": 0.78,
    "time": "bmo",
    "revenue": null,
    "revenueEstimated": 12437629930,
    "updatedFromDate": "2025-10-02",
    "fiscalDateEnding": "2025-09-27"
  },
  {
    "date": "2025-07-22",
    "symbol": "KO",
    "eps": 0.87,
    "epsEstimated": 0.834,
    "time": "bmo",
    "revenue": 12535000000,
    "revenueEstimated": 12567125207,
    "updatedFromDate": "2025-10-02",
    "fiscalDateEnding": "2025-06-27"
  },
  {
    "date": "2025-04-29",
    "symbol": "KO",
    "eps": 0.73,
    "epsEstimated": 0.714,
    "time": "bmo",
    "revenue": 11129000000,
    "revenueEstimated": 11158330012,
    "updatedFromDate": "2025-07-29",
    "fiscalDateEnding": "2025-03-28"
  },
  {
    "date": "2025-02-11",
    "symbol": "KO",
    "eps": 0.55,
    "epsEstimated": 0.518,
    "time": "bmo",
    "revenue": 11544000000,
    "revenueEstimated": 10682060784,
    "updatedFromDate": "2025-05-11",
    "fiscalDateEnding": "2024-12-31"
  },
  {
    "date": "2024-10-23",
    "symbol": "KO",
    "eps": 0.77,
    "epsEstimated": 0.74,
    "time": "bmo",
    "revenue": 11854000000,
    "revenueEstimated": 11610231846,
    "updatedFromDate": "2025-04-25",
    "fiscalDateEnding": "2024-09-27"
  },
  {
    "date": "2024-07-23",
    "symbol": "KO",
    "eps": 0.84,
    "epsEstimated": 0.806,
    "time": "bmo",
    "revenue": 12363000000,
    "revenueEstimated": 11775715636,
    "updatedFromDate": "2025-04-25",
    "fiscalDateEnding": "2024-06-28"
  },
  {
    "date": "2024-04-30",
    "symbol": "KO",
    "eps": 0.72,
    "epsEstimated": 0.7,
    "time": "bmo",
    "revenue": 11300000000,
    "revenueEstimated": 11007420414,
    "updatedFromDate": "2025-04-25",
    "fiscalDateEnding": "2024-03-29"
  },
  {
    "date": "2024-02-13",
    "symbol": "KO",
    "eps": 0.49,
    "epsEstimated": 0.49,
    "time": "bmo",
    "revenue": 10849000000,
    "revenueEstimated": 10674600000,
    "updatedFromDate": "2025-04-25",
    "fiscalDateEnding": "2023-12-31"
  },
  {
    "date": "2023-10-24",
    "symbol": "KO",
    "eps": 0.74,
    "epsEstimated": 0.69,
    "time": "bmo",
    "revenue": 11953000000,
    "revenueEstimated": 10790300000,
    "updatedFromDate": "2025-04-25",
    "fiscalDateEnding": "2023-09-29"
  },
  {
    "date": "2023-07-26",
    "symbol": "KO",
    "eps": 0.78,
    "epsEstimated": 0.72,
    "time": "bmo",
    "revenue": 11972000000,
    "revenueEstimated": 10619200000,
    "updatedFromDate": "2025-04-25",
    "fiscalDateEnding": "2023-06-30"
  },
  {
    "date": "2023-04-24",
    "symbol": "KO",
    "eps": 0.68,
    "epsEstimated": 0.65,
    "time": "bmo",
    "revenue": 10980000000,
    "revenueEstimated": 10803500000,
    "updatedFromDate": "2025-04-25",
    "fiscalDateEnding": "2023-03-31"
  },
  {
    "date": "2023-02-14",
    "symbol": "KO",
    "eps": 0.45,
    "epsEstimated": 0.45,
    "time": "bmo",
    "revenue": 10125000000,
    "revenueEstimated": 10002643934,
    "updatedFromDate": "2025-04-25",
    "fiscalDateEnding": "2022-12-31"
  },
  {
    "date": "2022-10-25",
    "symbol": "KO",
    "eps": 0.69,
    "epsEstimated": 0.64,
    "time": "bmo",
    "revenue": 11063000000,
    "revenueEstimated": 10520495904,
    "updatedFromDate": "2025-04-25",
    "fiscalDateEnding": "2022-09-30"
  },
  {
    "date": "2022-07-26",
    "symbol": "KO",
    "eps": 0.7,
    "epsEstimated": 0.67,
    "time": "bmo",
    "revenue": 11355000000,
    "revenueEstimated": 10565385067,
    "updatedFromDate": "2025-04-25",
    "fiscalDateEnding": "2022-07-01"
  },
  {
    "date": "2022-04-25",
    "symbol": "KO",
    "eps": 0.64,
    "epsEstimated": 0.58,
    "time": "bmo",
    "revenue": 10491000000,
    "revenueEstimated": 9831664105,
    "updatedFromDate": "2025-04-25",
    "fiscalDateEnding": "2022-04-01"
  },
  {
    "date": "2022-02-10",
    "symbol": "KO",
    "eps": 0.45,
    "epsEstimated": 0.41,
    "time": "bmo",
    "revenue": 9464000000,
    "revenueEstimated": 8986324843,
    "updatedFromDate": "2025-04-25",
    "fiscalDateEnding": "2021-12-31"
  },
  {
    "date": "2021-10-27",
    "symbol": "KO",
    "eps": 0.65,
    "epsEstimated": 0.58,
    "time": "bmo",
    "revenue": 10042000000,
    "revenueEstimated": 9803490000,
    "updatedFromDate": "2025-04-25",
    "fiscalDateEnding": "2021-10-01"
  },
  {
    "date": "2021-07-21",
    "symbol": "KO",
    "eps": 0.68,
    "epsEstimated": 0.56,
    "time": "bmo",
    "revenue": 10129000000,
    "revenueEstimated": 9787010000,
    "updatedFromDate": "2025-04-25",
    "fiscalDateEnding": "2021-07-02"
  },
  {
    "date": "2021-04-19",
    "symbol": "KO",
    "eps": 0.55,
    "epsEstimated": 0.5,
    "time": "bmo",
    "revenue": 9020000000,
    "revenueEstimated": 8568190000,
    "updatedFromDate": "2025-04-25",
    "fiscalDateEnding": "2021-04-02"
  },
  {
    "date": "2021-02-10",
    "symbol": "KO",
    "eps": 0.47,
    "epsEstimated": 0.41,
    "time": "bmo",
    "revenue": 8611000000,
    "revenueEstimated": 8633230000,
    "updatedFromDate": "2025-04-25",
    "fiscalDateEnding": "2020-12-31"
  },
  {
    "date": "2020-10-22",
    "symbol": "KO",
    "eps": 0.55,
    "epsEstimated": 0.45,
    "time": "bmo",
    "revenue": 8652000000,
    "revenueEstimated": 7236218181,
    "updatedFromDate": "2025-04-25",
    "fiscalDateEnding": "2020-09-25"
  },
  {
    "date": "2020-07-21",
    "symbol": "KO",
    "eps": 0.42,
    "epsEstimated": 0.4,
    "time": "bmo",
    "revenue": 15751000000,
    "revenueEstimated": 6809523809,
    "updatedFromDate": "2025-04-25",
    "fiscalDateEnding": "2020-06-26"
  },
  {
    "date": "2020-04-21",
    "symbol": "KO",
    "eps": 0.51,
    "epsEstimated": 0.44,
    "time": "bmo",
    "revenue": 8601000000,
    "revenueEstimated": 7420470588,
    "updatedFromDate": "2025-04-25",
    "fiscalDateEnding": "2020-03-27"
  },
  {
    "date": "2020-01-30",
    "symbol": "KO",
    "eps": 0.44,
    "epsEstimated": 0.44,
    "time": "bmo",
    "revenue": 9068000000,
    "revenueEstimated": 9068000000,
    "updatedFromDate": "2025-04-25",
    "fiscalDateEnding": "2019-12-31"
  },
  {
    "date": "2019-10-18",
    "symbol": "KO",
    "eps": 0.56,
    "epsEstimated": 0.56,
    "time": "bmo",
    "revenue": 9507000000,
    "revenueEstimated": 9507000000,
    "updatedFromDate": "2025-04-25",
    "fiscalDateEnding": "2019-09-27"
  },
  {
    "date": "2019-07-23",
    "symbol": "KO",
    "eps": 0.63,
    "epsEstimated": 0.61,
    "time": "bmo",
    "revenue": 9997000000,
    "revenueEstimated": 9679634920,
    "updatedFromDate": "2025-04-25",
    "fiscalDateEnding": "2019-06-28"
  },
  {
    "date": "2019-04-23",
    "symbol": "KO",
    "eps": 0.48,
    "epsEstimated": 0.46,
    "time": "bmo",
    "revenue": 8020000000,
    "revenueEstimated": 8331750000,
    "updatedFromDate": "2025-04-25",
    "fiscalDateEnding": "2019-03-29"
  },
  {
    "date": "2019-02-14",
    "symbol": "KO",
    "eps": 0.43,
    "epsEstimated": 0.43,
    "time": "bmo",
    "revenue": 7058000000,
    "revenueEstimated": 7806000000,
    "updatedFromDate": "2025-04-25",
    "fiscalDateEnding": "2018-12-31"
  },
  {
    "date": "2018-10-30",
    "symbol": "KO",
    "eps": 0.58,
    "epsEstimated": 0.55,
    "time": "bmo",
    "revenue": 8245000000,
    "revenueEstimated": 8321120689,
    "updatedFromDate": "2025-04-25",
    "fiscalDateEnding": "2018-09-28"
  },
  {
    "date": "2018-07-25",
    "symbol": "KO",
    "eps": 0.61,
    "epsEstimated": 0.6,
    "time": "bmo",
    "revenue": 8927000000,
    "revenueEstimated": 9266557377,
    "updatedFromDate": "2025-04-25",
    "fiscalDateEnding": "2018-06-29"
  },
  {
    "date": "2018-04-24",
    "symbol": "KO",
    "eps": 0.47,
    "epsEstimated": 0.46,
    "time": "bmo",
    "revenue": 7626000000,
    "revenueEstimated": 8121446808,
    "updatedFromDate": "2025-04-25",
    "fiscalDateEnding": "2018-03-30"
  },
  {
    "date": "2018-02-16",
    "symbol": "KO",
    "eps": 0.39,
    "epsEstimated": 0.38,
    "time": "bmo",
    "revenue": 7512000000,
    "revenueEstimated": 7512000000,
    "updatedFromDate": "2025-04-25",
    "fiscalDateEnding": "2017-12-31"
  },
  {
    "date": "2017-10-25",
    "symbol": "KO",
    "eps": 0.5,
    "epsEstimated": 0.49,
    "time": "bmo",
    "revenue": 9078000000,
    "revenueEstimated": 8896440000,
    "updatedFromDate": "2025-04-25",
    "fiscalDateEnding": "2017-09-29"
  },
  {
    "date": "2017-07-26",
    "symbol": "KO",
    "eps": 0.59,
    "epsEstimated": 0.57,
    "time": "bmo",
    "revenue": 9702000000,
    "revenueEstimated": 9373118644,
    "updatedFromDate": "2025-04-25",
    "fiscalDateEnding": "2017-06-30"
  },
  {
    "date": "2017-04-25",
    "symbol": "KO",
    "eps": 0.43,
    "epsEstimated": 0.44,
    "time": "bmo",
    "revenue": 9118000000,
    "revenueEstimated": 9330046511,
    "updatedFromDate": "2025-04-25",
    "fiscalDateEnding": "2017-03-31"
  },
  {
    "date": "2017-02-09",
    "symbol": "KO",
    "eps": 0.37,
    "epsEstimated": 0.36,
    "time": "bmo",
    "revenue": 9409000000,
    "revenueEstimated": 9409000000,
    "updatedFromDate": "2025-04-25",
    "fiscalDateEnding": "2016-12-31"
  },
  {
    "date": "2016-10-26",
    "symbol": "KO",
    "eps": 0.49,
    "epsEstimated": 0.48,
    "time": "bmo",
    "revenue": 10633000000,
    "revenueEstimated": 10416000000,
    "updatedFromDate": "2025-04-25",
    "fiscalDateEnding": "2016-09-30"
  },
  {
    "date": "2016-07-27",
    "symbol": "KO",
    "eps": 0.6,
    "epsEstimated": 0.58,
    "time": "bmo",
    "revenue": 11539000000,
    "revenueEstimated": 11154366666,
    "updatedFromDate": "2025-04-25",
    "fiscalDateEnding": "2016-07-01"
  }
]