[
  {
    "date": "2026-05-06",
    "symbol": "KVUE",
    "eps": null,
    "epsEstimated": null,
    "time": "bmo",
    "revenue": null,
    "revenueEstimated": null,
    "updatedFromDate": "2025-10-02",
    "fiscalDateEnding": "2026-03-29"
  },
  {
    "date": "2026-02-04",
    "symbol": "KVUE",
    "eps": null,
    "epsEstimated": null,
    "time": "bmo",
    "revenue": null,
    "revenueEstimated": null,
    "updatedFromDate": "2025-10-02",
    "fiscalDateEnding": "2025-12-29"
  },
  {
    "date": "2025-11-06",
    "symbol": "KVUE",
    "eps": null,
    "epsEstimated": 0.27,
    "time": "bmo",
    "revenue": null,
    "revenueEstimated": 3828891580,
    "updatedFromDate": "2025-10-02",
    "fiscalDateEnding": "2025-09-29"
  },
  {
    "date": "2025-08-07",
    "symbol": "KVUE",
    "eps": 0.29,
    "epsEstimated": 0.2817,
    "time": "bmo",
    "revenue": 3839000000,
    "revenueEstimated": 3852782409,
    "updatedFromDate": "2025-10-02",
    "fiscalDateEnding": "2025-06-29"
  },
  {
    "date": "2025-05-08",
    "symbol": "KVUE",
    "eps": 0.24,
    "epsEstimated": 0.2275,
    "time": "bmo",
    "revenue": 3741000000,
    "revenueEstimated": 3677224667,
    "updatedFromDate": "2025-08-08",
    "fiscalDateEnding": "2025-03-30"
  },
  {
    "date": "2025-02-06",
    "symbol": "KVUE",
    "eps": 0.26,
    "epsEstimated": 0.26,
    "time": "bmo",
    "revenue": 3662000000,
    "revenueEstimated": 3760122064,
    "updatedFromDate": "2025-05-06",
    "fiscalDateEnding": "2024-12-29"
  },
  {
    "date": "2024-11-07",
    "symbol": "KVUE",
    "eps": 0.28,
    "epsEstimated": 0.2723,
    "time": "bmo",
    "revenue": 3899000000,
    "revenueEstimated": 3919875545,
    "updatedFromDate": "2025-04-25",
    "fiscalDateEnding": "2024-09-29"
  },
  {
    "date": "2024-08-06",
    "symbol": "KVUE",
    "eps": 0.32,
    "epsEstimated": 0.2757,
    "time": "bmo",
    "revenue": 4000000000,
    "revenueEstimated": 3927758755,
    "updatedFromDate": "2025-04-25",
    "fiscalDateEnding": "2024-06-30"
  },
  {
    "date": "2024-05-07",
    "symbol": "KVUE",
    "eps": 0.28,
    "epsEstimated": 0.2541,
    "time": "bmo",
    "revenue": 3894000000,
    "revenueEstimated": 3790515239,
    "updatedFromDate": "2025-04-25",
    "fiscalDateEnding": "2024-03-31"
  },
  {
    "date": "2024-02-08",
    "symbol": "KVUE",
    "eps": 0.31,
    "epsEstimated": 0.283,
    "time": "bmo",
    "revenue": 3666000000,
    "revenueEstimated": 3783384610,
    "updatedFromDate": "2025-04-25",
    "fiscalDateEnding": "2023-12-31"
  },
  {
    "date": "2023-10-26",
    "symbol": "KVUE",
    "eps": 0.31,
    "epsEstimated": 0.3,
    "time": "bmo",
    "revenue": 3915000000,
    "revenueEstimated": 3906095350,
    "updatedFromDate": "2025-04-25",
    "fiscalDateEnding": "2023-09-30"
  },
  {
    "date": "2023-07-20",
    "symbol": "KVUE",
    "eps": 0.32,
    "epsEstimated": 0.29,
    "time": "bmo",
    "revenue": 4011000000,
    "revenueEstimated": 3959070820,
    "updatedFromDate": "2025-04-25",
    "fiscalDateEnding": "2023-06-30"
  },
  {
    "date": "2023-05-03",
    "symbol": "KVUE",
    "eps": 0.19,
    "epsEstimated": 0.32,
    "time": "bmo",
    "revenue": 3852000000,
    "revenueEstimated": 3851000000,
    "updatedFromDate": "2025-04-25",
    "fiscalDateEnding": "2023-04-02"
  },
  {
    "date": "2023-01-01",
    "symbol": "KVUE",
    "eps": 0.2103,
    "epsEstimated": null,
    "time": "bmo",
    "revenue": 3767000000,
    "revenueEstimated": null,
    "updatedFromDate": "2025-04-25",
    "fiscalDateEnding": "2023-01-01"
  },
  {
    "date": "2022-10-01",
    "symbol": "KVUE",
    "eps": 0.3415,
    "epsEstimated": null,
    "time": "bmo",
    "revenue": 3789000000,
    "revenueEstimated": null,
    "updatedFromDate": "2025-04-25",
    "fiscalDateEnding": "2022-10-02"
  },
  {
    "date": "2022-07-02",
    "symbol": "KVUE",
    "eps": 0.3154,
    "epsEstimated": null,
    "time": "bmo",
    "revenue": 3796000000,
    "revenueEstimated": null,
    "updatedFromDate": "2025-04-25",
    "fiscalDateEnding": "2022-06-30"
  },
  {
    "date": "2022-03-31",
    "symbol": "KVUE",
    "eps": 0.2795,
    "epsEstimated": null,
    "time": "bmo",
    "revenue": 3590000000,
    "revenueEstimated": null,
    "updatedFromDate": "2025-04-25",
    "fiscalDateEnding": "2022-03-31"
  },
  {
    "date": "2021-12-31",
    "symbol": "KVUE",
    "eps": 0.2176,
    "epsEstimated": null,
    "time": "bmo",
    "revenue": 3733000000,
    "revenueEstimated": null,
    "updatedFromDate": "2025-04-25",
    "fiscalDateEnding": "2021-12-31"
  }
]