[
  {
    "date": "2026-05-04",
    "symbol": "L",
    "eps": null,
    "epsEstimated": null,
    "time": "bmo",
    "revenue": null,
    "revenueEstimated": null,
    "updatedFromDate": "2025-10-02",
    "fiscalDateEnding": "2026-03-30"
  },
  {
    "date": "2026-02-09",
    "symbol": "L",
    "eps": null,
    "epsEstimated": null,
    "time": "bmo",
    "revenue": null,
    "revenueEstimated": null,
    "updatedFromDate": "2025-10-02",
    "fiscalDateEnding": "2025-12-30"
  },
  {
    "date": "2025-11-03",
    "symbol": "L",
    "eps": null,
    "epsEstimated": null,
    "time": "bmo",
    "revenue": null,
    "revenueEstimated": null,
    "updatedFromDate": "2025-10-02",
    "fiscalDateEnding": "2025-09-30"
  },
  {
    "date": "2025-08-04",
    "symbol": "L",
    "eps": 1.87,
    "epsEstimated": null,
    "time": "bmo",
    "revenue": 4555000000,
    "revenueEstimated": null,
    "updatedFromDate": "2025-10-02",
    "fiscalDateEnding": "2025-06-30"
  },
  {
    "date": "2025-05-05",
    "symbol": "L",
    "eps": 1.74,
    "epsEstimated": null,
    "time": "bmo",
    "revenue": 4438000000,
    "revenueEstimated": null,
    "updatedFromDate": "2025-08-05",
    "fiscalDateEnding": "2025-03-31"
  },
  {
    "date": "2025-02-10",
    "symbol": "L",
    "eps": 0.86,
    "epsEstimated": null,
    "time": "bmo",
    "revenue": 4470000000,
    "revenueEstimated": null,
    "updatedFromDate": "2025-07-18",
    "fiscalDateEnding": "2024-12-31"
  },
  {
    "date": "2024-11-04",
    "symbol": "L",
    "eps": 1.82,
    "epsEstimated": null,
    "time": "bmo",
    "revenue": 4399000000,
    "revenueEstimated": null,
    "updatedFromDate": "2025-07-18",
    "fiscalDateEnding": "2024-09-30"
  },
  {
    "date": "2024-07-29",
    "symbol": "L",
    "eps": 1.67,
    "epsEstimated": null,
    "time": "bmo",
    "revenue": 4193000000,
    "revenueEstimated": null,
    "updatedFromDate": "2025-07-18",
    "fiscalDateEnding": "2024-06-30"
  },
  {
    "date": "2024-05-06",
    "symbol": "L",
    "eps": 2.05,
    "epsEstimated": null,
    "time": "bmo",
    "revenue": 4177000000,
    "revenueEstimated": null,
    "updatedFromDate": "2025-07-18",
    "fiscalDateEnding": "2024-03-31"
  },
  {
    "date": "2024-02-05",
    "symbol": "L",
    "eps": 1.99,
    "epsEstimated": null,
    "time": "bmo",
    "revenue": 4192000000,
    "revenueEstimated": null,
    "updatedFromDate": "2025-07-18",
    "fiscalDateEnding": "2023-12-31"
  },
  {
    "date": "2023-10-30",
    "symbol": "L",
    "eps": 1.12,
    "epsEstimated": null,
    "time": "bmo",
    "revenue": 3897000000,
    "revenueEstimated": null,
    "updatedFromDate": "2025-07-18",
    "fiscalDateEnding": "2023-09-30"
  },
  {
    "date": "2023-07-31",
    "symbol": "L",
    "eps": 1.58,
    "epsEstimated": null,
    "time": "bmo",
    "revenue": 3833000000,
    "revenueEstimated": null,
    "updatedFromDate": "2025-07-18",
    "fiscalDateEnding": "2023-06-30"
  },
  {
    "date": "2023-05-01",
    "symbol": "L",
    "eps": 1.61,
    "epsEstimated": null,
    "time": "bmo",
    "revenue": 3756000000,
    "revenueEstimated": null,
    "updatedFromDate": "2025-07-18",
    "fiscalDateEnding": "2023-03-31"
  },
  {
    "date": "2023-02-06",
    "symbol": "L",
    "eps": 1.63,
    "epsEstimated": null,
    "time": "bmo",
    "revenue": 3793000000,
    "revenueEstimated": null,
    "updatedFromDate": "2025-07-18",
    "fiscalDateEnding": "2022-12-31"
  },
  {
    "date": "2022-10-31",
    "symbol": "L",
    "eps": 0.86,
    "epsEstimated": null,
    "time": "bmo",
    "revenue": 3461000000,
    "revenueEstimated": null,
    "updatedFromDate": "2025-07-18",
    "fiscalDateEnding": "2022-09-30"
  },
  {
    "date": "2022-08-01",
    "symbol": "L",
    "eps": 0.88,
    "epsEstimated": null,
    "time": "bmo",
    "revenue": 3388000000,
    "revenueEstimated": null,
    "updatedFromDate": "2025-07-18",
    "fiscalDateEnding": "2022-06-30"
  },
  {
    "date": "2022-05-02",
    "symbol": "L",
    "eps": 1.37,
    "epsEstimated": null,
    "time": "bmo",
    "revenue": 3402000000,
    "revenueEstimated": null,
    "updatedFromDate": "2025-07-18",
    "fiscalDateEnding": "2022-03-31"
  },
  {
    "date": "2022-02-07",
    "symbol": "L",
    "eps": 1.37,
    "epsEstimated": 0.806,
    "time": "bmo",
    "revenue": 3571000000,
    "revenueEstimated": null,
    "updatedFromDate": "2025-07-18",
    "fiscalDateEnding": "2021-12-31"
  },
  {
    "date": "2021-11-01",
    "symbol": "L",
    "eps": 0.85,
    "epsEstimated": 0.75,
    "time": "bmo",
    "revenue": 3282000000,
    "revenueEstimated": null,
    "updatedFromDate": "2025-07-18",
    "fiscalDateEnding": "2021-09-30"
  },
  {
    "date": "2021-08-02",
    "symbol": "L",
    "eps": 1.2,
    "epsEstimated": 0.75,
    "time": "bmo",
    "revenue": 3299000000,
    "revenueEstimated": null,
    "updatedFromDate": "2025-07-18",
    "fiscalDateEnding": "2021-06-30"
  },
  {
    "date": "2021-05-03",
    "symbol": "L",
    "eps": 0.81,
    "epsEstimated": 0.75,
    "time": "bmo",
    "revenue": 3575000000,
    "revenueEstimated": 5563392000,
    "updatedFromDate": "2025-07-18",
    "fiscalDateEnding": "2021-03-31"
  },
  {
    "date": "2021-02-08",
    "symbol": "L",
    "eps": 1.6,
    "epsEstimated": null,
    "time": "bmo",
    "revenue": 3608000000,
    "revenueEstimated": null,
    "updatedFromDate": "2025-07-18",
    "fiscalDateEnding": "2020-12-31"
  },
  {
    "date": "2020-11-02",
    "symbol": "L",
    "eps": 0.5,
    "epsEstimated": null,
    "time": "bmo",
    "revenue": 3394000000,
    "revenueEstimated": null,
    "updatedFromDate": "2025-07-18",
    "fiscalDateEnding": "2020-09-30"
  },
  {
    "date": "2020-08-03",
    "symbol": "L",
    "eps": 1.19,
    "epsEstimated": null,
    "time": "bmo",
    "revenue": 3464000000,
    "revenueEstimated": null,
    "updatedFromDate": "2025-07-18",
    "fiscalDateEnding": "2020-06-30"
  },
  {
    "date": "2020-05-04",
    "symbol": "L",
    "eps": -0.25,
    "epsEstimated": null,
    "time": "bmo",
    "revenue": 3201000000,
    "revenueEstimated": null,
    "updatedFromDate": "2025-07-18",
    "fiscalDateEnding": "2020-03-31"
  },
  {
    "date": "2020-02-10",
    "symbol": "L",
    "eps": 0.71,
    "epsEstimated": 0.72,
    "time": "bmo",
    "revenue": 3876000000,
    "revenueEstimated": null,
    "updatedFromDate": "2025-07-18",
    "fiscalDateEnding": "2019-12-31"
  },
  {
    "date": "2019-10-28",
    "symbol": "L",
    "eps": 0.74,
    "epsEstimated": 0.75,
    "time": "bmo",
    "revenue": 3675000000,
    "revenueEstimated": 10711363636,
    "updatedFromDate": "2025-07-18",
    "fiscalDateEnding": "2019-09-30"
  },
  {
    "date": "2019-08-05",
    "symbol": "L",
    "eps": 0.78,
    "epsEstimated": 0.75,
    "time": "bmo",
    "revenue": 3623000000,
    "revenueEstimated": 2951923076,
    "updatedFromDate": "2025-07-18",
    "fiscalDateEnding": "2019-06-30"
  },
  {
    "date": "2019-04-29",
    "symbol": "L",
    "eps": 1.2,
    "epsEstimated": 0.95,
    "time": "bmo",
    "revenue": 3757000000,
    "revenueEstimated": 2429625000,
    "updatedFromDate": "2025-07-18",
    "fiscalDateEnding": "2019-03-31"
  },
  {
    "date": "2019-02-11",
    "symbol": "L",
    "eps": 0.36,
    "epsEstimated": 0.53,
    "time": "bmo",
    "revenue": 3287000000,
    "revenueEstimated": 5865964285,
    "updatedFromDate": "2025-07-18",
    "fiscalDateEnding": "2018-12-31"
  },
  {
    "date": "2018-11-05",
    "symbol": "L",
    "eps": 0.84,
    "epsEstimated": 0.98,
    "time": "bmo",
    "revenue": 3608000000,
    "revenueEstimated": 3615500000,
    "updatedFromDate": "2025-07-18",
    "fiscalDateEnding": "2018-09-30"
  },
  {
    "date": "2018-07-30",
    "symbol": "L",
    "eps": 0.76,
    "epsEstimated": 0.73,
    "time": "bmo",
    "revenue": 3590000000,
    "revenueEstimated": 2921921052,
    "updatedFromDate": "2025-07-18",
    "fiscalDateEnding": "2018-06-30"
  },
  {
    "date": "2018-04-30",
    "symbol": "L",
    "eps": 0.8,
    "epsEstimated": 0.78,
    "time": "bmo",
    "revenue": 3581000000,
    "revenueEstimated": 2989350000,
    "updatedFromDate": "2025-07-18",
    "fiscalDateEnding": "2018-03-31"
  },
  {
    "date": "2018-02-12",
    "symbol": "L",
    "eps": 0.83,
    "epsEstimated": 0.72,
    "time": "bmo",
    "revenue": 3555000000,
    "revenueEstimated": 2614728395,
    "updatedFromDate": "2025-07-18",
    "fiscalDateEnding": "2017-12-31"
  },
  {
    "date": "2017-10-30",
    "symbol": "L",
    "eps": 0.53,
    "epsEstimated": 0.015,
    "time": "bmo",
    "revenue": 3521000000,
    "revenueEstimated": 111245283,
    "updatedFromDate": "2025-07-18",
    "fiscalDateEnding": "2017-09-30"
  },
  {
    "date": "2017-07-31",
    "symbol": "L",
    "eps": 0.68,
    "epsEstimated": 0.76,
    "time": "bmo",
    "revenue": 3359000000,
    "revenueEstimated": 3171882352,
    "updatedFromDate": "2025-07-18",
    "fiscalDateEnding": "2017-06-30"
  },
  {
    "date": "2017-05-01",
    "symbol": "L",
    "eps": 0.81,
    "epsEstimated": 0.66,
    "time": "bmo",
    "revenue": 3300000000,
    "revenueEstimated": 2169037037,
    "updatedFromDate": "2025-07-18",
    "fiscalDateEnding": "2017-03-31"
  },
  {
    "date": "2017-02-06",
    "symbol": "L",
    "eps": 0.73,
    "epsEstimated": 0.63,
    "time": "bmo",
    "revenue": 3338000000,
    "revenueEstimated": 2365520547,
    "updatedFromDate": "2025-07-18",
    "fiscalDateEnding": "2016-12-31"
  },
  {
    "date": "2016-10-31",
    "symbol": "L",
    "eps": 0.89,
    "epsEstimated": 0.69,
    "time": "bmo",
    "revenue": 3287000000,
    "revenueEstimated": 2078528089,
    "updatedFromDate": "2025-07-18",
    "fiscalDateEnding": "2016-09-30"
  },
  {
    "date": "2016-08-01",
    "symbol": "L",
    "eps": 0.6,
    "epsEstimated": 0.57,
    "time": "bmo",
    "revenue": 3307000000,
    "revenueEstimated": 2626830508,
    "updatedFromDate": "2025-07-18",
    "fiscalDateEnding": "2016-06-30"
  }
]