[
  {
    "date": "2026-05-04",
    "symbol": "LDOS",
    "eps": null,
    "epsEstimated": null,
    "time": "bmo",
    "revenue": null,
    "revenueEstimated": null,
    "updatedFromDate": "2025-10-01",
    "fiscalDateEnding": "2026-04-04"
  },
  {
    "date": "2026-02-09",
    "symbol": "LDOS",
    "eps": null,
    "epsEstimated": null,
    "time": "bmo",
    "revenue": null,
    "revenueEstimated": null,
    "updatedFromDate": "2025-10-01",
    "fiscalDateEnding": "2026-01-04"
  },
  {
    "date": "2025-11-04",
    "symbol": "LDOS",
    "eps": null,
    "epsEstimated": 2.62,
    "time": "bmo",
    "revenue": null,
    "revenueEstimated": 4283243000,
    "updatedFromDate": "2025-10-01",
    "fiscalDateEnding": "2025-10-04"
  },
  {
    "date": "2025-08-05",
    "symbol": "LDOS",
    "eps": 3.21,
    "epsEstimated": 2.66,
    "time": "bmo",
    "revenue": 4253000000,
    "revenueEstimated": 4234160417,
    "updatedFromDate": "2025-10-01",
    "fiscalDateEnding": "2025-07-04"
  },
  {
    "date": "2025-05-06",
    "symbol": "LDOS",
    "eps": 2.97,
    "epsEstimated": 2.5,
    "time": "bmo",
    "revenue": 4245000000,
    "revenueEstimated": 4092986286,
    "updatedFromDate": "2025-08-06",
    "fiscalDateEnding": "2025-04-04"
  },
  {
    "date": "2025-02-11",
    "symbol": "LDOS",
    "eps": 2.37,
    "epsEstimated": 2.24,
    "time": "bmo",
    "revenue": 4365000000,
    "revenueEstimated": 4132560000,
    "updatedFromDate": "2025-05-11",
    "fiscalDateEnding": "2025-01-03"
  },
  {
    "date": "2024-10-29",
    "symbol": "LDOS",
    "eps": 2.93,
    "epsEstimated": 2.02,
    "time": "bmo",
    "revenue": 4190000000,
    "revenueEstimated": 4060426383,
    "updatedFromDate": "2025-04-25",
    "fiscalDateEnding": "2024-09-27"
  },
  {
    "date": "2024-07-30",
    "symbol": "LDOS",
    "eps": 2.63,
    "epsEstimated": 2.27,
    "time": "bmo",
    "revenue": 4132000000,
    "revenueEstimated": 4063165580,
    "updatedFromDate": "2025-04-25",
    "fiscalDateEnding": "2024-06-28"
  },
  {
    "date": "2024-04-30",
    "symbol": "LDOS",
    "eps": 2.29,
    "epsEstimated": 1.7,
    "time": "bmo",
    "revenue": 3975000000,
    "revenueEstimated": 3818473823,
    "updatedFromDate": "2025-04-25",
    "fiscalDateEnding": "2024-03-29"
  },
  {
    "date": "2024-02-13",
    "symbol": "LDOS",
    "eps": 1.99,
    "epsEstimated": 1.74,
    "time": "bmo",
    "revenue": 3980000000,
    "revenueEstimated": 3803470000,
    "updatedFromDate": "2025-04-25",
    "fiscalDateEnding": "2023-12-29"
  },
  {
    "date": "2023-10-31",
    "symbol": "LDOS",
    "eps": 2.03,
    "epsEstimated": 1.64,
    "time": "bmo",
    "revenue": 3921000000,
    "revenueEstimated": 3773420000,
    "updatedFromDate": "2025-04-25",
    "fiscalDateEnding": "2023-09-29"
  },
  {
    "date": "2023-08-01",
    "symbol": "LDOS",
    "eps": 1.8,
    "epsEstimated": 1.57,
    "time": "bmo",
    "revenue": 3838000000,
    "revenueEstimated": 3726870000,
    "updatedFromDate": "2025-04-25",
    "fiscalDateEnding": "2023-06-30"
  },
  {
    "date": "2023-05-02",
    "symbol": "LDOS",
    "eps": 1.47,
    "epsEstimated": 1.59,
    "time": "bmo",
    "revenue": 3699000000,
    "revenueEstimated": 3652960000,
    "updatedFromDate": "2025-04-25",
    "fiscalDateEnding": "2023-03-31"
  },
  {
    "date": "2023-02-14",
    "symbol": "LDOS",
    "eps": 1.83,
    "epsEstimated": 1.61,
    "time": "bmo",
    "revenue": 3697000000,
    "revenueEstimated": 3624254500,
    "updatedFromDate": "2025-04-25",
    "fiscalDateEnding": "2022-12-30"
  },
  {
    "date": "2022-11-01",
    "symbol": "LDOS",
    "eps": 1.59,
    "epsEstimated": 1.56,
    "time": "bmo",
    "revenue": 3608000000,
    "revenueEstimated": 3555021667,
    "updatedFromDate": "2025-04-25",
    "fiscalDateEnding": "2022-09-30"
  },
  {
    "date": "2022-08-02",
    "symbol": "LDOS",
    "eps": 1.59,
    "epsEstimated": 1.56,
    "time": "bmo",
    "revenue": 3597000000,
    "revenueEstimated": 3516216455,
    "updatedFromDate": "2025-04-25",
    "fiscalDateEnding": "2022-07-01"
  },
  {
    "date": "2022-05-03",
    "symbol": "LDOS",
    "eps": 1.58,
    "epsEstimated": 1.5,
    "time": "bmo",
    "revenue": 3494000000,
    "revenueEstimated": 3383349909,
    "updatedFromDate": "2025-04-25",
    "fiscalDateEnding": "2022-04-01"
  },
  {
    "date": "2022-02-15",
    "symbol": "LDOS",
    "eps": 1.56,
    "epsEstimated": 1.6,
    "time": "bmo",
    "revenue": 3491000000,
    "revenueEstimated": 3514564400,
    "updatedFromDate": "2025-04-25",
    "fiscalDateEnding": "2021-12-31"
  },
  {
    "date": "2021-11-02",
    "symbol": "LDOS",
    "eps": 1.8,
    "epsEstimated": 1.62,
    "time": "bmo",
    "revenue": 3483000000,
    "revenueEstimated": 3602390000,
    "updatedFromDate": "2025-04-25",
    "fiscalDateEnding": "2021-10-01"
  },
  {
    "date": "2021-08-03",
    "symbol": "LDOS",
    "eps": 1.52,
    "epsEstimated": 1.58,
    "time": "bmo",
    "revenue": 3448000000,
    "revenueEstimated": 3375010000,
    "updatedFromDate": "2025-04-25",
    "fiscalDateEnding": "2021-07-02"
  },
  {
    "date": "2021-05-04",
    "symbol": "LDOS",
    "eps": 1.73,
    "epsEstimated": 1.48,
    "time": "bmo",
    "revenue": 3315000000,
    "revenueEstimated": 3251380000,
    "updatedFromDate": "2025-04-25",
    "fiscalDateEnding": "2021-04-02"
  },
  {
    "date": "2021-02-23",
    "symbol": "LDOS",
    "eps": 1.63,
    "epsEstimated": 1.61,
    "time": "bmo",
    "revenue": 3252000000,
    "revenueEstimated": 10907749996,
    "updatedFromDate": "2025-04-25",
    "fiscalDateEnding": "2021-01-01"
  },
  {
    "date": "2020-11-02",
    "symbol": "LDOS",
    "eps": 1.47,
    "epsEstimated": 1.24,
    "time": "bmo",
    "revenue": 3242000000,
    "revenueEstimated": 2734748299,
    "updatedFromDate": "2025-04-25",
    "fiscalDateEnding": "2020-10-02"
  },
  {
    "date": "2020-08-04",
    "symbol": "LDOS",
    "eps": 1.55,
    "epsEstimated": 1.07,
    "time": "bmo",
    "revenue": 2914000000,
    "revenueEstimated": 2049200000,
    "updatedFromDate": "2025-04-25",
    "fiscalDateEnding": "2020-07-03"
  },
  {
    "date": "2020-05-05",
    "symbol": "LDOS",
    "eps": 1.19,
    "epsEstimated": 1.24,
    "time": "bmo",
    "revenue": 2889000000,
    "revenueEstimated": 2986109243,
    "updatedFromDate": "2025-04-25",
    "fiscalDateEnding": "2020-04-03"
  },
  {
    "date": "2020-02-18",
    "symbol": "LDOS",
    "eps": 1.51,
    "epsEstimated": 1.35,
    "time": "bmo",
    "revenue": 2954000000,
    "revenueEstimated": 2640993377,
    "updatedFromDate": "2025-04-25",
    "fiscalDateEnding": "2020-01-03"
  },
  {
    "date": "2019-10-29",
    "symbol": "LDOS",
    "eps": 1.36,
    "epsEstimated": 1.19,
    "time": "bmo",
    "revenue": 2835000000,
    "revenueEstimated": 2480624999,
    "updatedFromDate": "2025-04-25",
    "fiscalDateEnding": "2019-09-27"
  },
  {
    "date": "2019-07-30",
    "symbol": "LDOS",
    "eps": 1.16,
    "epsEstimated": 1.11,
    "time": "bmo",
    "revenue": 2728000000,
    "revenueEstimated": 2610413793,
    "updatedFromDate": "2025-04-25",
    "fiscalDateEnding": "2019-06-28"
  },
  {
    "date": "2019-04-30",
    "symbol": "LDOS",
    "eps": 1.13,
    "epsEstimated": 1,
    "time": "bmo",
    "revenue": 2577000000,
    "revenueEstimated": 2280530973,
    "updatedFromDate": "2025-04-25",
    "fiscalDateEnding": "2019-03-29"
  },
  {
    "date": "2019-02-19",
    "symbol": "LDOS",
    "eps": 1.1,
    "epsEstimated": 1.07,
    "time": "bmo",
    "revenue": 2647000000,
    "revenueEstimated": 2574809090,
    "updatedFromDate": "2025-04-25",
    "fiscalDateEnding": "2018-12-28"
  },
  {
    "date": "2018-10-25",
    "symbol": "LDOS",
    "eps": 1.14,
    "epsEstimated": 1.11,
    "time": "bmo",
    "revenue": 2575000000,
    "revenueEstimated": 2507236842,
    "updatedFromDate": "2025-04-25",
    "fiscalDateEnding": "2018-09-28"
  },
  {
    "date": "2018-07-26",
    "symbol": "LDOS",
    "eps": 1.12,
    "epsEstimated": 1.06,
    "time": "bmo",
    "revenue": 2529000000,
    "revenueEstimated": 2393517857,
    "updatedFromDate": "2025-04-25",
    "fiscalDateEnding": "2018-06-29"
  },
  {
    "date": "2018-05-03",
    "symbol": "LDOS",
    "eps": 1.03,
    "epsEstimated": 1.03,
    "time": "bmo",
    "revenue": 2443000000,
    "revenueEstimated": 2443000000,
    "updatedFromDate": "2025-04-25",
    "fiscalDateEnding": "2018-03-30"
  },
  {
    "date": "2018-02-22",
    "symbol": "LDOS",
    "eps": 0.87,
    "epsEstimated": 0.84,
    "time": "bmo",
    "revenue": 2516000000,
    "revenueEstimated": 2458160919,
    "updatedFromDate": "2025-04-25",
    "fiscalDateEnding": "2017-12-29"
  },
  {
    "date": "2017-11-02",
    "symbol": "LDOS",
    "eps": 0.95,
    "epsEstimated": 0.8,
    "time": "bmo",
    "revenue": 2503000000,
    "revenueEstimated": 2160484210,
    "updatedFromDate": "2025-04-25",
    "fiscalDateEnding": "2017-09-29"
  },
  {
    "date": "2017-08-03",
    "symbol": "LDOS",
    "eps": 1.04,
    "epsEstimated": 0.77,
    "time": "bmo",
    "revenue": 2571000000,
    "revenueEstimated": 1977692307,
    "updatedFromDate": "2025-04-25",
    "fiscalDateEnding": "2017-06-30"
  },
  {
    "date": "2017-05-04",
    "symbol": "LDOS",
    "eps": 0.88,
    "epsEstimated": 0.78,
    "time": "bmo",
    "revenue": 2580000000,
    "revenueEstimated": 2316136363,
    "updatedFromDate": "2025-04-25",
    "fiscalDateEnding": "2017-03-31"
  },
  {
    "date": "2017-02-23",
    "symbol": "LDOS",
    "eps": 0.75,
    "epsEstimated": 0.81,
    "time": "bmo",
    "revenue": 2575000000,
    "revenueEstimated": 2849666666,
    "updatedFromDate": "2025-04-25",
    "fiscalDateEnding": "2016-12-30"
  },
  {
    "date": "2016-11-03",
    "symbol": "LDOS",
    "eps": 1.25,
    "epsEstimated": 0.95,
    "time": "bmo",
    "revenue": 1868000000,
    "revenueEstimated": 1434624000,
    "updatedFromDate": "2025-04-25",
    "fiscalDateEnding": "2016-09-30"
  },
  {
    "date": "2016-07-28",
    "symbol": "LDOS",
    "eps": 0.68,
    "epsEstimated": 0.73,
    "time": "bmo",
    "revenue": 1288000000,
    "revenueEstimated": 1382705882,
    "updatedFromDate": "2025-04-25",
    "fiscalDateEnding": "2016-07-01"
  }
]