[
  {
    "date": "2026-03-18",
    "symbol": "LEN",
    "eps": null,
    "epsEstimated": null,
    "time": "amc",
    "revenue": null,
    "revenueEstimated": null,
    "updatedFromDate": "2025-10-02",
    "fiscalDateEnding": "2026-02-28"
  },
  {
    "date": "2025-12-17",
    "symbol": "LEN",
    "eps": null,
    "epsEstimated": 2.45,
    "time": "amc",
    "revenue": null,
    "revenueEstimated": 9172863540,
    "updatedFromDate": "2025-10-02",
    "fiscalDateEnding": "2025-11-30"
  },
  {
    "date": "2025-09-18",
    "symbol": "LEN",
    "eps": 2,
    "epsEstimated": 2.1,
    "time": "amc",
    "revenue": 8810278000,
    "revenueEstimated": 8971023193,
    "updatedFromDate": "2025-10-02",
    "fiscalDateEnding": "2025-08-31"
  },
  {
    "date": "2025-06-16",
    "symbol": "LEN",
    "eps": 1.9,
    "epsEstimated": 1.94,
    "time": "amc",
    "revenue": 8377502000,
    "revenueEstimated": 8177203416,
    "updatedFromDate": "2025-09-16",
    "fiscalDateEnding": "2025-05-31"
  },
  {
    "date": "2025-03-20",
    "symbol": "LEN",
    "eps": 2.14,
    "epsEstimated": 1.7,
    "time": "amc",
    "revenue": 7631545000,
    "revenueEstimated": 7432539751,
    "updatedFromDate": "2025-09-06",
    "fiscalDateEnding": "2025-02-28"
  },
  {
    "date": "2025-01-23",
    "symbol": "LEN",
    "eps": 4.1,
    "epsEstimated": null,
    "time": "bmo",
    "revenue": 9946888000,
    "revenueEstimated": null,
    "updatedFromDate": "2025-09-06",
    "fiscalDateEnding": "2024-11-30"
  },
  {
    "date": "2024-12-18",
    "symbol": "LEN",
    "eps": 4.03,
    "epsEstimated": 3.98,
    "time": "amc",
    "revenue": 9416042000,
    "revenueEstimated": 10059928749,
    "updatedFromDate": "2025-09-06",
    "fiscalDateEnding": "2024-08-31"
  },
  {
    "date": "2024-06-17",
    "symbol": "LEN",
    "eps": 3.45,
    "epsEstimated": 3.24,
    "time": "amc",
    "revenue": 8765592000,
    "revenueEstimated": 8482852078,
    "updatedFromDate": "2025-09-06",
    "fiscalDateEnding": "2024-05-31"
  },
  {
    "date": "2024-04-25",
    "symbol": "LEN",
    "eps": 4.87,
    "epsEstimated": null,
    "time": "bmo",
    "revenue": 10968183000,
    "revenueEstimated": null,
    "updatedFromDate": "2025-09-06",
    "fiscalDateEnding": "2023-11-30"
  },
  {
    "date": "2024-03-13",
    "symbol": "LEN",
    "eps": 2.57,
    "epsEstimated": 2.2,
    "time": "amc",
    "revenue": 7312930000,
    "revenueEstimated": 7389618661,
    "updatedFromDate": "2025-09-06",
    "fiscalDateEnding": "2024-02-29"
  },
  {
    "date": "2023-12-14",
    "symbol": "LEN",
    "eps": 4.82,
    "epsEstimated": 4.59,
    "time": "amc",
    "revenue": 8729603000,
    "revenueEstimated": 10222000000,
    "updatedFromDate": "2025-09-06",
    "fiscalDateEnding": "2023-08-31"
  },
  {
    "date": "2023-06-14",
    "symbol": "LEN",
    "eps": 3.01,
    "epsEstimated": 2.32,
    "time": "amc",
    "revenue": 8045151000,
    "revenueEstimated": 7866950000,
    "updatedFromDate": "2025-09-06",
    "fiscalDateEnding": "2023-05-31"
  },
  {
    "date": "2023-03-14",
    "symbol": "LEN",
    "eps": 2.06,
    "epsEstimated": 1.55,
    "time": "amc",
    "revenue": 6490429000,
    "revenueEstimated": 6739330000,
    "updatedFromDate": "2025-09-06",
    "fiscalDateEnding": "2023-02-28"
  },
  {
    "date": "2023-01-26",
    "symbol": "LEN",
    "eps": 4.6,
    "epsEstimated": null,
    "time": "bmo",
    "revenue": 10174367000,
    "revenueEstimated": null,
    "updatedFromDate": "2025-09-06",
    "fiscalDateEnding": "2022-11-30"
  },
  {
    "date": "2022-12-14",
    "symbol": "LEN",
    "eps": 4.55,
    "epsEstimated": 4.9,
    "time": "amc",
    "revenue": 8934431000,
    "revenueEstimated": 9971246562,
    "updatedFromDate": "2025-09-06",
    "fiscalDateEnding": "2022-08-31"
  },
  {
    "date": "2022-06-21",
    "symbol": "LEN",
    "eps": 4.49,
    "epsEstimated": 3.96,
    "time": "bmo",
    "revenue": 8358696000,
    "revenueEstimated": 8119317257,
    "updatedFromDate": "2025-09-06",
    "fiscalDateEnding": "2022-05-31"
  },
  {
    "date": "2022-03-16",
    "symbol": "LEN",
    "eps": 2.7,
    "epsEstimated": 2.6,
    "time": "amc",
    "revenue": 6203516000,
    "revenueEstimated": 6164434191,
    "updatedFromDate": "2025-09-06",
    "fiscalDateEnding": "2022-02-28"
  },
  {
    "date": "2022-01-28",
    "symbol": "LEN",
    "eps": 3.95,
    "epsEstimated": null,
    "time": "bmo",
    "revenue": 8433560000,
    "revenueEstimated": null,
    "updatedFromDate": "2025-09-06",
    "fiscalDateEnding": "2021-11-30"
  },
  {
    "date": "2021-12-15",
    "symbol": "LEN",
    "eps": 3.91,
    "epsEstimated": 4.15,
    "time": "amc",
    "revenue": 6941403000,
    "revenueEstimated": 6031500000,
    "updatedFromDate": "2025-09-06",
    "fiscalDateEnding": "2021-08-31"
  },
  {
    "date": "2021-06-16",
    "symbol": "LEN",
    "eps": 2.4,
    "epsEstimated": 2.36,
    "time": "amc",
    "revenue": 6430245000,
    "revenueEstimated": 5848020000,
    "updatedFromDate": "2025-09-06",
    "fiscalDateEnding": "2021-05-31"
  },
  {
    "date": "2021-03-16",
    "symbol": "LEN",
    "eps": 2.04,
    "epsEstimated": 1.65,
    "time": "amc",
    "revenue": 5325468000,
    "revenueEstimated": 3815417530,
    "updatedFromDate": "2025-09-06",
    "fiscalDateEnding": "2021-02-28"
  },
  {
    "date": "2021-01-22",
    "symbol": "LEN",
    "eps": 2.86,
    "epsEstimated": null,
    "time": "bmo",
    "revenue": 6825890000,
    "revenueEstimated": null,
    "updatedFromDate": "2025-09-06",
    "fiscalDateEnding": "2020-11-30"
  },
  {
    "date": "2020-12-16",
    "symbol": "LEN",
    "eps": 2.12,
    "epsEstimated": 1.55,
    "time": "amc",
    "revenue": 5870254000,
    "revenueEstimated": 4319620867,
    "updatedFromDate": "2025-09-06",
    "fiscalDateEnding": "2020-08-31"
  },
  {
    "date": "2020-06-15",
    "symbol": "LEN",
    "eps": 1.65,
    "epsEstimated": 1.18,
    "time": "bmo",
    "revenue": 5287373000,
    "revenueEstimated": 3781272812,
    "updatedFromDate": "2025-09-06",
    "fiscalDateEnding": "2020-05-31"
  },
  {
    "date": "2020-03-19",
    "symbol": "LEN",
    "eps": 1.27,
    "epsEstimated": 0.84,
    "time": "bmo",
    "revenue": 4505337000,
    "revenueEstimated": 2979907937,
    "updatedFromDate": "2025-09-06",
    "fiscalDateEnding": "2020-02-29"
  },
  {
    "date": "2020-01-08",
    "symbol": "LEN",
    "eps": 2.13,
    "epsEstimated": 1.9,
    "time": "bmo",
    "revenue": 6971531000,
    "revenueEstimated": 6218736572,
    "updatedFromDate": "2025-09-06",
    "fiscalDateEnding": "2019-11-30"
  },
  {
    "date": "2019-10-02",
    "symbol": "LEN",
    "eps": 1.59,
    "epsEstimated": 1.32,
    "time": "bmo",
    "revenue": 5857058000,
    "revenueEstimated": 4862463245,
    "updatedFromDate": "2025-09-06",
    "fiscalDateEnding": "2019-08-31"
  },
  {
    "date": "2019-06-25",
    "symbol": "LEN",
    "eps": 1.3,
    "epsEstimated": 1.14,
    "time": "bmo",
    "revenue": 5562890000,
    "revenueEstimated": 8270236984,
    "updatedFromDate": "2025-09-06",
    "fiscalDateEnding": "2019-05-31"
  },
  {
    "date": "2019-03-27",
    "symbol": "LEN",
    "eps": 0.74,
    "epsEstimated": 0.75,
    "time": "bmo",
    "revenue": 3868082000,
    "revenueEstimated": 3920353378,
    "updatedFromDate": "2025-09-06",
    "fiscalDateEnding": "2019-02-28"
  },
  {
    "date": "2019-01-09",
    "symbol": "LEN",
    "eps": 1.84,
    "epsEstimated": 1.92,
    "time": "bmo",
    "revenue": 6459210000,
    "revenueEstimated": 5124662479,
    "updatedFromDate": "2025-09-06",
    "fiscalDateEnding": "2018-11-30"
  },
  {
    "date": "2018-10-03",
    "symbol": "LEN",
    "eps": 1.3,
    "epsEstimated": 1.21,
    "time": "bmo",
    "revenue": 5672569000,
    "revenueEstimated": 5010106569,
    "updatedFromDate": "2025-09-06",
    "fiscalDateEnding": "2018-08-31"
  },
  {
    "date": "2018-06-26",
    "symbol": "LEN",
    "eps": 1.58,
    "epsEstimated": 0.45,
    "time": "bmo",
    "revenue": 5459061000,
    "revenueEstimated": 4053352789,
    "updatedFromDate": "2025-09-06",
    "fiscalDateEnding": "2018-05-31"
  },
  {
    "date": "2018-04-04",
    "symbol": "LEN",
    "eps": 1.11,
    "epsEstimated": 0.92,
    "time": "bmo",
    "revenue": 2980791000,
    "revenueEstimated": 4330596226,
    "updatedFromDate": "2025-09-06",
    "fiscalDateEnding": "2018-02-28"
  },
  {
    "date": "2018-01-10",
    "symbol": "LEN",
    "eps": 1.29,
    "epsEstimated": 1.48,
    "time": "bmo",
    "revenue": 3785569000,
    "revenueEstimated": 4343168992,
    "updatedFromDate": "2025-09-06",
    "fiscalDateEnding": "2017-11-30"
  },
  {
    "date": "2017-10-03",
    "symbol": "LEN",
    "eps": 1.06,
    "epsEstimated": 1.01,
    "time": "bmo",
    "revenue": 3261476000,
    "revenueEstimated": 3107655660,
    "updatedFromDate": "2025-09-06",
    "fiscalDateEnding": "2017-08-31"
  },
  {
    "date": "2017-06-20",
    "symbol": "LEN",
    "eps": 0.91,
    "epsEstimated": 0.78,
    "time": "bmo",
    "revenue": 3261892000,
    "revenueEstimated": 2795914285,
    "updatedFromDate": "2025-09-06",
    "fiscalDateEnding": "2017-05-31"
  },
  {
    "date": "2017-04-10",
    "symbol": "LEN",
    "eps": 0.59,
    "epsEstimated": 0.55,
    "time": "bmo",
    "revenue": 2337428000,
    "revenueEstimated": 2295660714,
    "updatedFromDate": "2025-09-06",
    "fiscalDateEnding": "2017-02-28"
  },
  {
    "date": "2017-01-20",
    "symbol": "LEN",
    "eps": 1.32,
    "epsEstimated": null,
    "time": "bmo",
    "revenue": 3376626000,
    "revenueEstimated": null,
    "updatedFromDate": "2025-09-06",
    "fiscalDateEnding": "2016-11-30"
  },
  {
    "date": "2016-12-19",
    "symbol": "LEN",
    "eps": 1.34,
    "epsEstimated": 1.27,
    "time": "bmo",
    "revenue": 2833894000,
    "revenueEstimated": 3245749023,
    "updatedFromDate": "2025-09-06",
    "fiscalDateEnding": "2016-08-31"
  },
  {
    "date": "2016-06-21",
    "symbol": "LEN",
    "eps": 0.95,
    "epsEstimated": 0.86,
    "time": "bmo",
    "revenue": 2745815000,
    "revenueEstimated": 2485671578,
    "updatedFromDate": "2025-09-06",
    "fiscalDateEnding": "2016-05-31"
  }
]