[
  {
    "date": "2026-04-22",
    "symbol": "LHX",
    "eps": null,
    "epsEstimated": null,
    "time": "bmo",
    "revenue": null,
    "revenueEstimated": null,
    "updatedFromDate": "2025-10-02",
    "fiscalDateEnding": "2026-03-27"
  },
  {
    "date": "2026-01-28",
    "symbol": "LHX",
    "eps": null,
    "epsEstimated": null,
    "time": "bmo",
    "revenue": null,
    "revenueEstimated": null,
    "updatedFromDate": "2025-10-02",
    "fiscalDateEnding": "2025-12-27"
  },
  {
    "date": "2025-10-30",
    "symbol": "LHX",
    "eps": null,
    "epsEstimated": 2.6,
    "time": "bmo",
    "revenue": null,
    "revenueEstimated": 5511699810,
    "updatedFromDate": "2025-10-02",
    "fiscalDateEnding": "2025-09-27"
  },
  {
    "date": "2025-07-24",
    "symbol": "LHX",
    "eps": 2.78,
    "epsEstimated": 2.48,
    "time": "bmo",
    "revenue": 5426000000,
    "revenueEstimated": 5314153657,
    "updatedFromDate": "2025-10-02",
    "fiscalDateEnding": "2025-06-27"
  },
  {
    "date": "2025-04-24",
    "symbol": "LHX",
    "eps": 2.41,
    "epsEstimated": 2.31,
    "time": "bmo",
    "revenue": 5132000000,
    "revenueEstimated": 5204470216,
    "updatedFromDate": "2025-07-23",
    "fiscalDateEnding": "2025-03-28"
  },
  {
    "date": "2025-01-30",
    "symbol": "LHX",
    "eps": 3.47,
    "epsEstimated": 3.42,
    "time": "bmo",
    "revenue": 5523000000,
    "revenueEstimated": 5502281459,
    "updatedFromDate": "2025-04-30",
    "fiscalDateEnding": "2025-01-03"
  },
  {
    "date": "2024-10-24",
    "symbol": "LHX",
    "eps": 3.34,
    "epsEstimated": 3.25,
    "time": "amc",
    "revenue": 5292000000,
    "revenueEstimated": 5282509628,
    "updatedFromDate": "2025-04-25",
    "fiscalDateEnding": "2024-09-27"
  },
  {
    "date": "2024-07-25",
    "symbol": "LHX",
    "eps": 3.24,
    "epsEstimated": 3.18,
    "time": "amc",
    "revenue": 5299000000,
    "revenueEstimated": 5301353466,
    "updatedFromDate": "2025-04-25",
    "fiscalDateEnding": "2024-06-28"
  },
  {
    "date": "2024-04-25",
    "symbol": "LHX",
    "eps": 3.06,
    "epsEstimated": 2.91,
    "time": "amc",
    "revenue": 5211000000,
    "revenueEstimated": 5111022467,
    "updatedFromDate": "2025-04-25",
    "fiscalDateEnding": "2024-03-29"
  },
  {
    "date": "2024-01-25",
    "symbol": "LHX",
    "eps": 3.35,
    "epsEstimated": 3.31,
    "time": "amc",
    "revenue": 5340000000,
    "revenueEstimated": 5169540000,
    "updatedFromDate": "2025-04-25",
    "fiscalDateEnding": "2023-12-29"
  },
  {
    "date": "2023-10-26",
    "symbol": "LHX",
    "eps": 3.19,
    "epsEstimated": 3.06,
    "time": "amc",
    "revenue": 4915000000,
    "revenueEstimated": 4760150000,
    "updatedFromDate": "2025-04-25",
    "fiscalDateEnding": "2023-09-29"
  },
  {
    "date": "2023-07-26",
    "symbol": "LHX",
    "eps": 2.97,
    "epsEstimated": 2.94,
    "time": "amc",
    "revenue": 4693000000,
    "revenueEstimated": 4372700000,
    "updatedFromDate": "2025-04-25",
    "fiscalDateEnding": "2023-06-30"
  },
  {
    "date": "2023-04-27",
    "symbol": "LHX",
    "eps": 2.86,
    "epsEstimated": 2.87,
    "time": "amc",
    "revenue": 4471000000,
    "revenueEstimated": 3863410000,
    "updatedFromDate": "2025-04-25",
    "fiscalDateEnding": "2023-03-31"
  },
  {
    "date": "2023-01-26",
    "symbol": "LHX",
    "eps": 3.27,
    "epsEstimated": 3.21,
    "time": "amc",
    "revenue": 4578000000,
    "revenueEstimated": 4341576400,
    "updatedFromDate": "2025-04-25",
    "fiscalDateEnding": "2022-12-30"
  },
  {
    "date": "2022-10-27",
    "symbol": "LHX",
    "eps": 3.26,
    "epsEstimated": 3.44,
    "time": "amc",
    "revenue": 4246000000,
    "revenueEstimated": 4406169485,
    "updatedFromDate": "2025-04-25",
    "fiscalDateEnding": "2022-09-30"
  },
  {
    "date": "2022-07-28",
    "symbol": "LHX",
    "eps": 3.23,
    "epsEstimated": 3.16,
    "time": "amc",
    "revenue": 4135000000,
    "revenueEstimated": 4225272369,
    "updatedFromDate": "2025-04-25",
    "fiscalDateEnding": "2022-07-01"
  },
  {
    "date": "2022-04-28",
    "symbol": "LHX",
    "eps": 3.12,
    "epsEstimated": 3.05,
    "time": "amc",
    "revenue": 4103000000,
    "revenueEstimated": 4141645612,
    "updatedFromDate": "2025-04-25",
    "fiscalDateEnding": "2022-04-01"
  },
  {
    "date": "2022-01-31",
    "symbol": "LHX",
    "eps": 3.3,
    "epsEstimated": 3.25,
    "time": "bmo",
    "revenue": 4350000000,
    "revenueEstimated": 3635540000,
    "updatedFromDate": "2025-04-25",
    "fiscalDateEnding": "2021-12-31"
  },
  {
    "date": "2021-10-29",
    "symbol": "LHX",
    "eps": 3.21,
    "epsEstimated": 3.16,
    "time": "bmo",
    "revenue": 4229000000,
    "revenueEstimated": 4539350000,
    "updatedFromDate": "2025-04-25",
    "fiscalDateEnding": "2021-10-01"
  },
  {
    "date": "2021-08-03",
    "symbol": "LHX",
    "eps": 3.26,
    "epsEstimated": 3.17,
    "time": "bmo",
    "revenue": 4668000000,
    "revenueEstimated": 4625780000,
    "updatedFromDate": "2025-04-25",
    "fiscalDateEnding": "2021-07-02"
  },
  {
    "date": "2021-04-30",
    "symbol": "LHX",
    "eps": 3.18,
    "epsEstimated": 2.92,
    "time": "bmo",
    "revenue": 4567000000,
    "revenueEstimated": null,
    "updatedFromDate": "2025-04-25",
    "fiscalDateEnding": "2021-04-02"
  },
  {
    "date": "2021-01-29",
    "symbol": "LHX",
    "eps": 3.14,
    "epsEstimated": 3.07,
    "time": "bmo",
    "revenue": 4660000000,
    "revenueEstimated": null,
    "updatedFromDate": "2025-04-25",
    "fiscalDateEnding": "2021-01-01"
  },
  {
    "date": "2020-10-30",
    "symbol": "LHX",
    "eps": 2.84,
    "epsEstimated": 2.72,
    "time": "bmo",
    "revenue": 4463000000,
    "revenueEstimated": 4305852112,
    "updatedFromDate": "2025-04-25",
    "fiscalDateEnding": "2020-10-02"
  },
  {
    "date": "2020-07-31",
    "symbol": "LHX",
    "eps": 2.83,
    "epsEstimated": 2.62,
    "time": "bmo",
    "revenue": 4445000000,
    "revenueEstimated": 4099452296,
    "updatedFromDate": "2025-04-25",
    "fiscalDateEnding": "2020-07-03"
  },
  {
    "date": "2020-05-05",
    "symbol": "LHX",
    "eps": 2.8,
    "epsEstimated": 2.61,
    "time": "bmo",
    "revenue": 4626000000,
    "revenueEstimated": 4328614285,
    "updatedFromDate": "2025-04-25",
    "fiscalDateEnding": "2020-04-03"
  },
  {
    "date": "2020-02-04",
    "symbol": "LHX",
    "eps": 2.85,
    "epsEstimated": 2.75,
    "time": "bmo",
    "revenue": 4832000000,
    "revenueEstimated": 4713319298,
    "updatedFromDate": "2025-04-25",
    "fiscalDateEnding": "2019-12-31"
  },
  {
    "date": "2019-10-30",
    "symbol": "LHX",
    "eps": 2.58,
    "epsEstimated": 2.39,
    "time": "bmo",
    "revenue": 4431000000,
    "revenueEstimated": 4087511627,
    "updatedFromDate": "2025-04-25",
    "fiscalDateEnding": "2019-09-27"
  },
  {
    "date": "2019-07-31",
    "symbol": "LHX",
    "eps": 2.42,
    "epsEstimated": 2.26,
    "time": "bmo",
    "revenue": 1865000000,
    "revenueEstimated": 1741694214,
    "updatedFromDate": "2025-04-25",
    "fiscalDateEnding": "2019-06-28"
  },
  {
    "date": "2019-05-01",
    "symbol": "LHX",
    "eps": 2.11,
    "epsEstimated": 2.03,
    "time": "bmo",
    "revenue": 1728000000,
    "revenueEstimated": 1662483412,
    "updatedFromDate": "2025-04-25",
    "fiscalDateEnding": "2019-03-29"
  },
  {
    "date": "2019-01-29",
    "symbol": "LHX",
    "eps": 1.96,
    "epsEstimated": 1.91,
    "time": "bmo",
    "revenue": 1666000000,
    "revenueEstimated": 1623500000,
    "updatedFromDate": "2025-04-25",
    "fiscalDateEnding": "2018-12-28"
  },
  {
    "date": "2018-10-14",
    "symbol": "LHX",
    "eps": 1.78,
    "epsEstimated": 1.71,
    "time": "bmo",
    "revenue": 1542000000,
    "revenueEstimated": 1481359550,
    "updatedFromDate": "2025-04-25",
    "fiscalDateEnding": "2018-09-28"
  },
  {
    "date": "2018-07-31",
    "symbol": "LHX",
    "eps": 1.78,
    "epsEstimated": 1.76,
    "time": "bmo",
    "revenue": 1666000000,
    "revenueEstimated": 1642337078,
    "updatedFromDate": "2025-04-25",
    "fiscalDateEnding": "2018-06-29"
  },
  {
    "date": "2018-05-02",
    "symbol": "LHX",
    "eps": 1.67,
    "epsEstimated": 1.63,
    "time": "bmo",
    "revenue": 1562000000,
    "revenueEstimated": 1524586826,
    "updatedFromDate": "2025-04-25",
    "fiscalDateEnding": "2018-03-30"
  },
  {
    "date": "2018-01-30",
    "symbol": "LHX",
    "eps": 1.67,
    "epsEstimated": 1.39,
    "time": "bmo",
    "revenue": 1535000000,
    "revenueEstimated": 1277634730,
    "updatedFromDate": "2025-04-25",
    "fiscalDateEnding": "2017-12-29"
  },
  {
    "date": "2017-10-31",
    "symbol": "LHX",
    "eps": 1.38,
    "epsEstimated": 1.34,
    "time": "bmo",
    "revenue": 1410000000,
    "revenueEstimated": 1369130434,
    "updatedFromDate": "2025-04-25",
    "fiscalDateEnding": "2017-09-29"
  },
  {
    "date": "2017-08-01",
    "symbol": "LHX",
    "eps": 1.49,
    "epsEstimated": 1.49,
    "time": "bmo",
    "revenue": 1542000000,
    "revenueEstimated": 1539000000,
    "updatedFromDate": "2025-04-25",
    "fiscalDateEnding": "2017-06-30"
  },
  {
    "date": "2017-05-03",
    "symbol": "LHX",
    "eps": 1.38,
    "epsEstimated": 1.31,
    "time": "bmo",
    "revenue": 1489000000,
    "revenueEstimated": 1413471014,
    "updatedFromDate": "2025-04-25",
    "fiscalDateEnding": "2017-03-31"
  },
  {
    "date": "2017-02-02",
    "symbol": "LHX",
    "eps": 1.42,
    "epsEstimated": 1.38,
    "time": "bmo",
    "revenue": 1449000000,
    "revenueEstimated": 1408183098,
    "updatedFromDate": "2025-04-25",
    "fiscalDateEnding": "2016-12-30"
  },
  {
    "date": "2016-11-01",
    "symbol": "LHX",
    "eps": 1.39,
    "epsEstimated": 1.34,
    "time": "bmo",
    "revenue": 1420000000,
    "revenueEstimated": 1368920863,
    "updatedFromDate": "2025-04-25",
    "fiscalDateEnding": "2016-09-30"
  },
  {
    "date": "2016-08-02",
    "symbol": "LHX",
    "eps": 1.45,
    "epsEstimated": 1.44,
    "time": "bmo",
    "revenue": 1904000000,
    "revenueEstimated": 1522427586,
    "updatedFromDate": "2025-04-25",
    "fiscalDateEnding": "2016-07-01"
  }
]