[
  {
    "date": "2026-04-21",
    "symbol": "LII",
    "eps": null,
    "epsEstimated": null,
    "time": "bmo",
    "revenue": null,
    "revenueEstimated": null,
    "updatedFromDate": "2025-10-02",
    "fiscalDateEnding": "2026-03-30"
  },
  {
    "date": "2026-01-27",
    "symbol": "LII",
    "eps": null,
    "epsEstimated": null,
    "time": "bmo",
    "revenue": null,
    "revenueEstimated": null,
    "updatedFromDate": "2025-10-02",
    "fiscalDateEnding": "2025-12-30"
  },
  {
    "date": "2025-10-22",
    "symbol": "LII",
    "eps": null,
    "epsEstimated": 7.26,
    "time": "bmo",
    "revenue": null,
    "revenueEstimated": 1523663000,
    "updatedFromDate": "2025-10-02",
    "fiscalDateEnding": "2025-09-30"
  },
  {
    "date": "2025-07-23",
    "symbol": "LII",
    "eps": 7.82,
    "epsEstimated": 6.86,
    "time": "bmo",
    "revenue": 1500900000,
    "revenueEstimated": 1471070800,
    "updatedFromDate": "2025-10-02",
    "fiscalDateEnding": "2025-06-30"
  },
  {
    "date": "2025-04-23",
    "symbol": "LII",
    "eps": 3.37,
    "epsEstimated": 3.28,
    "time": "bmo",
    "revenue": 1072600000,
    "revenueEstimated": 1024667938,
    "updatedFromDate": "2025-07-22",
    "fiscalDateEnding": "2025-03-31"
  },
  {
    "date": "2025-01-29",
    "symbol": "LII",
    "eps": 5.6,
    "epsEstimated": 4.12,
    "time": "bmo",
    "revenue": 1345000000,
    "revenueEstimated": 1239558247,
    "updatedFromDate": "2025-04-29",
    "fiscalDateEnding": "2024-12-31"
  },
  {
    "date": "2024-10-23",
    "symbol": "LII",
    "eps": 6.68,
    "epsEstimated": 6,
    "time": "bmo",
    "revenue": 1498100000,
    "revenueEstimated": 1417811352,
    "updatedFromDate": "2025-04-25",
    "fiscalDateEnding": "2024-09-30"
  },
  {
    "date": "2024-07-24",
    "symbol": "LII",
    "eps": 6.83,
    "epsEstimated": 6.57,
    "time": "bmo",
    "revenue": 1451100000,
    "revenueEstimated": 1477265187,
    "updatedFromDate": "2025-04-25",
    "fiscalDateEnding": "2024-06-30"
  },
  {
    "date": "2024-04-24",
    "symbol": "LII",
    "eps": 3.47,
    "epsEstimated": 3.16,
    "time": "bmo",
    "revenue": 1047099999,
    "revenueEstimated": 1051888866,
    "updatedFromDate": "2025-04-25",
    "fiscalDateEnding": "2024-03-31"
  },
  {
    "date": "2024-01-31",
    "symbol": "LII",
    "eps": 3.63,
    "epsEstimated": 3.46,
    "time": "bmo",
    "revenue": 1154800000,
    "revenueEstimated": 1134210000,
    "updatedFromDate": "2025-04-25",
    "fiscalDateEnding": "2023-12-31"
  },
  {
    "date": "2023-10-26",
    "symbol": "LII",
    "eps": 5.37,
    "epsEstimated": 4.73,
    "time": "bmo",
    "revenue": 1366300000,
    "revenueEstimated": 1283030000,
    "updatedFromDate": "2025-04-25",
    "fiscalDateEnding": "2023-09-30"
  },
  {
    "date": "2023-07-27",
    "symbol": "LII",
    "eps": 6.15,
    "epsEstimated": 5.19,
    "time": "bmo",
    "revenue": 1411400000,
    "revenueEstimated": 1370950000,
    "updatedFromDate": "2025-04-25",
    "fiscalDateEnding": "2023-06-30"
  },
  {
    "date": "2023-04-27",
    "symbol": "LII",
    "eps": 2.83,
    "epsEstimated": 2.42,
    "time": "bmo",
    "revenue": 1049400000,
    "revenueEstimated": 1029440000,
    "updatedFromDate": "2025-04-25",
    "fiscalDateEnding": "2023-03-31"
  },
  {
    "date": "2023-01-31",
    "symbol": "LII",
    "eps": 2.63,
    "epsEstimated": 2.55,
    "time": "bmo",
    "revenue": 1093800000,
    "revenueEstimated": 1102095991,
    "updatedFromDate": "2025-04-25",
    "fiscalDateEnding": "2022-12-31"
  },
  {
    "date": "2022-10-27",
    "symbol": "LII",
    "eps": 4.1,
    "epsEstimated": 4.1,
    "time": "bmo",
    "revenue": 1244900000,
    "revenueEstimated": 1228152600,
    "updatedFromDate": "2025-04-25",
    "fiscalDateEnding": "2022-09-30"
  },
  {
    "date": "2022-07-28",
    "symbol": "LII",
    "eps": 5,
    "epsEstimated": 4.76,
    "time": "bmo",
    "revenue": 1366300000,
    "revenueEstimated": 1345079171,
    "updatedFromDate": "2025-04-25",
    "fiscalDateEnding": "2022-06-30"
  },
  {
    "date": "2022-04-25",
    "symbol": "LII",
    "eps": 2.36,
    "epsEstimated": 2.07,
    "time": "bmo",
    "revenue": 1013400000,
    "revenueEstimated": 970780334,
    "updatedFromDate": "2025-04-25",
    "fiscalDateEnding": "2022-03-31"
  },
  {
    "date": "2022-02-01",
    "symbol": "LII",
    "eps": 2.35,
    "epsEstimated": 1.99,
    "time": "bmo",
    "revenue": 964800000,
    "revenueEstimated": 956665432,
    "updatedFromDate": "2025-04-25",
    "fiscalDateEnding": "2021-12-31"
  },
  {
    "date": "2021-10-25",
    "symbol": "LII",
    "eps": 3.4,
    "epsEstimated": 3.61,
    "time": "bmo",
    "revenue": 1059900000,
    "revenueEstimated": 1155940000,
    "updatedFromDate": "2025-04-25",
    "fiscalDateEnding": "2021-09-30"
  },
  {
    "date": "2021-07-26",
    "symbol": "LII",
    "eps": 4.57,
    "epsEstimated": 4.39,
    "time": "bmo",
    "revenue": 1239000000,
    "revenueEstimated": 1155940000,
    "updatedFromDate": "2025-04-25",
    "fiscalDateEnding": "2021-06-30"
  },
  {
    "date": "2021-04-26",
    "symbol": "LII",
    "eps": 2.27,
    "epsEstimated": 1.31,
    "time": "bmo",
    "revenue": 930500000,
    "revenueEstimated": 645534373,
    "updatedFromDate": "2025-04-25",
    "fiscalDateEnding": "2021-03-31"
  },
  {
    "date": "2021-02-02",
    "symbol": "LII",
    "eps": 2.89,
    "epsEstimated": 2.65,
    "time": "bmo",
    "revenue": 914000000,
    "revenueEstimated": 876030000,
    "updatedFromDate": "2025-04-25",
    "fiscalDateEnding": "2020-12-31"
  },
  {
    "date": "2020-10-19",
    "symbol": "LII",
    "eps": 3.53,
    "epsEstimated": 3.15,
    "time": "bmo",
    "revenue": 1055000000,
    "revenueEstimated": 941430594,
    "updatedFromDate": "2025-04-25",
    "fiscalDateEnding": "2020-09-30"
  },
  {
    "date": "2020-07-20",
    "symbol": "LII",
    "eps": 2.97,
    "epsEstimated": 2.63,
    "time": "bmo",
    "revenue": 941300000,
    "revenueEstimated": 833541750,
    "updatedFromDate": "2025-04-25",
    "fiscalDateEnding": "2020-06-30"
  },
  {
    "date": "2020-04-20",
    "symbol": "LII",
    "eps": 0.56,
    "epsEstimated": 1.12,
    "time": "bmo",
    "revenue": 723800000,
    "revenueEstimated": 1408825000,
    "updatedFromDate": "2025-04-25",
    "fiscalDateEnding": "2020-03-31"
  },
  {
    "date": "2020-02-04",
    "symbol": "LII",
    "eps": 2.45,
    "epsEstimated": 2.45,
    "time": "bmo",
    "revenue": 885000000,
    "revenueEstimated": 885000000,
    "updatedFromDate": "2025-04-25",
    "fiscalDateEnding": "2019-12-31"
  },
  {
    "date": "2019-10-21",
    "symbol": "LII",
    "eps": 3.34,
    "epsEstimated": 3.41,
    "time": "bmo",
    "revenue": 1032900000,
    "revenueEstimated": 1054547604,
    "updatedFromDate": "2025-04-25",
    "fiscalDateEnding": "2019-09-30"
  },
  {
    "date": "2019-07-22",
    "symbol": "LII",
    "eps": 3.74,
    "epsEstimated": 4.15,
    "time": "bmo",
    "revenue": 1099100000,
    "revenueEstimated": 1210773262,
    "updatedFromDate": "2025-04-25",
    "fiscalDateEnding": "2019-06-30"
  },
  {
    "date": "2019-04-22",
    "symbol": "LII",
    "eps": 1.68,
    "epsEstimated": 1.4,
    "time": "bmo",
    "revenue": 790300000,
    "revenueEstimated": 658583333,
    "updatedFromDate": "2025-04-25",
    "fiscalDateEnding": "2019-03-31"
  },
  {
    "date": "2019-02-05",
    "symbol": "LII",
    "eps": 1.93,
    "epsEstimated": 1.93,
    "time": "bmo",
    "revenue": 843600000,
    "revenueEstimated": 843500000,
    "updatedFromDate": "2025-04-25",
    "fiscalDateEnding": "2018-12-31"
  },
  {
    "date": "2018-10-22",
    "symbol": "LII",
    "eps": 2.72,
    "epsEstimated": 2.92,
    "time": "bmo",
    "revenue": 1030200000,
    "revenueEstimated": 1105950000,
    "updatedFromDate": "2025-04-25",
    "fiscalDateEnding": "2018-09-30"
  },
  {
    "date": "2018-07-23",
    "symbol": "LII",
    "eps": 3.67,
    "epsEstimated": 3.56,
    "time": "bmo",
    "revenue": 1175400000,
    "revenueEstimated": 1140170027,
    "updatedFromDate": "2025-04-25",
    "fiscalDateEnding": "2018-06-30"
  },
  {
    "date": "2018-04-23",
    "symbol": "LII",
    "eps": 1.13,
    "epsEstimated": 1.08,
    "time": "bmo",
    "revenue": 834800000,
    "revenueEstimated": 805249557,
    "updatedFromDate": "2025-04-25",
    "fiscalDateEnding": "2018-03-31"
  },
  {
    "date": "2018-02-06",
    "symbol": "LII",
    "eps": 1.68,
    "epsEstimated": 1.65,
    "time": "bmo",
    "revenue": 891800000,
    "revenueEstimated": 875776785,
    "updatedFromDate": "2025-04-25",
    "fiscalDateEnding": "2017-12-31"
  },
  {
    "date": "2017-10-23",
    "symbol": "LII",
    "eps": 2.53,
    "epsEstimated": 2.44,
    "time": "bmo",
    "revenue": 1052300000,
    "revenueEstimated": 1014866403,
    "updatedFromDate": "2025-04-25",
    "fiscalDateEnding": "2017-09-30"
  },
  {
    "date": "2017-07-24",
    "symbol": "LII",
    "eps": 2.83,
    "epsEstimated": 2.76,
    "time": "bmo",
    "revenue": 1102100000,
    "revenueEstimated": 1074839575,
    "updatedFromDate": "2025-04-25",
    "fiscalDateEnding": "2017-06-30"
  },
  {
    "date": "2017-04-24",
    "symbol": "LII",
    "eps": 0.9,
    "epsEstimated": 0.77,
    "time": "bmo",
    "revenue": 793400000,
    "revenueEstimated": 678797777,
    "updatedFromDate": "2025-04-25",
    "fiscalDateEnding": "2017-03-31"
  },
  {
    "date": "2017-02-07",
    "symbol": "LII",
    "eps": 1.5,
    "epsEstimated": 1.4,
    "time": "bmo",
    "revenue": 897300000,
    "revenueEstimated": 855425999,
    "updatedFromDate": "2025-04-25",
    "fiscalDateEnding": "2016-12-31"
  },
  {
    "date": "2016-10-17",
    "symbol": "LII",
    "eps": 2.33,
    "epsEstimated": 2.27,
    "time": "bmo",
    "revenue": 1010000000,
    "revenueEstimated": 983991416,
    "updatedFromDate": "2025-04-25",
    "fiscalDateEnding": "2016-09-30"
  },
  {
    "date": "2016-07-18",
    "symbol": "LII",
    "eps": 2.53,
    "epsEstimated": 2.34,
    "time": "bmo",
    "revenue": 1019200000,
    "revenueEstimated": 946687747,
    "updatedFromDate": "2025-04-25",
    "fiscalDateEnding": "2016-06-30"
  }
]