[
  {
    "date": "2026-04-29",
    "symbol": "LIN",
    "eps": null,
    "epsEstimated": null,
    "time": "bmo",
    "revenue": null,
    "revenueEstimated": null,
    "updatedFromDate": "2025-10-02",
    "fiscalDateEnding": "2026-03-30"
  },
  {
    "date": "2026-01-07",
    "symbol": "LIN",
    "eps": null,
    "epsEstimated": null,
    "time": "bmo",
    "revenue": null,
    "revenueEstimated": null,
    "updatedFromDate": "2025-10-02",
    "fiscalDateEnding": "2025-12-30"
  },
  {
    "date": "2025-10-30",
    "symbol": "LIN",
    "eps": null,
    "epsEstimated": 4.18,
    "time": "bmo",
    "revenue": null,
    "revenueEstimated": 8621959990,
    "updatedFromDate": "2025-10-02",
    "fiscalDateEnding": "2025-09-30"
  },
  {
    "date": "2025-08-01",
    "symbol": "LIN",
    "eps": 4.09,
    "epsEstimated": 4.03,
    "time": "bmo",
    "revenue": 8495000000,
    "revenueEstimated": 8357478524,
    "updatedFromDate": "2025-10-02",
    "fiscalDateEnding": "2025-06-30"
  },
  {
    "date": "2025-05-01",
    "symbol": "LIN",
    "eps": 3.95,
    "epsEstimated": 3.92,
    "time": "bmo",
    "revenue": 8112000000,
    "revenueEstimated": 8240221778,
    "updatedFromDate": "2025-07-31",
    "fiscalDateEnding": "2025-03-31"
  },
  {
    "date": "2025-02-06",
    "symbol": "LIN",
    "eps": 3.97,
    "epsEstimated": 3.94,
    "time": "bmo",
    "revenue": 8282000000,
    "revenueEstimated": 8417108013,
    "updatedFromDate": "2025-05-06",
    "fiscalDateEnding": "2024-12-31"
  },
  {
    "date": "2024-10-31",
    "symbol": "LIN",
    "eps": 3.94,
    "epsEstimated": 3.89,
    "time": "bmo",
    "revenue": 8356000000,
    "revenueEstimated": 8389586257,
    "updatedFromDate": "2025-04-25",
    "fiscalDateEnding": "2024-09-30"
  },
  {
    "date": "2024-08-02",
    "symbol": "LIN",
    "eps": 3.85,
    "epsEstimated": 3.78,
    "time": "bmo",
    "revenue": 8267000000,
    "revenueEstimated": 8299014189,
    "updatedFromDate": "2025-04-25",
    "fiscalDateEnding": "2024-06-30"
  },
  {
    "date": "2024-05-02",
    "symbol": "LIN",
    "eps": 3.75,
    "epsEstimated": 3.68,
    "time": "bmo",
    "revenue": 8100000000,
    "revenueEstimated": 8383882095,
    "updatedFromDate": "2025-04-25",
    "fiscalDateEnding": "2024-03-31"
  },
  {
    "date": "2024-02-06",
    "symbol": "LIN",
    "eps": 3.59,
    "epsEstimated": 3.49,
    "time": "bmo",
    "revenue": 12733000000,
    "revenueEstimated": 8056960174,
    "updatedFromDate": "2025-04-25",
    "fiscalDateEnding": "2023-12-31"
  },
  {
    "date": "2023-10-26",
    "symbol": "LIN",
    "eps": 3.63,
    "epsEstimated": 3.57,
    "time": "bmo",
    "revenue": 8155000000,
    "revenueEstimated": 8534592069,
    "updatedFromDate": "2025-04-25",
    "fiscalDateEnding": "2023-09-30"
  },
  {
    "date": "2023-07-27",
    "symbol": "LIN",
    "eps": 3.57,
    "epsEstimated": 3.48,
    "time": "bmo",
    "revenue": 8204000000,
    "revenueEstimated": 8703773979,
    "updatedFromDate": "2025-04-25",
    "fiscalDateEnding": "2023-06-30"
  },
  {
    "date": "2023-04-27",
    "symbol": "LIN",
    "eps": 3.42,
    "epsEstimated": 3.13,
    "time": "bmo",
    "revenue": 8193000000,
    "revenueEstimated": 8195325699,
    "updatedFromDate": "2025-04-25",
    "fiscalDateEnding": "2023-03-31"
  },
  {
    "date": "2023-02-07",
    "symbol": "LIN",
    "eps": 3.16,
    "epsEstimated": 2.91,
    "time": "bmo",
    "revenue": 7899000000,
    "revenueEstimated": 8314820000,
    "updatedFromDate": "2025-04-25",
    "fiscalDateEnding": "2022-12-31"
  },
  {
    "date": "2022-10-27",
    "symbol": "LIN",
    "eps": 3.1,
    "epsEstimated": 2.93,
    "time": "bmo",
    "revenue": 8797000000,
    "revenueEstimated": 8318891944,
    "updatedFromDate": "2025-04-25",
    "fiscalDateEnding": "2022-09-30"
  },
  {
    "date": "2022-07-28",
    "symbol": "LIN",
    "eps": 3.1,
    "epsEstimated": 2.98,
    "time": "bmo",
    "revenue": 8457000000,
    "revenueEstimated": 8355342556,
    "updatedFromDate": "2025-04-25",
    "fiscalDateEnding": "2022-06-30"
  },
  {
    "date": "2022-04-28",
    "symbol": "LIN",
    "eps": 2.93,
    "epsEstimated": 2.78,
    "time": "bmo",
    "revenue": 8211000000,
    "revenueEstimated": 7729840000,
    "updatedFromDate": "2025-04-25",
    "fiscalDateEnding": "2022-03-31"
  },
  {
    "date": "2022-02-10",
    "symbol": "LIN",
    "eps": 2.77,
    "epsEstimated": 2.67,
    "time": "bmo",
    "revenue": 8298000000,
    "revenueEstimated": 6782450000,
    "updatedFromDate": "2025-04-25",
    "fiscalDateEnding": "2021-12-31"
  },
  {
    "date": "2021-10-28",
    "symbol": "LIN",
    "eps": 2.73,
    "epsEstimated": 2.68,
    "time": "bmo",
    "revenue": 7668000000,
    "revenueEstimated": 7496340000,
    "updatedFromDate": "2025-04-25",
    "fiscalDateEnding": "2021-09-30"
  },
  {
    "date": "2021-07-30",
    "symbol": "LIN",
    "eps": 2.7,
    "epsEstimated": 2.56,
    "time": "bmo",
    "revenue": 7584000000,
    "revenueEstimated": 7584000000,
    "updatedFromDate": "2025-04-25",
    "fiscalDateEnding": "2021-06-30"
  },
  {
    "date": "2021-05-06",
    "symbol": "LIN",
    "eps": 2.49,
    "epsEstimated": 2.26,
    "time": "bmo",
    "revenue": 7243000000,
    "revenueEstimated": 6505880530,
    "updatedFromDate": "2025-04-25",
    "fiscalDateEnding": "2021-03-31"
  },
  {
    "date": "2021-02-05",
    "symbol": "LIN",
    "eps": 2.3,
    "epsEstimated": 2.14,
    "time": "bmo",
    "revenue": 7272000000,
    "revenueEstimated": 6728299065,
    "updatedFromDate": "2025-04-25",
    "fiscalDateEnding": "2020-12-31"
  },
  {
    "date": "2020-11-05",
    "symbol": "LIN",
    "eps": 2.15,
    "epsEstimated": 1.97,
    "time": "bmo",
    "revenue": 6855000000,
    "revenueEstimated": 6228654822,
    "updatedFromDate": "2025-04-25",
    "fiscalDateEnding": "2020-09-30"
  },
  {
    "date": "2020-07-30",
    "symbol": "LIN",
    "eps": 1.9,
    "epsEstimated": 1.65,
    "time": "bmo",
    "revenue": 6377000000,
    "revenueEstimated": 5537921052,
    "updatedFromDate": "2025-04-25",
    "fiscalDateEnding": "2020-06-30"
  },
  {
    "date": "2020-05-07",
    "symbol": "LIN",
    "eps": 1.89,
    "epsEstimated": 1.83,
    "time": "bmo",
    "revenue": 6739000000,
    "revenueEstimated": 6560719576,
    "updatedFromDate": "2025-04-25",
    "fiscalDateEnding": "2020-03-31"
  },
  {
    "date": "2020-02-13",
    "symbol": "LIN",
    "eps": 1.89,
    "epsEstimated": 1.84,
    "time": "bmo",
    "revenue": 7080000000,
    "revenueEstimated": 6892698412,
    "updatedFromDate": "2025-04-25",
    "fiscalDateEnding": "2019-12-31"
  },
  {
    "date": "2019-11-12",
    "symbol": "LIN",
    "eps": 1.94,
    "epsEstimated": 1.78,
    "time": "bmo",
    "revenue": 7000000000,
    "revenueEstimated": 6422680412,
    "updatedFromDate": "2025-04-25",
    "fiscalDateEnding": "2019-09-30"
  },
  {
    "date": "2019-08-05",
    "symbol": "LIN",
    "eps": 1.83,
    "epsEstimated": 1.75,
    "time": "bmo",
    "revenue": 7204000000,
    "revenueEstimated": 6810338797,
    "updatedFromDate": "2025-04-25",
    "fiscalDateEnding": "2019-06-30"
  },
  {
    "date": "2019-05-10",
    "symbol": "LIN",
    "eps": 1.69,
    "epsEstimated": 1.54,
    "time": "bmo",
    "revenue": 6944000000,
    "revenueEstimated": 6533112426,
    "updatedFromDate": "2025-04-25",
    "fiscalDateEnding": "2019-03-31"
  },
  {
    "date": "2019-03-18",
    "symbol": "LIN",
    "eps": 1.46,
    "epsEstimated": 1.5,
    "time": "bmo",
    "revenue": 5816000000,
    "revenueEstimated": 5959931506,
    "updatedFromDate": "2025-04-25",
    "fiscalDateEnding": "2018-12-31"
  },
  {
    "date": "2018-11-09",
    "symbol": "LIN",
    "eps": 1.69,
    "epsEstimated": 1.6,
    "time": "bmo",
    "revenue": 3024000000,
    "revenueEstimated": 2847810650,
    "updatedFromDate": "2025-04-25",
    "fiscalDateEnding": "2018-09-30"
  },
  {
    "date": "2018-07-26",
    "symbol": "LIN",
    "eps": 1.72,
    "epsEstimated": 1.69,
    "time": "bmo",
    "revenue": 3061000000,
    "revenueEstimated": 2989964497,
    "updatedFromDate": "2025-04-25",
    "fiscalDateEnding": "2018-06-30"
  },
  {
    "date": "2018-04-26",
    "symbol": "LIN",
    "eps": 1.65,
    "epsEstimated": 1.56,
    "time": "bmo",
    "revenue": 2999000000,
    "revenueEstimated": 2791927272,
    "updatedFromDate": "2025-04-25",
    "fiscalDateEnding": "2018-03-31"
  },
  {
    "date": "2018-01-25",
    "symbol": "LIN",
    "eps": 1.52,
    "epsEstimated": 1.48,
    "time": "bmo",
    "revenue": 2953000000,
    "revenueEstimated": 2873189189,
    "updatedFromDate": "2025-04-25",
    "fiscalDateEnding": "2017-12-31"
  },
  {
    "date": "2017-10-26",
    "symbol": "LIN",
    "eps": 1.5,
    "epsEstimated": 1.45,
    "time": "bmo",
    "revenue": 2922000000,
    "revenueEstimated": 2821241379,
    "updatedFromDate": "2025-04-25",
    "fiscalDateEnding": "2017-09-30"
  },
  {
    "date": "2017-07-27",
    "symbol": "LIN",
    "eps": 1.46,
    "epsEstimated": 1.42,
    "time": "bmo",
    "revenue": 2834000000,
    "revenueEstimated": 2774545454,
    "updatedFromDate": "2025-04-25",
    "fiscalDateEnding": "2017-06-30"
  },
  {
    "date": "2017-04-27",
    "symbol": "LIN",
    "eps": 1.37,
    "epsEstimated": 1.34,
    "time": "bmo",
    "revenue": 2728000000,
    "revenueEstimated": 2666925373,
    "updatedFromDate": "2025-04-25",
    "fiscalDateEnding": "2017-03-31"
  },
  {
    "date": "2017-01-26",
    "symbol": "LIN",
    "eps": 1.41,
    "epsEstimated": 1.41,
    "time": "bmo",
    "revenue": 2644000000,
    "revenueEstimated": 2644000000,
    "updatedFromDate": "2025-04-25",
    "fiscalDateEnding": "2016-12-31"
  },
  {
    "date": "2016-10-27",
    "symbol": "LIN",
    "eps": 1.41,
    "epsEstimated": 1.41,
    "time": "bmo",
    "revenue": 2716000000,
    "revenueEstimated": 2716000000,
    "updatedFromDate": "2025-04-25",
    "fiscalDateEnding": "2016-09-30"
  },
  {
    "date": "2016-07-28",
    "symbol": "LIN",
    "eps": 1.39,
    "epsEstimated": 1.36,
    "time": "bmo",
    "revenue": 2665000000,
    "revenueEstimated": 2606213235,
    "updatedFromDate": "2025-04-25",
    "fiscalDateEnding": "2016-06-30"
  }
]