[
  {
    "date": "2026-04-22",
    "symbol": "LKQ",
    "eps": null,
    "epsEstimated": null,
    "time": "bmo",
    "revenue": null,
    "revenueEstimated": null,
    "updatedFromDate": "2025-10-02",
    "fiscalDateEnding": "2026-03-30"
  },
  {
    "date": "2026-02-19",
    "symbol": "LKQ",
    "eps": null,
    "epsEstimated": null,
    "time": "bmo",
    "revenue": null,
    "revenueEstimated": null,
    "updatedFromDate": "2025-10-02",
    "fiscalDateEnding": "2025-12-30"
  },
  {
    "date": "2025-10-30",
    "symbol": "LKQ",
    "eps": null,
    "epsEstimated": 0.75,
    "time": "bmo",
    "revenue": null,
    "revenueEstimated": 3535951670,
    "updatedFromDate": "2025-10-02",
    "fiscalDateEnding": "2025-09-30"
  },
  {
    "date": "2025-07-24",
    "symbol": "LKQ",
    "eps": 0.87,
    "epsEstimated": 0.93,
    "time": "bmo",
    "revenue": 3642000000,
    "revenueEstimated": 3621569290,
    "updatedFromDate": "2025-10-02",
    "fiscalDateEnding": "2025-06-30"
  },
  {
    "date": "2025-04-24",
    "symbol": "LKQ",
    "eps": 0.79,
    "epsEstimated": 0.779,
    "time": "bmo",
    "revenue": 3463000000,
    "revenueEstimated": 3576999429,
    "updatedFromDate": "2025-07-24",
    "fiscalDateEnding": "2025-03-31"
  },
  {
    "date": "2025-02-20",
    "symbol": "LKQ",
    "eps": 0.8,
    "epsEstimated": 0.76,
    "time": "bmo",
    "revenue": 3357000000,
    "revenueEstimated": 3648176000,
    "updatedFromDate": "2025-05-20",
    "fiscalDateEnding": "2024-12-31"
  },
  {
    "date": "2024-10-24",
    "symbol": "LKQ",
    "eps": 0.88,
    "epsEstimated": 0.89,
    "time": "bmo",
    "revenue": 3584000000,
    "revenueEstimated": 3425025120,
    "updatedFromDate": "2025-04-25",
    "fiscalDateEnding": "2024-09-30"
  },
  {
    "date": "2024-07-25",
    "symbol": "LKQ",
    "eps": 0.98,
    "epsEstimated": 1.03,
    "time": "bmo",
    "revenue": 3711000000,
    "revenueEstimated": 3866204100,
    "updatedFromDate": "2025-04-25",
    "fiscalDateEnding": "2024-06-30"
  },
  {
    "date": "2024-04-23",
    "symbol": "LKQ",
    "eps": 0.82,
    "epsEstimated": 0.946,
    "time": "bmo",
    "revenue": 3703000000,
    "revenueEstimated": 3756675712,
    "updatedFromDate": "2025-04-25",
    "fiscalDateEnding": "2024-03-31"
  },
  {
    "date": "2024-02-22",
    "symbol": "LKQ",
    "eps": 0.84,
    "epsEstimated": 0.76,
    "time": "bmo",
    "revenue": 3501000000,
    "revenueEstimated": 3511320000,
    "updatedFromDate": "2025-04-25",
    "fiscalDateEnding": "2023-12-31"
  },
  {
    "date": "2023-10-26",
    "symbol": "LKQ",
    "eps": 0.86,
    "epsEstimated": 0.96,
    "time": "bmo",
    "revenue": 3568000000,
    "revenueEstimated": 3494650000,
    "updatedFromDate": "2025-04-25",
    "fiscalDateEnding": "2023-09-30"
  },
  {
    "date": "2023-07-27",
    "symbol": "LKQ",
    "eps": 1.09,
    "epsEstimated": 1.09,
    "time": "bmo",
    "revenue": 3448000000,
    "revenueEstimated": 3461650000,
    "updatedFromDate": "2025-04-25",
    "fiscalDateEnding": "2023-06-30"
  },
  {
    "date": "2023-04-27",
    "symbol": "LKQ",
    "eps": 1.04,
    "epsEstimated": 0.95,
    "time": "bmo",
    "revenue": 3349000000,
    "revenueEstimated": 3270580000,
    "updatedFromDate": "2025-04-25",
    "fiscalDateEnding": "2023-03-31"
  },
  {
    "date": "2023-02-23",
    "symbol": "LKQ",
    "eps": 0.78,
    "epsEstimated": 0.86,
    "time": "bmo",
    "revenue": 3001000000,
    "revenueEstimated": 3036686222,
    "updatedFromDate": "2025-04-25",
    "fiscalDateEnding": "2022-12-31"
  },
  {
    "date": "2022-10-27",
    "symbol": "LKQ",
    "eps": 0.97,
    "epsEstimated": 0.96,
    "time": "bmo",
    "revenue": 3104000000,
    "revenueEstimated": 3194318642,
    "updatedFromDate": "2025-04-25",
    "fiscalDateEnding": "2022-09-30"
  },
  {
    "date": "2022-07-28",
    "symbol": "LKQ",
    "eps": 1.09,
    "epsEstimated": 1.02,
    "time": "bmo",
    "revenue": 3341000000,
    "revenueEstimated": 3392126000,
    "updatedFromDate": "2025-04-25",
    "fiscalDateEnding": "2022-06-30"
  },
  {
    "date": "2022-04-28",
    "symbol": "LKQ",
    "eps": 1,
    "epsEstimated": 0.92,
    "time": "bmo",
    "revenue": 3348000000,
    "revenueEstimated": 3286539700,
    "updatedFromDate": "2025-04-25",
    "fiscalDateEnding": "2022-03-31"
  },
  {
    "date": "2022-02-17",
    "symbol": "LKQ",
    "eps": 0.87,
    "epsEstimated": 0.77,
    "time": "bmo",
    "revenue": 3185993000,
    "revenueEstimated": 3084230545,
    "updatedFromDate": "2025-04-25",
    "fiscalDateEnding": "2021-12-31"
  },
  {
    "date": "2021-10-28",
    "symbol": "LKQ",
    "eps": 1.02,
    "epsEstimated": 0.86,
    "time": "bmo",
    "revenue": 3296611000,
    "revenueEstimated": 3279300000,
    "updatedFromDate": "2025-04-25",
    "fiscalDateEnding": "2021-09-30"
  },
  {
    "date": "2021-07-29",
    "symbol": "LKQ",
    "eps": 1.13,
    "epsEstimated": 0.75,
    "time": "bmo",
    "revenue": 3435114000,
    "revenueEstimated": 3087010000,
    "updatedFromDate": "2025-04-25",
    "fiscalDateEnding": "2021-06-30"
  },
  {
    "date": "2021-04-29",
    "symbol": "LKQ",
    "eps": 0.94,
    "epsEstimated": 0.63,
    "time": "bmo",
    "revenue": 3170786000,
    "revenueEstimated": 2958290000,
    "updatedFromDate": "2025-04-25",
    "fiscalDateEnding": "2021-03-31"
  },
  {
    "date": "2021-02-18",
    "symbol": "LKQ",
    "eps": 0.69,
    "epsEstimated": 0.59,
    "time": "bmo",
    "revenue": 2953888000,
    "revenueEstimated": 2896300000,
    "updatedFromDate": "2025-04-25",
    "fiscalDateEnding": "2020-12-31"
  },
  {
    "date": "2020-10-29",
    "symbol": "LKQ",
    "eps": 0.75,
    "epsEstimated": 0.53,
    "time": "bmo",
    "revenue": 3047684000,
    "revenueEstimated": 2153696693,
    "updatedFromDate": "2025-04-25",
    "fiscalDateEnding": "2020-09-30"
  },
  {
    "date": "2020-07-30",
    "symbol": "LKQ",
    "eps": 0.53,
    "epsEstimated": 0.14,
    "time": "bmo",
    "revenue": 2626323000,
    "revenueEstimated": 842405490,
    "updatedFromDate": "2025-04-25",
    "fiscalDateEnding": "2020-06-30"
  },
  {
    "date": "2020-04-30",
    "symbol": "LKQ",
    "eps": 0.57,
    "epsEstimated": 0.49,
    "time": "bmo",
    "revenue": 3000935000,
    "revenueEstimated": 2579751140,
    "updatedFromDate": "2025-04-25",
    "fiscalDateEnding": "2020-03-31"
  },
  {
    "date": "2020-02-20",
    "symbol": "LKQ",
    "eps": 0.54,
    "epsEstimated": 0.52,
    "time": "bmo",
    "revenue": 3009860000,
    "revenueEstimated": 2898383703,
    "updatedFromDate": "2025-04-25",
    "fiscalDateEnding": "2019-12-31"
  },
  {
    "date": "2019-10-31",
    "symbol": "LKQ",
    "eps": 0.61,
    "epsEstimated": 0.58,
    "time": "bmo",
    "revenue": 3147773000,
    "revenueEstimated": 2992964491,
    "updatedFromDate": "2025-04-25",
    "fiscalDateEnding": "2019-09-30"
  },
  {
    "date": "2019-07-25",
    "symbol": "LKQ",
    "eps": 0.65,
    "epsEstimated": 0.64,
    "time": "bmo",
    "revenue": 3248173000,
    "revenueEstimated": 3248173000,
    "updatedFromDate": "2025-04-25",
    "fiscalDateEnding": "2019-06-30"
  },
  {
    "date": "2019-04-25",
    "symbol": "LKQ",
    "eps": 0.56,
    "epsEstimated": 0.55,
    "time": "bmo",
    "revenue": 3100303000,
    "revenueEstimated": 3100303000,
    "updatedFromDate": "2025-04-25",
    "fiscalDateEnding": "2019-03-31"
  },
  {
    "date": "2019-02-28",
    "symbol": "LKQ",
    "eps": 0.48,
    "epsEstimated": 0.49,
    "time": "bmo",
    "revenue": 3002781000,
    "revenueEstimated": 3065338937,
    "updatedFromDate": "2025-04-25",
    "fiscalDateEnding": "2018-12-31"
  },
  {
    "date": "2018-10-25",
    "symbol": "LKQ",
    "eps": 0.56,
    "epsEstimated": 0.56,
    "time": "bmo",
    "revenue": 3122378000,
    "revenueEstimated": 3122378000,
    "updatedFromDate": "2025-04-25",
    "fiscalDateEnding": "2018-09-30"
  },
  {
    "date": "2018-07-26",
    "symbol": "LKQ",
    "eps": 0.61,
    "epsEstimated": 0.58,
    "time": "bmo",
    "revenue": 3030751000,
    "revenueEstimated": 2881744262,
    "updatedFromDate": "2025-04-25",
    "fiscalDateEnding": "2018-06-30"
  },
  {
    "date": "2018-04-26",
    "symbol": "LKQ",
    "eps": 0.55,
    "epsEstimated": 0.59,
    "time": "bmo",
    "revenue": 2720764000,
    "revenueEstimated": 2918676363,
    "updatedFromDate": "2025-04-25",
    "fiscalDateEnding": "2018-03-31"
  },
  {
    "date": "2018-02-22",
    "symbol": "LKQ",
    "eps": 0.41,
    "epsEstimated": 0.42,
    "time": "bmo",
    "revenue": 2469855000,
    "revenueEstimated": 2530141463,
    "updatedFromDate": "2025-04-25",
    "fiscalDateEnding": "2017-12-31"
  },
  {
    "date": "2017-10-26",
    "symbol": "LKQ",
    "eps": 0.45,
    "epsEstimated": 0.42,
    "time": "bmo",
    "revenue": 2465800000,
    "revenueEstimated": 2301413333,
    "updatedFromDate": "2025-04-25",
    "fiscalDateEnding": "2017-09-30"
  },
  {
    "date": "2017-07-27",
    "symbol": "LKQ",
    "eps": 0.53,
    "epsEstimated": 0.52,
    "time": "bmo",
    "revenue": 2458411000,
    "revenueEstimated": 2412015094,
    "updatedFromDate": "2025-04-25",
    "fiscalDateEnding": "2017-06-30"
  },
  {
    "date": "2017-04-27",
    "symbol": "LKQ",
    "eps": 0.49,
    "epsEstimated": 0.46,
    "time": "bmo",
    "revenue": 2342843000,
    "revenueEstimated": 2199363265,
    "updatedFromDate": "2025-04-25",
    "fiscalDateEnding": "2017-03-31"
  },
  {
    "date": "2017-02-23",
    "symbol": "LKQ",
    "eps": 0.35,
    "epsEstimated": 0.4,
    "time": "bmo",
    "revenue": 2150406000,
    "revenueEstimated": 1871794871,
    "updatedFromDate": "2025-04-25",
    "fiscalDateEnding": "2016-12-31"
  },
  {
    "date": "2016-10-27",
    "symbol": "LKQ",
    "eps": 0.45,
    "epsEstimated": 0.45,
    "time": "bmo",
    "revenue": 2386830000,
    "revenueEstimated": 2207300000,
    "updatedFromDate": "2025-04-25",
    "fiscalDateEnding": "2016-09-30"
  },
  {
    "date": "2016-07-28",
    "symbol": "LKQ",
    "eps": 0.55,
    "epsEstimated": 0.49,
    "time": "bmo",
    "revenue": 2450693000,
    "revenueEstimated": 2053367272,
    "updatedFromDate": "2025-04-25",
    "fiscalDateEnding": "2016-06-30"
  }
]