[
  {
    "date": "2026-04-29",
    "symbol": "LLY",
    "eps": null,
    "epsEstimated": null,
    "time": "bmo",
    "revenue": null,
    "revenueEstimated": null,
    "updatedFromDate": "2025-10-02",
    "fiscalDateEnding": "2026-03-30"
  },
  {
    "date": "2026-02-04",
    "symbol": "LLY",
    "eps": null,
    "epsEstimated": null,
    "time": "bmo",
    "revenue": null,
    "revenueEstimated": null,
    "updatedFromDate": "2025-10-02",
    "fiscalDateEnding": "2025-12-30"
  },
  {
    "date": "2025-10-30",
    "symbol": "LLY",
    "eps": null,
    "epsEstimated": 6.42,
    "time": "bmo",
    "revenue": null,
    "revenueEstimated": 16094646900,
    "updatedFromDate": "2025-10-02",
    "fiscalDateEnding": "2025-09-30"
  },
  {
    "date": "2025-08-07",
    "symbol": "LLY",
    "eps": 6.31,
    "epsEstimated": 5.6,
    "time": "bmo",
    "revenue": 15557700000,
    "revenueEstimated": 14704131561,
    "updatedFromDate": "2025-10-02",
    "fiscalDateEnding": "2025-06-30"
  },
  {
    "date": "2025-05-01",
    "symbol": "LLY",
    "eps": 3.34,
    "epsEstimated": 3.26,
    "time": "bmo",
    "revenue": 12728500000,
    "revenueEstimated": 12667381362,
    "updatedFromDate": "2025-08-25",
    "fiscalDateEnding": "2025-03-31"
  },
  {
    "date": "2025-02-06",
    "symbol": "LLY",
    "eps": 5.32,
    "epsEstimated": 5.03,
    "time": "bmo",
    "revenue": 13532800000,
    "revenueEstimated": null,
    "updatedFromDate": "2025-04-30",
    "fiscalDateEnding": "2024-12-31"
  },
  {
    "date": "2024-10-30",
    "symbol": "LLY",
    "eps": 1.18,
    "epsEstimated": 1.47,
    "time": "bmo",
    "revenue": 11439100000,
    "revenueEstimated": 12097779593,
    "updatedFromDate": "2025-08-25",
    "fiscalDateEnding": "2024-09-30"
  },
  {
    "date": "2024-08-08",
    "symbol": "LLY",
    "eps": 3.92,
    "epsEstimated": 2.6,
    "time": "bmo",
    "revenue": 11302800000,
    "revenueEstimated": 9981495293,
    "updatedFromDate": "2025-08-25",
    "fiscalDateEnding": "2024-06-30"
  },
  {
    "date": "2024-04-30",
    "symbol": "LLY",
    "eps": 2.58,
    "epsEstimated": 2.46,
    "time": "bmo",
    "revenue": 8768000000,
    "revenueEstimated": 8935782453,
    "updatedFromDate": "2025-08-25",
    "fiscalDateEnding": "2024-03-31"
  },
  {
    "date": "2024-02-06",
    "symbol": "LLY",
    "eps": 2.49,
    "epsEstimated": 2.22,
    "time": "bmo",
    "revenue": 9353400000,
    "revenueEstimated": 8932340000,
    "updatedFromDate": "2025-08-25",
    "fiscalDateEnding": "2023-12-31"
  },
  {
    "date": "2023-11-02",
    "symbol": "LLY",
    "eps": 0.1,
    "epsEstimated": -0.08,
    "time": "bmo",
    "revenue": 9498600000,
    "revenueEstimated": 8954140000,
    "updatedFromDate": "2025-08-25",
    "fiscalDateEnding": "2023-09-30"
  },
  {
    "date": "2023-08-08",
    "symbol": "LLY",
    "eps": 2.11,
    "epsEstimated": 1.98,
    "time": "bmo",
    "revenue": 8312100000,
    "revenueEstimated": 7582400000,
    "updatedFromDate": "2025-08-25",
    "fiscalDateEnding": "2023-06-30"
  },
  {
    "date": "2023-04-27",
    "symbol": "LLY",
    "eps": 1.62,
    "epsEstimated": 1.73,
    "time": "bmo",
    "revenue": 6960000000,
    "revenueEstimated": 7550980000,
    "updatedFromDate": "2025-08-25",
    "fiscalDateEnding": "2023-03-31"
  },
  {
    "date": "2023-02-02",
    "symbol": "LLY",
    "eps": 2.09,
    "epsEstimated": 1.78,
    "time": "bmo",
    "revenue": 7301800000,
    "revenueEstimated": 7332491349,
    "updatedFromDate": "2025-08-25",
    "fiscalDateEnding": "2022-12-31"
  },
  {
    "date": "2022-11-01",
    "symbol": "LLY",
    "eps": 1.98,
    "epsEstimated": 1.92,
    "time": "bmo",
    "revenue": 6941600000,
    "revenueEstimated": 6887838354,
    "updatedFromDate": "2025-08-25",
    "fiscalDateEnding": "2022-09-30"
  },
  {
    "date": "2022-08-04",
    "symbol": "LLY",
    "eps": 1.25,
    "epsEstimated": 1.69,
    "time": "bmo",
    "revenue": 6488000000,
    "revenueEstimated": 6848884427,
    "updatedFromDate": "2025-08-25",
    "fiscalDateEnding": "2022-06-30"
  },
  {
    "date": "2022-04-28",
    "symbol": "LLY",
    "eps": 2.62,
    "epsEstimated": 2.32,
    "time": "bmo",
    "revenue": 7810000000,
    "revenueEstimated": 7287116783,
    "updatedFromDate": "2025-08-25",
    "fiscalDateEnding": "2022-03-31"
  },
  {
    "date": "2022-02-03",
    "symbol": "LLY",
    "eps": 2.49,
    "epsEstimated": 2.51,
    "time": "bmo",
    "revenue": 7999900000,
    "revenueEstimated": 7687478579,
    "updatedFromDate": "2025-08-25",
    "fiscalDateEnding": "2021-12-31"
  },
  {
    "date": "2021-10-26",
    "symbol": "LLY",
    "eps": 1.94,
    "epsEstimated": 1.98,
    "time": "bmo",
    "revenue": 6772800000,
    "revenueEstimated": 6570710000,
    "updatedFromDate": "2025-08-25",
    "fiscalDateEnding": "2021-09-30"
  },
  {
    "date": "2021-08-03",
    "symbol": "LLY",
    "eps": 1.87,
    "epsEstimated": 1.89,
    "time": "bmo",
    "revenue": 6740100000,
    "revenueEstimated": 6740100000,
    "updatedFromDate": "2025-08-25",
    "fiscalDateEnding": "2021-06-30"
  },
  {
    "date": "2021-04-27",
    "symbol": "LLY",
    "eps": 1.87,
    "epsEstimated": 2.12,
    "time": "bmo",
    "revenue": 6805600000,
    "revenueEstimated": 7636330516,
    "updatedFromDate": "2025-08-25",
    "fiscalDateEnding": "2021-03-31"
  },
  {
    "date": "2021-01-29",
    "symbol": "LLY",
    "eps": 2.75,
    "epsEstimated": 2.35,
    "time": "bmo",
    "revenue": 7440000000,
    "revenueEstimated": 6173617021,
    "updatedFromDate": "2025-08-25",
    "fiscalDateEnding": "2020-12-31"
  },
  {
    "date": "2020-10-27",
    "symbol": "LLY",
    "eps": 1.54,
    "epsEstimated": 1.71,
    "time": "bmo",
    "revenue": 5740600000,
    "revenueEstimated": 6373636363,
    "updatedFromDate": "2025-08-25",
    "fiscalDateEnding": "2020-09-30"
  },
  {
    "date": "2020-07-30",
    "symbol": "LLY",
    "eps": 1.89,
    "epsEstimated": 1.56,
    "time": "bmo",
    "revenue": 5499400000,
    "revenueEstimated": 4539187301,
    "updatedFromDate": "2025-08-25",
    "fiscalDateEnding": "2020-06-30"
  },
  {
    "date": "2020-04-23",
    "symbol": "LLY",
    "eps": 1.75,
    "epsEstimated": 1.48,
    "time": "bmo",
    "revenue": 5859800000,
    "revenueEstimated": 4955716571,
    "updatedFromDate": "2025-08-25",
    "fiscalDateEnding": "2020-03-31"
  },
  {
    "date": "2020-01-30",
    "symbol": "LLY",
    "eps": 1.73,
    "epsEstimated": 1.52,
    "time": "bmo",
    "revenue": 6114000000,
    "revenueEstimated": 5371838150,
    "updatedFromDate": "2025-08-25",
    "fiscalDateEnding": "2019-12-31"
  },
  {
    "date": "2019-10-23",
    "symbol": "LLY",
    "eps": 1.48,
    "epsEstimated": 1.41,
    "time": "bmo",
    "revenue": 5476600000,
    "revenueEstimated": 5217571621,
    "updatedFromDate": "2025-08-25",
    "fiscalDateEnding": "2019-09-30"
  },
  {
    "date": "2019-07-30",
    "symbol": "LLY",
    "eps": 1.5,
    "epsEstimated": 1.45,
    "time": "bmo",
    "revenue": 5636700000,
    "revenueEstimated": 5448810000,
    "updatedFromDate": "2025-08-25",
    "fiscalDateEnding": "2019-06-30"
  },
  {
    "date": "2019-04-30",
    "symbol": "LLY",
    "eps": 1.33,
    "epsEstimated": 1.32,
    "time": "bmo",
    "revenue": 5092200000,
    "revenueEstimated": 5015625563,
    "updatedFromDate": "2025-08-25",
    "fiscalDateEnding": "2019-03-31"
  },
  {
    "date": "2019-02-06",
    "symbol": "LLY",
    "eps": 1.33,
    "epsEstimated": 1.34,
    "time": "bmo",
    "revenue": 6438600000,
    "revenueEstimated": 5679987969,
    "updatedFromDate": "2025-08-25",
    "fiscalDateEnding": "2018-12-31"
  },
  {
    "date": "2018-11-06",
    "symbol": "LLY",
    "eps": 1.39,
    "epsEstimated": 1.35,
    "time": "bmo",
    "revenue": 5306900000,
    "revenueEstimated": 5154183453,
    "updatedFromDate": "2025-08-25",
    "fiscalDateEnding": "2018-09-30"
  },
  {
    "date": "2018-07-24",
    "symbol": "LLY",
    "eps": 1.5,
    "epsEstimated": 1.31,
    "time": "bmo",
    "revenue": 5585000000,
    "revenueEstimated": 4840333333,
    "updatedFromDate": "2025-08-25",
    "fiscalDateEnding": "2018-06-30"
  },
  {
    "date": "2018-04-24",
    "symbol": "LLY",
    "eps": 1.34,
    "epsEstimated": 1.13,
    "time": "bmo",
    "revenue": 4963800000,
    "revenueEstimated": 4185891044,
    "updatedFromDate": "2025-08-25",
    "fiscalDateEnding": "2018-03-31"
  },
  {
    "date": "2018-01-31",
    "symbol": "LLY",
    "eps": 1.14,
    "epsEstimated": 1.08,
    "time": "bmo",
    "revenue": 6160700000,
    "revenueEstimated": 5782411403,
    "updatedFromDate": "2025-08-25",
    "fiscalDateEnding": "2017-12-31"
  },
  {
    "date": "2017-10-24",
    "symbol": "LLY",
    "eps": 1.05,
    "epsEstimated": 1.03,
    "time": "bmo",
    "revenue": 5658000000,
    "revenueEstimated": 5550228571,
    "updatedFromDate": "2025-08-25",
    "fiscalDateEnding": "2017-09-30"
  },
  {
    "date": "2017-07-25",
    "symbol": "LLY",
    "eps": 1.11,
    "epsEstimated": 1.05,
    "time": "bmo",
    "revenue": 5824300000,
    "revenueEstimated": 5509472972,
    "updatedFromDate": "2025-08-25",
    "fiscalDateEnding": "2017-06-30"
  },
  {
    "date": "2017-04-25",
    "symbol": "LLY",
    "eps": 0.98,
    "epsEstimated": 0.96,
    "time": "bmo",
    "revenue": 5228300000,
    "revenueEstimated": 5121600000,
    "updatedFromDate": "2025-08-25",
    "fiscalDateEnding": "2017-03-31"
  },
  {
    "date": "2017-01-31",
    "symbol": "LLY",
    "eps": 0.95,
    "epsEstimated": 0.99,
    "time": "bmo",
    "revenue": 5760500000,
    "revenueEstimated": 5942410526,
    "updatedFromDate": "2025-08-25",
    "fiscalDateEnding": "2016-12-31"
  },
  {
    "date": "2016-10-25",
    "symbol": "LLY",
    "eps": 0.88,
    "epsEstimated": 0.96,
    "time": "bmo",
    "revenue": 5191700000,
    "revenueEstimated": 5663672727,
    "updatedFromDate": "2025-08-25",
    "fiscalDateEnding": "2016-09-30"
  },
  {
    "date": "2016-07-26",
    "symbol": "LLY",
    "eps": 0.86,
    "epsEstimated": 0.86,
    "time": "bmo",
    "revenue": 5404800000,
    "revenueEstimated": 5404800000,
    "updatedFromDate": "2025-08-25",
    "fiscalDateEnding": "2016-06-30"
  }
]