[
  {
    "date": "2026-05-06",
    "symbol": "LNT",
    "eps": null,
    "epsEstimated": null,
    "time": "amc",
    "revenue": null,
    "revenueEstimated": null,
    "updatedFromDate": "2025-10-02",
    "fiscalDateEnding": "2026-03-30"
  },
  {
    "date": "2026-02-18",
    "symbol": "LNT",
    "eps": null,
    "epsEstimated": null,
    "time": "amc",
    "revenue": null,
    "revenueEstimated": null,
    "updatedFromDate": "2025-10-02",
    "fiscalDateEnding": "2025-12-30"
  },
  {
    "date": "2025-10-30",
    "symbol": "LNT",
    "eps": null,
    "epsEstimated": 1.14,
    "time": "bmo",
    "revenue": null,
    "revenueEstimated": null,
    "updatedFromDate": "2025-10-02",
    "fiscalDateEnding": "2025-09-30"
  },
  {
    "date": "2025-08-07",
    "symbol": "LNT",
    "eps": 0.68,
    "epsEstimated": 0.642,
    "time": "amc",
    "revenue": 961000000,
    "revenueEstimated": 887242675,
    "updatedFromDate": "2025-10-02",
    "fiscalDateEnding": "2025-06-30"
  },
  {
    "date": "2025-05-08",
    "symbol": "LNT",
    "eps": 0.83,
    "epsEstimated": 0.686,
    "time": "amc",
    "revenue": 1128000000,
    "revenueEstimated": 985495971,
    "updatedFromDate": "2025-08-08",
    "fiscalDateEnding": "2025-03-31"
  },
  {
    "date": "2025-02-20",
    "symbol": "LNT",
    "eps": 0.7,
    "epsEstimated": 0.681,
    "time": "amc",
    "revenue": 976000000,
    "revenueEstimated": 870070733,
    "updatedFromDate": "2025-05-16",
    "fiscalDateEnding": "2024-12-31"
  },
  {
    "date": "2024-10-31",
    "symbol": "LNT",
    "eps": 1.15,
    "epsEstimated": 1.1,
    "time": "amc",
    "revenue": 1081000000,
    "revenueEstimated": 1093125012,
    "updatedFromDate": "2025-04-25",
    "fiscalDateEnding": "2024-09-30"
  },
  {
    "date": "2024-08-01",
    "symbol": "LNT",
    "eps": 0.57,
    "epsEstimated": 0.638,
    "time": "amc",
    "revenue": 894000000,
    "revenueEstimated": 897025012,
    "updatedFromDate": "2025-04-25",
    "fiscalDateEnding": "2024-06-30"
  },
  {
    "date": "2024-05-02",
    "symbol": "LNT",
    "eps": 0.62,
    "epsEstimated": 0.62,
    "time": "amc",
    "revenue": 1031000000,
    "revenueEstimated": 1013530821,
    "updatedFromDate": "2025-04-25",
    "fiscalDateEnding": "2024-03-31"
  },
  {
    "date": "2024-02-15",
    "symbol": "LNT",
    "eps": 0.48,
    "epsEstimated": 0.55,
    "time": "amc",
    "revenue": 961000000,
    "revenueEstimated": 1122180000,
    "updatedFromDate": "2025-04-25",
    "fiscalDateEnding": "2023-12-31"
  },
  {
    "date": "2023-11-02",
    "symbol": "LNT",
    "eps": 1.02,
    "epsEstimated": 0.93,
    "time": "amc",
    "revenue": 1077000000,
    "revenueEstimated": 1053680000,
    "updatedFromDate": "2025-04-25",
    "fiscalDateEnding": "2023-09-30"
  },
  {
    "date": "2023-08-03",
    "symbol": "LNT",
    "eps": 0.64,
    "epsEstimated": 0.57,
    "time": "amc",
    "revenue": 912000000,
    "revenueEstimated": 1054830000,
    "updatedFromDate": "2025-04-25",
    "fiscalDateEnding": "2023-06-30"
  },
  {
    "date": "2023-05-04",
    "symbol": "LNT",
    "eps": 0.65,
    "epsEstimated": 0.73,
    "time": "amc",
    "revenue": 1077000000,
    "revenueEstimated": 1049840000,
    "updatedFromDate": "2025-04-25",
    "fiscalDateEnding": "2023-03-31"
  },
  {
    "date": "2023-02-23",
    "symbol": "LNT",
    "eps": 0.43,
    "epsEstimated": 0.47,
    "time": "amc",
    "revenue": 1058000000,
    "revenueEstimated": 738325195,
    "updatedFromDate": "2025-04-25",
    "fiscalDateEnding": "2022-12-31"
  },
  {
    "date": "2022-11-07",
    "symbol": "LNT",
    "eps": 0.93,
    "epsEstimated": 1.01,
    "time": "amc",
    "revenue": 1135000000,
    "revenueEstimated": 1130500825,
    "updatedFromDate": "2025-04-25",
    "fiscalDateEnding": "2022-09-30"
  },
  {
    "date": "2022-08-04",
    "symbol": "LNT",
    "eps": 0.63,
    "epsEstimated": 0.58,
    "time": "amc",
    "revenue": 943000000,
    "revenueEstimated": 856665251,
    "updatedFromDate": "2025-04-25",
    "fiscalDateEnding": "2022-06-30"
  },
  {
    "date": "2022-04-28",
    "symbol": "LNT",
    "eps": 0.77,
    "epsEstimated": 0.72,
    "time": "amc",
    "revenue": 1068000000,
    "revenueEstimated": 951830582,
    "updatedFromDate": "2025-04-25",
    "fiscalDateEnding": "2022-03-31"
  },
  {
    "date": "2022-02-17",
    "symbol": "LNT",
    "eps": 0.35,
    "epsEstimated": 0.36,
    "time": "amc",
    "revenue": 927000000,
    "revenueEstimated": 577387847,
    "updatedFromDate": "2025-04-25",
    "fiscalDateEnding": "2021-12-31"
  },
  {
    "date": "2021-11-04",
    "symbol": "LNT",
    "eps": 1.02,
    "epsEstimated": 0.96,
    "time": "amc",
    "revenue": 1024000000,
    "revenueEstimated": 895370000,
    "updatedFromDate": "2025-04-25",
    "fiscalDateEnding": "2021-09-30"
  },
  {
    "date": "2021-08-05",
    "symbol": "LNT",
    "eps": 0.57,
    "epsEstimated": 0.56,
    "time": "amc",
    "revenue": 817000000,
    "revenueEstimated": 779570000,
    "updatedFromDate": "2025-04-25",
    "fiscalDateEnding": "2021-06-30"
  },
  {
    "date": "2021-05-06",
    "symbol": "LNT",
    "eps": 0.68,
    "epsEstimated": 0.68,
    "time": "amc",
    "revenue": 901000000,
    "revenueEstimated": 946430000,
    "updatedFromDate": "2025-04-25",
    "fiscalDateEnding": "2021-03-31"
  },
  {
    "date": "2021-02-18",
    "symbol": "LNT",
    "eps": 0.24,
    "epsEstimated": 0.23,
    "time": "amc",
    "revenue": 817000000,
    "revenueEstimated": 1116760000,
    "updatedFromDate": "2025-04-25",
    "fiscalDateEnding": "2020-12-31"
  },
  {
    "date": "2020-11-02",
    "symbol": "LNT",
    "eps": 0.94,
    "epsEstimated": 0.88,
    "time": "amc",
    "revenue": 920000000,
    "revenueEstimated": 861276595,
    "updatedFromDate": "2025-04-25",
    "fiscalDateEnding": "2020-09-30"
  },
  {
    "date": "2020-08-06",
    "symbol": "LNT",
    "eps": 0.54,
    "epsEstimated": 0.46,
    "time": "amc",
    "revenue": 763100000,
    "revenueEstimated": 650048148,
    "updatedFromDate": "2025-04-25",
    "fiscalDateEnding": "2020-06-30"
  },
  {
    "date": "2020-05-07",
    "symbol": "LNT",
    "eps": 0.7,
    "epsEstimated": 0.54,
    "time": "amc",
    "revenue": 915700000,
    "revenueEstimated": 706397142,
    "updatedFromDate": "2025-04-25",
    "fiscalDateEnding": "2020-03-31"
  },
  {
    "date": "2020-02-20",
    "symbol": "LNT",
    "eps": 0.46,
    "epsEstimated": 0.43,
    "time": "amc",
    "revenue": 880100000,
    "revenueEstimated": 822702173,
    "updatedFromDate": "2025-04-25",
    "fiscalDateEnding": "2019-12-31"
  },
  {
    "date": "2019-11-06",
    "symbol": "LNT",
    "eps": 0.94,
    "epsEstimated": 0.93,
    "time": "amc",
    "revenue": 990200000,
    "revenueEstimated": 979665957,
    "updatedFromDate": "2025-04-25",
    "fiscalDateEnding": "2019-09-30"
  },
  {
    "date": "2019-08-01",
    "symbol": "LNT",
    "eps": 0.4,
    "epsEstimated": 0.44,
    "time": "amc",
    "revenue": 790200000,
    "revenueEstimated": 869219999,
    "updatedFromDate": "2025-04-25",
    "fiscalDateEnding": "2019-06-30"
  },
  {
    "date": "2019-05-02",
    "symbol": "LNT",
    "eps": 0.53,
    "epsEstimated": 0.51,
    "time": "amc",
    "revenue": 987200000,
    "revenueEstimated": 949947169,
    "updatedFromDate": "2025-04-25",
    "fiscalDateEnding": "2019-03-31"
  },
  {
    "date": "2019-02-21",
    "symbol": "LNT",
    "eps": 0.36,
    "epsEstimated": 0.35,
    "time": "amc",
    "revenue": 873500000,
    "revenueEstimated": 849236111,
    "updatedFromDate": "2025-04-25",
    "fiscalDateEnding": "2018-12-31"
  },
  {
    "date": "2018-11-06",
    "symbol": "LNT",
    "eps": 0.85,
    "epsEstimated": 0.84,
    "time": "amc",
    "revenue": 928600000,
    "revenueEstimated": 917675294,
    "updatedFromDate": "2025-04-25",
    "fiscalDateEnding": "2018-09-30"
  },
  {
    "date": "2018-08-02",
    "symbol": "LNT",
    "eps": 0.43,
    "epsEstimated": 0.45,
    "time": "amc",
    "revenue": 816100000,
    "revenueEstimated": 854058139,
    "updatedFromDate": "2025-04-25",
    "fiscalDateEnding": "2018-06-30"
  },
  {
    "date": "2018-05-02",
    "symbol": "LNT",
    "eps": 0.52,
    "epsEstimated": 0.5,
    "time": "amc",
    "revenue": 916300000,
    "revenueEstimated": 881057692,
    "updatedFromDate": "2025-04-25",
    "fiscalDateEnding": "2018-03-31"
  },
  {
    "date": "2018-02-22",
    "symbol": "LNT",
    "eps": 0.33,
    "epsEstimated": 0.36,
    "time": "amc",
    "revenue": 856100000,
    "revenueEstimated": 933927272,
    "updatedFromDate": "2025-04-25",
    "fiscalDateEnding": "2017-12-31"
  },
  {
    "date": "2017-11-02",
    "symbol": "LNT",
    "eps": 0.75,
    "epsEstimated": 0.86,
    "time": "amc",
    "revenue": 906900000,
    "revenueEstimated": 1039912000,
    "updatedFromDate": "2025-04-25",
    "fiscalDateEnding": "2017-09-30"
  },
  {
    "date": "2017-08-03",
    "symbol": "LNT",
    "eps": 0.41,
    "epsEstimated": 0.38,
    "time": "amc",
    "revenue": 765300000,
    "revenueEstimated": 709302439,
    "updatedFromDate": "2025-04-25",
    "fiscalDateEnding": "2017-06-30"
  },
  {
    "date": "2017-05-03",
    "symbol": "LNT",
    "eps": 0.44,
    "epsEstimated": 0.43,
    "time": "amc",
    "revenue": 853900000,
    "revenueEstimated": 834493181,
    "updatedFromDate": "2025-04-25",
    "fiscalDateEnding": "2017-03-31"
  },
  {
    "date": "2017-02-23",
    "symbol": "LNT",
    "eps": 0.28,
    "epsEstimated": 0.28,
    "time": "amc",
    "revenue": 797000000,
    "revenueEstimated": 797000000,
    "updatedFromDate": "2025-04-25",
    "fiscalDateEnding": "2016-12-31"
  },
  {
    "date": "2016-11-03",
    "symbol": "LNT",
    "eps": 0.8,
    "epsEstimated": 0.87,
    "time": "amc",
    "revenue": 924600000,
    "revenueEstimated": 1051732500,
    "updatedFromDate": "2025-04-25",
    "fiscalDateEnding": "2016-09-30"
  },
  {
    "date": "2016-08-01",
    "symbol": "LNT",
    "eps": 0.37,
    "epsEstimated": 0.38,
    "time": "amc",
    "revenue": 754600000,
    "revenueEstimated": 774994594,
    "updatedFromDate": "2025-04-25",
    "fiscalDateEnding": "2016-06-30"
  }
]