[
  {
    "date": "2026-05-19",
    "symbol": "LOW",
    "eps": null,
    "epsEstimated": null,
    "time": "bmo",
    "revenue": null,
    "revenueEstimated": null,
    "updatedFromDate": "2025-10-02",
    "fiscalDateEnding": "2026-04-30"
  },
  {
    "date": "2026-02-25",
    "symbol": "LOW",
    "eps": null,
    "epsEstimated": null,
    "time": "bmo",
    "revenue": null,
    "revenueEstimated": null,
    "updatedFromDate": "2025-10-02",
    "fiscalDateEnding": "2026-01-31"
  },
  {
    "date": "2025-11-19",
    "symbol": "LOW",
    "eps": null,
    "epsEstimated": 3.01,
    "time": "bmo",
    "revenue": null,
    "revenueEstimated": 20903790620,
    "updatedFromDate": "2025-10-02",
    "fiscalDateEnding": "2025-10-31"
  },
  {
    "date": "2025-08-20",
    "symbol": "LOW",
    "eps": 4.33,
    "epsEstimated": 4.24,
    "time": "bmo",
    "revenue": 23959000000,
    "revenueEstimated": 23946080770,
    "updatedFromDate": "2025-10-02",
    "fiscalDateEnding": "2025-08-01"
  },
  {
    "date": "2025-05-21",
    "symbol": "LOW",
    "eps": 2.92,
    "epsEstimated": 2.88,
    "time": "bmo",
    "revenue": 20930000000,
    "revenueEstimated": 20936228340,
    "updatedFromDate": "2025-08-20",
    "fiscalDateEnding": "2025-05-02"
  },
  {
    "date": "2025-02-26",
    "symbol": "LOW",
    "eps": 1.93,
    "epsEstimated": 1.84,
    "time": "bmo",
    "revenue": 18553000000,
    "revenueEstimated": 18295674918,
    "updatedFromDate": "2025-05-26",
    "fiscalDateEnding": "2025-01-31"
  },
  {
    "date": "2024-11-19",
    "symbol": "LOW",
    "eps": 2.89,
    "epsEstimated": 2.81,
    "time": "bmo",
    "revenue": 20170000000,
    "revenueEstimated": 19938915092,
    "updatedFromDate": "2025-04-22",
    "fiscalDateEnding": "2024-11-01"
  },
  {
    "date": "2024-08-20",
    "symbol": "LOW",
    "eps": 4.1,
    "epsEstimated": 3.97,
    "time": "bmo",
    "revenue": 23586000000,
    "revenueEstimated": 23873421413,
    "updatedFromDate": "2025-04-22",
    "fiscalDateEnding": "2024-08-02"
  },
  {
    "date": "2024-05-21",
    "symbol": "LOW",
    "eps": 3.06,
    "epsEstimated": 2.94,
    "time": "bmo",
    "revenue": 21364000000,
    "revenueEstimated": 21139596061,
    "updatedFromDate": "2025-04-22",
    "fiscalDateEnding": "2024-05-03"
  },
  {
    "date": "2024-02-27",
    "symbol": "LOW",
    "eps": 1.77,
    "epsEstimated": 1.68,
    "time": "bmo",
    "revenue": 18602000000,
    "revenueEstimated": 18469373762,
    "updatedFromDate": "2025-04-22",
    "fiscalDateEnding": "2024-02-02"
  },
  {
    "date": "2023-11-21",
    "symbol": "LOW",
    "eps": 3.06,
    "epsEstimated": 3.03,
    "time": "bmo",
    "revenue": 20471000000,
    "revenueEstimated": 18560900000,
    "updatedFromDate": "2025-04-22",
    "fiscalDateEnding": "2023-11-03"
  },
  {
    "date": "2023-08-22",
    "symbol": "LOW",
    "eps": 4.56,
    "epsEstimated": 4.49,
    "time": "bmo",
    "revenue": 24956000000,
    "revenueEstimated": 24988400000,
    "updatedFromDate": "2025-04-22",
    "fiscalDateEnding": "2023-08-04"
  },
  {
    "date": "2023-05-23",
    "symbol": "LOW",
    "eps": 3.67,
    "epsEstimated": 3.44,
    "time": "bmo",
    "revenue": 22347000000,
    "revenueEstimated": 21602800000,
    "updatedFromDate": "2025-04-22",
    "fiscalDateEnding": "2023-05-05"
  },
  {
    "date": "2023-03-01",
    "symbol": "LOW",
    "eps": 2.28,
    "epsEstimated": 2.21,
    "time": "bmo",
    "revenue": 22445000000,
    "revenueEstimated": 22709357188,
    "updatedFromDate": "2025-04-22",
    "fiscalDateEnding": "2023-02-03"
  },
  {
    "date": "2022-11-16",
    "symbol": "LOW",
    "eps": 3.27,
    "epsEstimated": 3.11,
    "time": "bmo",
    "revenue": 23479000000,
    "revenueEstimated": 23118528213,
    "updatedFromDate": "2025-04-22",
    "fiscalDateEnding": "2022-10-28"
  },
  {
    "date": "2022-08-17",
    "symbol": "LOW",
    "eps": 4.67,
    "epsEstimated": 4.58,
    "time": "bmo",
    "revenue": 27476000000,
    "revenueEstimated": 28123471263,
    "updatedFromDate": "2025-04-22",
    "fiscalDateEnding": "2022-07-29"
  },
  {
    "date": "2022-05-18",
    "symbol": "LOW",
    "eps": 3.51,
    "epsEstimated": 3.22,
    "time": "bmo",
    "revenue": 23659000000,
    "revenueEstimated": 23764688096,
    "updatedFromDate": "2025-04-22",
    "fiscalDateEnding": "2022-04-29"
  },
  {
    "date": "2022-02-23",
    "symbol": "LOW",
    "eps": 1.78,
    "epsEstimated": 1.71,
    "time": "bmo",
    "revenue": 21339000000,
    "revenueEstimated": 20924529181,
    "updatedFromDate": "2025-04-22",
    "fiscalDateEnding": "2022-01-28"
  },
  {
    "date": "2021-11-17",
    "symbol": "LOW",
    "eps": 2.73,
    "epsEstimated": 2.36,
    "time": "bmo",
    "revenue": 24422000000,
    "revenueEstimated": 20794100000,
    "updatedFromDate": "2025-04-22",
    "fiscalDateEnding": "2021-10-29"
  },
  {
    "date": "2021-08-18",
    "symbol": "LOW",
    "eps": 4.25,
    "epsEstimated": 4.01,
    "time": "bmo",
    "revenue": 27570000000,
    "revenueEstimated": 21597200000,
    "updatedFromDate": "2025-04-22",
    "fiscalDateEnding": "2021-07-30"
  },
  {
    "date": "2021-05-19",
    "symbol": "LOW",
    "eps": 3.21,
    "epsEstimated": 2.62,
    "time": "bmo",
    "revenue": 22918000000,
    "revenueEstimated": 22929500000,
    "updatedFromDate": "2025-04-22",
    "fiscalDateEnding": "2021-04-30"
  },
  {
    "date": "2021-02-24",
    "symbol": "LOW",
    "eps": 1.33,
    "epsEstimated": 1.21,
    "time": "bmo",
    "revenue": 20311000000,
    "revenueEstimated": 19099700000,
    "updatedFromDate": "2025-04-22",
    "fiscalDateEnding": "2021-01-29"
  },
  {
    "date": "2020-11-18",
    "symbol": "LOW",
    "eps": 1.98,
    "epsEstimated": 1.97,
    "time": "bmo",
    "revenue": 19675000000,
    "revenueEstimated": 22421105527,
    "updatedFromDate": "2025-04-22",
    "fiscalDateEnding": "2020-10-30"
  },
  {
    "date": "2020-08-19",
    "symbol": "LOW",
    "eps": 3.75,
    "epsEstimated": 2.95,
    "time": "bmo",
    "revenue": 27302000000,
    "revenueEstimated": 21477573333,
    "updatedFromDate": "2025-04-22",
    "fiscalDateEnding": "2020-07-31"
  },
  {
    "date": "2020-05-20",
    "symbol": "LOW",
    "eps": 1.77,
    "epsEstimated": 1.32,
    "time": "bmo",
    "revenue": 22309000000,
    "revenueEstimated": 14672881355,
    "updatedFromDate": "2025-04-22",
    "fiscalDateEnding": "2020-05-01"
  },
  {
    "date": "2020-02-26",
    "symbol": "LOW",
    "eps": 0.94,
    "epsEstimated": 0.91,
    "time": "bmo",
    "revenue": 16027000000,
    "revenueEstimated": 15515500000,
    "updatedFromDate": "2025-04-22",
    "fiscalDateEnding": "2020-01-31"
  },
  {
    "date": "2019-11-20",
    "symbol": "LOW",
    "eps": 1.41,
    "epsEstimated": 1.35,
    "time": "bmo",
    "revenue": 17741000000,
    "revenueEstimated": 16648085106,
    "updatedFromDate": "2025-04-22",
    "fiscalDateEnding": "2019-11-01"
  },
  {
    "date": "2019-08-21",
    "symbol": "LOW",
    "eps": 2.15,
    "epsEstimated": 2.01,
    "time": "bmo",
    "revenue": 20992000000,
    "revenueEstimated": 19625079069,
    "updatedFromDate": "2025-04-22",
    "fiscalDateEnding": "2019-08-02"
  },
  {
    "date": "2019-05-22",
    "symbol": "LOW",
    "eps": 1.22,
    "epsEstimated": 1.33,
    "time": "bmo",
    "revenue": 17388000000,
    "revenueEstimated": 19340598360,
    "updatedFromDate": "2025-04-22",
    "fiscalDateEnding": "2019-05-03"
  },
  {
    "date": "2019-02-27",
    "symbol": "LOW",
    "eps": 0.8,
    "epsEstimated": 0.8,
    "time": "bmo",
    "revenue": 15647000000,
    "revenueEstimated": null,
    "updatedFromDate": "2025-04-22",
    "fiscalDateEnding": "2019-02-01"
  },
  {
    "date": "2018-11-20",
    "symbol": "LOW",
    "eps": 1.04,
    "epsEstimated": 0.97,
    "time": "bmo",
    "revenue": 17360000000,
    "revenueEstimated": 16410288461,
    "updatedFromDate": "2025-04-22",
    "fiscalDateEnding": "2018-11-02"
  },
  {
    "date": "2018-08-22",
    "symbol": "LOW",
    "eps": 2.07,
    "epsEstimated": 2.02,
    "time": "bmo",
    "revenue": 20888000000,
    "revenueEstimated": 20383458937,
    "updatedFromDate": "2025-04-22",
    "fiscalDateEnding": "2018-08-03"
  },
  {
    "date": "2018-05-23",
    "symbol": "LOW",
    "eps": 1.19,
    "epsEstimated": 1.22,
    "time": "bmo",
    "revenue": 17415000000,
    "revenueEstimated": 17797647058,
    "updatedFromDate": "2025-04-22",
    "fiscalDateEnding": "2018-05-04"
  },
  {
    "date": "2018-02-28",
    "symbol": "LOW",
    "eps": 0.74,
    "epsEstimated": 0.87,
    "time": "bmo",
    "revenue": 15494000000,
    "revenueEstimated": null,
    "updatedFromDate": "2025-04-22",
    "fiscalDateEnding": "2018-02-02"
  },
  {
    "date": "2017-11-21",
    "symbol": "LOW",
    "eps": 1.05,
    "epsEstimated": 1.02,
    "time": "bmo",
    "revenue": 16860000000,
    "revenueEstimated": 16290857142,
    "updatedFromDate": "2025-04-22",
    "fiscalDateEnding": "2017-11-03"
  },
  {
    "date": "2017-08-23",
    "symbol": "LOW",
    "eps": 1.57,
    "epsEstimated": 1.61,
    "time": "bmo",
    "revenue": 19495000000,
    "revenueEstimated": 19991687898,
    "updatedFromDate": "2025-04-22",
    "fiscalDateEnding": "2017-08-04"
  },
  {
    "date": "2017-05-24",
    "symbol": "LOW",
    "eps": 1.03,
    "epsEstimated": 1.07,
    "time": "bmo",
    "revenue": 16770000000,
    "revenueEstimated": 17351067961,
    "updatedFromDate": "2025-04-22",
    "fiscalDateEnding": "2017-05-05"
  },
  {
    "date": "2017-03-01",
    "symbol": "LOW",
    "eps": 0.86,
    "epsEstimated": 0.79,
    "time": "bmo",
    "revenue": 15784000000,
    "revenueEstimated": 14499255813,
    "updatedFromDate": "2025-04-22",
    "fiscalDateEnding": "2017-02-03"
  },
  {
    "date": "2016-11-16",
    "symbol": "LOW",
    "eps": 0.88,
    "epsEstimated": 0.96,
    "time": "bmo",
    "revenue": 15234000000,
    "revenueEstimated": 17169818181,
    "updatedFromDate": "2025-04-22",
    "fiscalDateEnding": "2016-10-28"
  },
  {
    "date": "2016-08-17",
    "symbol": "LOW",
    "eps": 1.37,
    "epsEstimated": 1.42,
    "time": "bmo",
    "revenue": 18260000000,
    "revenueEstimated": 18926423357,
    "updatedFromDate": "2025-04-22",
    "fiscalDateEnding": "2016-07-29"
  }
]