[
  {
    "date": "2026-04-21",
    "symbol": "LRCX",
    "eps": null,
    "epsEstimated": null,
    "time": "amc",
    "revenue": null,
    "revenueEstimated": null,
    "updatedFromDate": "2025-10-02",
    "fiscalDateEnding": "2026-03-29"
  },
  {
    "date": "2026-01-27",
    "symbol": "LRCX",
    "eps": null,
    "epsEstimated": null,
    "time": "amc",
    "revenue": null,
    "revenueEstimated": null,
    "updatedFromDate": "2025-10-02",
    "fiscalDateEnding": "2025-12-29"
  },
  {
    "date": "2025-10-22",
    "symbol": "LRCX",
    "eps": null,
    "epsEstimated": 1.21,
    "time": "bmo",
    "revenue": null,
    "revenueEstimated": 5226802010,
    "updatedFromDate": "2025-10-02",
    "fiscalDateEnding": "2025-09-29"
  },
  {
    "date": "2025-07-30",
    "symbol": "LRCX",
    "eps": 1.33,
    "epsEstimated": 1.21,
    "time": "amc",
    "revenue": 5171393000,
    "revenueEstimated": 5003972802,
    "updatedFromDate": "2025-10-02",
    "fiscalDateEnding": "2025-06-29"
  },
  {
    "date": "2025-04-23",
    "symbol": "LRCX",
    "eps": 1.04,
    "epsEstimated": 1,
    "time": "amc",
    "revenue": 4720175000,
    "revenueEstimated": 4642765190,
    "updatedFromDate": "2025-07-22",
    "fiscalDateEnding": "2025-03-30"
  },
  {
    "date": "2025-01-29",
    "symbol": "LRCX",
    "eps": 0.91,
    "epsEstimated": 0.878,
    "time": "amc",
    "revenue": 4376047000,
    "revenueEstimated": 4317462700,
    "updatedFromDate": "2025-04-29",
    "fiscalDateEnding": "2024-12-29"
  },
  {
    "date": "2024-10-23",
    "symbol": "LRCX",
    "eps": 0.86,
    "epsEstimated": 0.81,
    "time": "amc",
    "revenue": 4167976000,
    "revenueEstimated": 4057319237,
    "updatedFromDate": "2025-04-24",
    "fiscalDateEnding": "2024-09-29"
  },
  {
    "date": "2024-07-31",
    "symbol": "LRCX",
    "eps": 0.81,
    "epsEstimated": 0.758,
    "time": "amc",
    "revenue": 3871507000,
    "revenueEstimated": 3822298273,
    "updatedFromDate": "2025-04-24",
    "fiscalDateEnding": "2024-06-30"
  },
  {
    "date": "2024-04-24",
    "symbol": "LRCX",
    "eps": 0.78,
    "epsEstimated": 7.3,
    "time": "amc",
    "revenue": 3793558000,
    "revenueEstimated": 3721699223,
    "updatedFromDate": "2025-04-24",
    "fiscalDateEnding": "2024-03-31"
  },
  {
    "date": "2024-01-24",
    "symbol": "LRCX",
    "eps": 0.75,
    "epsEstimated": 0.71,
    "time": "amc",
    "revenue": 3758259000,
    "revenueEstimated": 3709790000,
    "updatedFromDate": "2025-04-24",
    "fiscalDateEnding": "2023-12-24"
  },
  {
    "date": "2023-10-18",
    "symbol": "LRCX",
    "eps": 0.69,
    "epsEstimated": 0.61,
    "time": "amc",
    "revenue": 3482062000,
    "revenueEstimated": 3514960000,
    "updatedFromDate": "2025-04-24",
    "fiscalDateEnding": "2023-09-24"
  },
  {
    "date": "2023-07-26",
    "symbol": "LRCX",
    "eps": 0.6,
    "epsEstimated": 0.5,
    "time": "amc",
    "revenue": 3207257000,
    "revenueEstimated": 3130390000,
    "updatedFromDate": "2025-04-24",
    "fiscalDateEnding": "2023-06-25"
  },
  {
    "date": "2023-04-19",
    "symbol": "LRCX",
    "eps": 0.7,
    "epsEstimated": 0.65,
    "time": "amc",
    "revenue": 3869569000,
    "revenueEstimated": 3130390000,
    "updatedFromDate": "2025-04-24",
    "fiscalDateEnding": "2023-03-26"
  },
  {
    "date": "2023-01-25",
    "symbol": "LRCX",
    "eps": 1.07,
    "epsEstimated": 1,
    "time": "amc",
    "revenue": 5277569000,
    "revenueEstimated": 5100330378,
    "updatedFromDate": "2025-04-24",
    "fiscalDateEnding": "2022-12-25"
  },
  {
    "date": "2022-10-19",
    "symbol": "LRCX",
    "eps": 1.04,
    "epsEstimated": 0.95,
    "time": "amc",
    "revenue": 5074121000,
    "revenueEstimated": 4922559120,
    "updatedFromDate": "2025-04-24",
    "fiscalDateEnding": "2022-09-25"
  },
  {
    "date": "2022-07-27",
    "symbol": "LRCX",
    "eps": 0.88,
    "epsEstimated": 0.73,
    "time": "amc",
    "revenue": 4617248000,
    "revenueEstimated": 4211392309,
    "updatedFromDate": "2025-04-24",
    "fiscalDateEnding": "2022-06-26"
  },
  {
    "date": "2022-04-20",
    "symbol": "LRCX",
    "eps": 0.74,
    "epsEstimated": 0.75,
    "time": "amc",
    "revenue": 4060416000,
    "revenueEstimated": 4245635682,
    "updatedFromDate": "2025-04-24",
    "fiscalDateEnding": "2022-03-27"
  },
  {
    "date": "2022-01-26",
    "symbol": "LRCX",
    "eps": 0.85,
    "epsEstimated": 0.85,
    "time": "amc",
    "revenue": 4226604000,
    "revenueEstimated": 4411690000,
    "updatedFromDate": "2025-04-24",
    "fiscalDateEnding": "2021-12-26"
  },
  {
    "date": "2021-10-20",
    "symbol": "LRCX",
    "eps": 0.84,
    "epsEstimated": 0.81,
    "time": "amc",
    "revenue": 4304465000,
    "revenueEstimated": 4322310000,
    "updatedFromDate": "2025-04-24",
    "fiscalDateEnding": "2021-09-26"
  },
  {
    "date": "2021-07-28",
    "symbol": "LRCX",
    "eps": 0.81,
    "epsEstimated": 0.75,
    "time": "amc",
    "revenue": 4145179000,
    "revenueEstimated": 4322310000,
    "updatedFromDate": "2025-04-24",
    "fiscalDateEnding": "2021-06-27"
  },
  {
    "date": "2021-04-21",
    "symbol": "LRCX",
    "eps": 0.75,
    "epsEstimated": 0.66,
    "time": "amc",
    "revenue": 3847654000,
    "revenueEstimated": 3692640000,
    "updatedFromDate": "2025-04-24",
    "fiscalDateEnding": "2021-03-28"
  },
  {
    "date": "2021-01-27",
    "symbol": "LRCX",
    "eps": 0.6,
    "epsEstimated": 0.56,
    "time": "amc",
    "revenue": 3456237000,
    "revenueEstimated": 3275282183,
    "updatedFromDate": "2025-04-24",
    "fiscalDateEnding": "2020-12-27"
  },
  {
    "date": "2020-10-21",
    "symbol": "LRCX",
    "eps": 0.57,
    "epsEstimated": 0.52,
    "time": "amc",
    "revenue": 3177080000,
    "revenueEstimated": 2913724162,
    "updatedFromDate": "2025-04-24",
    "fiscalDateEnding": "2020-09-27"
  },
  {
    "date": "2020-07-29",
    "symbol": "LRCX",
    "eps": 0.48,
    "epsEstimated": 0.42,
    "time": "amc",
    "revenue": 2791864000,
    "revenueEstimated": 2365491464,
    "updatedFromDate": "2025-04-24",
    "fiscalDateEnding": "2020-06-28"
  },
  {
    "date": "2020-04-22",
    "symbol": "LRCX",
    "eps": 0.4,
    "epsEstimated": 0.4,
    "time": "amc",
    "revenue": 2503625000,
    "revenueEstimated": 2503625000,
    "updatedFromDate": "2025-04-24",
    "fiscalDateEnding": "2020-03-29"
  },
  {
    "date": "2020-01-29",
    "symbol": "LRCX",
    "eps": 0.4,
    "epsEstimated": 0.38,
    "time": "amc",
    "revenue": 2583501000,
    "revenueEstimated": 2480418665,
    "updatedFromDate": "2025-04-24",
    "fiscalDateEnding": "2019-12-29"
  },
  {
    "date": "2019-10-23",
    "symbol": "LRCX",
    "eps": 0.32,
    "epsEstimated": 0.3,
    "time": "amc",
    "revenue": 2165746000,
    "revenueEstimated": 2049967125,
    "updatedFromDate": "2025-04-24",
    "fiscalDateEnding": "2019-09-29"
  },
  {
    "date": "2019-07-31",
    "symbol": "LRCX",
    "eps": 0.36,
    "epsEstimated": 0.34,
    "time": "amc",
    "revenue": 2361147000,
    "revenueEstimated": 2230696889,
    "updatedFromDate": "2025-04-24",
    "fiscalDateEnding": "2019-06-30"
  },
  {
    "date": "2019-04-24",
    "symbol": "LRCX",
    "eps": 0.37,
    "epsEstimated": 0.34,
    "time": "amc",
    "revenue": 2439048000,
    "revenueEstimated": 2228103308,
    "updatedFromDate": "2025-04-24",
    "fiscalDateEnding": "2019-03-31"
  },
  {
    "date": "2019-01-23",
    "symbol": "LRCX",
    "eps": 0.39,
    "epsEstimated": 0.37,
    "time": "amc",
    "revenue": 2522673000,
    "revenueEstimated": 2385783767,
    "updatedFromDate": "2025-04-24",
    "fiscalDateEnding": "2018-12-23"
  },
  {
    "date": "2018-10-16",
    "symbol": "LRCX",
    "eps": 0.34,
    "epsEstimated": 0.32,
    "time": "amc",
    "revenue": 2330691000,
    "revenueEstimated": 2233587500,
    "updatedFromDate": "2025-04-24",
    "fiscalDateEnding": "2018-09-23"
  },
  {
    "date": "2018-07-26",
    "symbol": "LRCX",
    "eps": 0.53,
    "epsEstimated": 0.5,
    "time": "amc",
    "revenue": 3125928000,
    "revenueEstimated": 2908087758,
    "updatedFromDate": "2025-04-24",
    "fiscalDateEnding": "2018-06-24"
  },
  {
    "date": "2018-04-17",
    "symbol": "LRCX",
    "eps": 0.48,
    "epsEstimated": 0.44,
    "time": "amc",
    "revenue": 2892115000,
    "revenueEstimated": 2644550730,
    "updatedFromDate": "2025-04-24",
    "fiscalDateEnding": "2018-03-25"
  },
  {
    "date": "2018-01-24",
    "symbol": "LRCX",
    "eps": 0.43,
    "epsEstimated": 0.37,
    "time": "amc",
    "revenue": 2580815000,
    "revenueEstimated": 2188328110,
    "updatedFromDate": "2025-04-24",
    "fiscalDateEnding": "2017-12-24"
  },
  {
    "date": "2017-10-17",
    "symbol": "LRCX",
    "eps": 0.35,
    "epsEstimated": 0.33,
    "time": "amc",
    "revenue": 2478140000,
    "revenueEstimated": 2349181502,
    "updatedFromDate": "2025-04-24",
    "fiscalDateEnding": "2017-09-24"
  },
  {
    "date": "2017-07-26",
    "symbol": "LRCX",
    "eps": 0.31,
    "epsEstimated": 0.3,
    "time": "amc",
    "revenue": 2344907000,
    "revenueEstimated": 2284581028,
    "updatedFromDate": "2025-04-24",
    "fiscalDateEnding": "2017-06-25"
  },
  {
    "date": "2017-04-18",
    "symbol": "LRCX",
    "eps": 0.28,
    "epsEstimated": 0.25,
    "time": "amc",
    "revenue": 2153995000,
    "revenueEstimated": 1961678571,
    "updatedFromDate": "2025-04-24",
    "fiscalDateEnding": "2017-03-26"
  },
  {
    "date": "2017-01-25",
    "symbol": "LRCX",
    "eps": 0.22,
    "epsEstimated": 0.22,
    "time": "amc",
    "revenue": 1882299000,
    "revenueEstimated": 1840284374,
    "updatedFromDate": "2025-04-24",
    "fiscalDateEnding": "2016-12-25"
  },
  {
    "date": "2016-10-19",
    "symbol": "LRCX",
    "eps": 0.18,
    "epsEstimated": 0.18,
    "time": "amc",
    "revenue": 1632419000,
    "revenueEstimated": 1605343646,
    "updatedFromDate": "2025-04-24",
    "fiscalDateEnding": "2016-09-25"
  },
  {
    "date": "2016-07-27",
    "symbol": "LRCX",
    "eps": 0.18,
    "epsEstimated": 0.16,
    "time": "amc",
    "revenue": 1546261000,
    "revenueEstimated": 1408851111,
    "updatedFromDate": "2025-04-24",
    "fiscalDateEnding": "2016-06-26"
  }
]