[
  {
    "date": "2026-03-25",
    "symbol": "LULU",
    "eps": null,
    "epsEstimated": null,
    "time": "amc",
    "revenue": null,
    "revenueEstimated": null,
    "updatedFromDate": "2025-10-02",
    "fiscalDateEnding": "2026-02-03"
  },
  {
    "date": "2025-12-04",
    "symbol": "LULU",
    "eps": null,
    "epsEstimated": 2.22,
    "time": "amc",
    "revenue": null,
    "revenueEstimated": null,
    "updatedFromDate": "2025-10-02",
    "fiscalDateEnding": "2025-11-03"
  },
  {
    "date": "2025-09-04",
    "symbol": "LULU",
    "eps": 3.1,
    "epsEstimated": 2.91,
    "time": "amc",
    "revenue": 2525219000,
    "revenueEstimated": 2533059632,
    "updatedFromDate": "2025-10-02",
    "fiscalDateEnding": "2025-08-03"
  },
  {
    "date": "2025-06-05",
    "symbol": "LULU",
    "eps": 2.6,
    "epsEstimated": 2.58,
    "time": "amc",
    "revenue": 2370660000,
    "revenueEstimated": 2358905611,
    "updatedFromDate": "2025-09-05",
    "fiscalDateEnding": "2025-05-04"
  },
  {
    "date": "2025-03-27",
    "symbol": "LULU",
    "eps": 6.14,
    "epsEstimated": 5.85,
    "time": "amc",
    "revenue": 3611497000,
    "revenueEstimated": 3576618934,
    "updatedFromDate": "2025-06-27",
    "fiscalDateEnding": "2025-02-02"
  },
  {
    "date": "2024-12-05",
    "symbol": "LULU",
    "eps": 2.87,
    "epsEstimated": 2.68,
    "time": "amc",
    "revenue": 2396660000,
    "revenueEstimated": 2357439843,
    "updatedFromDate": "2025-04-25",
    "fiscalDateEnding": "2024-10-27"
  },
  {
    "date": "2024-08-29",
    "symbol": "LULU",
    "eps": 3.15,
    "epsEstimated": 2.93,
    "time": "amc",
    "revenue": 2371078000,
    "revenueEstimated": 2406120663,
    "updatedFromDate": "2025-04-25",
    "fiscalDateEnding": "2024-07-28"
  },
  {
    "date": "2024-06-05",
    "symbol": "LULU",
    "eps": 2.54,
    "epsEstimated": 2.38,
    "time": "amc",
    "revenue": 2208891000,
    "revenueEstimated": 2200083093,
    "updatedFromDate": "2025-04-25",
    "fiscalDateEnding": "2024-04-28"
  },
  {
    "date": "2024-03-21",
    "symbol": "LULU",
    "eps": 5.29,
    "epsEstimated": 5,
    "time": "amc",
    "revenue": 3205103000,
    "revenueEstimated": 3193073499,
    "updatedFromDate": "2025-04-25",
    "fiscalDateEnding": "2024-01-28"
  },
  {
    "date": "2023-12-07",
    "symbol": "LULU",
    "eps": 2.53,
    "epsEstimated": 2.28,
    "time": "amc",
    "revenue": 2204218000,
    "revenueEstimated": 3179540000,
    "updatedFromDate": "2025-04-25",
    "fiscalDateEnding": "2023-10-29"
  },
  {
    "date": "2023-08-31",
    "symbol": "LULU",
    "eps": 2.68,
    "epsEstimated": 2.54,
    "time": "amc",
    "revenue": 2209165000,
    "revenueEstimated": 2134590000,
    "updatedFromDate": "2025-04-25",
    "fiscalDateEnding": "2023-07-30"
  },
  {
    "date": "2023-06-01",
    "symbol": "LULU",
    "eps": 2.28,
    "epsEstimated": 1.98,
    "time": "amc",
    "revenue": 2000792000,
    "revenueEstimated": 1924930000,
    "updatedFromDate": "2025-04-25",
    "fiscalDateEnding": "2023-04-30"
  },
  {
    "date": "2023-03-28",
    "symbol": "LULU",
    "eps": 4.4,
    "epsEstimated": 4.25,
    "time": "amc",
    "revenue": 2771838000,
    "revenueEstimated": 2699920000,
    "updatedFromDate": "2025-04-25",
    "fiscalDateEnding": "2023-01-29"
  },
  {
    "date": "2022-12-08",
    "symbol": "LULU",
    "eps": 2,
    "epsEstimated": 1.97,
    "time": "amc",
    "revenue": 1856889000,
    "revenueEstimated": 1814297232,
    "updatedFromDate": "2025-04-25",
    "fiscalDateEnding": "2022-10-30"
  },
  {
    "date": "2022-09-01",
    "symbol": "LULU",
    "eps": 2.2,
    "epsEstimated": 1.87,
    "time": "amc",
    "revenue": 1868328000,
    "revenueEstimated": 1773860063,
    "updatedFromDate": "2025-04-25",
    "fiscalDateEnding": "2022-07-31"
  },
  {
    "date": "2022-06-02",
    "symbol": "LULU",
    "eps": 1.48,
    "epsEstimated": 1.43,
    "time": "amc",
    "revenue": 1613463000,
    "revenueEstimated": 1546178715,
    "updatedFromDate": "2025-04-25",
    "fiscalDateEnding": "2022-05-01"
  },
  {
    "date": "2022-03-29",
    "symbol": "LULU",
    "eps": 3.37,
    "epsEstimated": 3.28,
    "time": "amc",
    "revenue": 2129113000,
    "revenueEstimated": 2134511754,
    "updatedFromDate": "2025-04-25",
    "fiscalDateEnding": "2022-01-30"
  },
  {
    "date": "2021-12-09",
    "symbol": "LULU",
    "eps": 1.62,
    "epsEstimated": 1.41,
    "time": "amc",
    "revenue": 1450421000,
    "revenueEstimated": 2163500000,
    "updatedFromDate": "2025-04-25",
    "fiscalDateEnding": "2021-10-31"
  },
  {
    "date": "2021-09-08",
    "symbol": "LULU",
    "eps": 1.65,
    "epsEstimated": 1.19,
    "time": "amc",
    "revenue": 1450618000,
    "revenueEstimated": 1384680817,
    "updatedFromDate": "2025-04-25",
    "fiscalDateEnding": "2021-08-01"
  },
  {
    "date": "2021-06-03",
    "symbol": "LULU",
    "eps": 1.16,
    "epsEstimated": 0.91,
    "time": "amc",
    "revenue": 1226465000,
    "revenueEstimated": 1121220000,
    "updatedFromDate": "2025-04-25",
    "fiscalDateEnding": "2021-05-02"
  },
  {
    "date": "2021-03-30",
    "symbol": "LULU",
    "eps": 2.58,
    "epsEstimated": 2.49,
    "time": "amc",
    "revenue": 1729550000,
    "revenueEstimated": 1659970000,
    "updatedFromDate": "2025-04-25",
    "fiscalDateEnding": "2021-01-31"
  },
  {
    "date": "2020-12-10",
    "symbol": "LULU",
    "eps": 1.16,
    "epsEstimated": 0.88,
    "time": "amc",
    "revenue": 1117426000,
    "revenueEstimated": 1117425999,
    "updatedFromDate": "2025-04-25",
    "fiscalDateEnding": "2020-11-01"
  },
  {
    "date": "2020-09-08",
    "symbol": "LULU",
    "eps": 0.69,
    "epsEstimated": 0.55,
    "time": "amc",
    "revenue": 902942000,
    "revenueEstimated": 683307459,
    "updatedFromDate": "2025-04-25",
    "fiscalDateEnding": "2020-08-02"
  },
  {
    "date": "2020-06-11",
    "symbol": "LULU",
    "eps": 0.22,
    "epsEstimated": 0.23,
    "time": "amc",
    "revenue": 651962000,
    "revenueEstimated": 681596636,
    "updatedFromDate": "2025-04-25",
    "fiscalDateEnding": "2020-05-03"
  },
  {
    "date": "2020-03-26",
    "symbol": "LULU",
    "eps": 2.28,
    "epsEstimated": 2.24,
    "time": "amc",
    "revenue": 1397491000,
    "revenueEstimated": 1372973614,
    "updatedFromDate": "2025-04-25",
    "fiscalDateEnding": "2020-02-02"
  },
  {
    "date": "2019-12-11",
    "symbol": "LULU",
    "eps": 0.96,
    "epsEstimated": 0.93,
    "time": "amc",
    "revenue": 916138000,
    "revenueEstimated": 897051791,
    "updatedFromDate": "2025-04-25",
    "fiscalDateEnding": "2019-11-03"
  },
  {
    "date": "2019-09-05",
    "symbol": "LULU",
    "eps": 0.96,
    "epsEstimated": 0.89,
    "time": "amc",
    "revenue": 883352000,
    "revenueEstimated": 818940916,
    "updatedFromDate": "2025-04-25",
    "fiscalDateEnding": "2019-08-04"
  },
  {
    "date": "2019-06-12",
    "symbol": "LULU",
    "eps": 0.74,
    "epsEstimated": 0.7,
    "time": "amc",
    "revenue": 782315000,
    "revenueEstimated": 740027702,
    "updatedFromDate": "2025-04-25",
    "fiscalDateEnding": "2019-05-05"
  },
  {
    "date": "2019-03-27",
    "symbol": "LULU",
    "eps": 1.85,
    "epsEstimated": 1.74,
    "time": "amc",
    "revenue": 1167458000,
    "revenueEstimated": 1098041578,
    "updatedFromDate": "2025-04-25",
    "fiscalDateEnding": "2019-02-03"
  },
  {
    "date": "2018-12-06",
    "symbol": "LULU",
    "eps": 0.75,
    "epsEstimated": 0.7,
    "time": "amc",
    "revenue": 747655000,
    "revenueEstimated": 697811333,
    "updatedFromDate": "2025-04-25",
    "fiscalDateEnding": "2018-10-28"
  },
  {
    "date": "2018-08-30",
    "symbol": "LULU",
    "eps": 0.71,
    "epsEstimated": 0.49,
    "time": "amc",
    "revenue": 723500000,
    "revenueEstimated": 499316901,
    "updatedFromDate": "2025-04-25",
    "fiscalDateEnding": "2018-07-29"
  },
  {
    "date": "2018-05-31",
    "symbol": "LULU",
    "eps": 0.55,
    "epsEstimated": 0.46,
    "time": "amc",
    "revenue": 649706000,
    "revenueEstimated": 543385454,
    "updatedFromDate": "2025-04-25",
    "fiscalDateEnding": "2018-04-29"
  },
  {
    "date": "2018-03-27",
    "symbol": "LULU",
    "eps": 1.33,
    "epsEstimated": 1.27,
    "time": "amc",
    "revenue": 928802000,
    "revenueEstimated": 886899248,
    "updatedFromDate": "2025-04-25",
    "fiscalDateEnding": "2018-01-28"
  },
  {
    "date": "2017-12-06",
    "symbol": "LULU",
    "eps": 0.56,
    "epsEstimated": 0.52,
    "time": "amc",
    "revenue": 619018000,
    "revenueEstimated": 574785714,
    "updatedFromDate": "2025-04-25",
    "fiscalDateEnding": "2017-10-29"
  },
  {
    "date": "2017-08-31",
    "symbol": "LULU",
    "eps": 0.39,
    "epsEstimated": 0.35,
    "time": "amc",
    "revenue": 581054000,
    "revenueEstimated": 521499999,
    "updatedFromDate": "2025-04-25",
    "fiscalDateEnding": "2017-07-30"
  },
  {
    "date": "2017-06-01",
    "symbol": "LULU",
    "eps": 0.32,
    "epsEstimated": 0.28,
    "time": "amc",
    "revenue": 520307000,
    "revenueEstimated": 455262500,
    "updatedFromDate": "2025-04-25",
    "fiscalDateEnding": "2017-04-30"
  },
  {
    "date": "2017-03-29",
    "symbol": "LULU",
    "eps": 1,
    "epsEstimated": 1.01,
    "time": "amc",
    "revenue": 789940000,
    "revenueEstimated": 797799000,
    "updatedFromDate": "2025-04-25",
    "fiscalDateEnding": "2017-01-29"
  },
  {
    "date": "2016-12-07",
    "symbol": "LULU",
    "eps": 0.47,
    "epsEstimated": 0.43,
    "time": "amc",
    "revenue": 544416000,
    "revenueEstimated": 498068085,
    "updatedFromDate": "2025-04-25",
    "fiscalDateEnding": "2016-10-30"
  },
  {
    "date": "2016-09-01",
    "symbol": "LULU",
    "eps": 0.38,
    "epsEstimated": 0.38,
    "time": "amc",
    "revenue": 514520000,
    "revenueEstimated": 514500000,
    "updatedFromDate": "2025-04-25",
    "fiscalDateEnding": "2016-07-31"
  },
  {
    "date": "2016-06-08",
    "symbol": "LULU",
    "eps": 0.3,
    "epsEstimated": 0.31,
    "time": "bmo",
    "revenue": 495516000,
    "revenueEstimated": 512016666,
    "updatedFromDate": "2025-04-25",
    "fiscalDateEnding": "2016-05-01"
  }
]