[
  {
    "date": "2026-04-22",
    "symbol": "LUV",
    "eps": null,
    "epsEstimated": null,
    "time": "bmo",
    "revenue": null,
    "revenueEstimated": null,
    "updatedFromDate": "2025-10-02",
    "fiscalDateEnding": "2026-03-30"
  },
  {
    "date": "2026-01-28",
    "symbol": "LUV",
    "eps": null,
    "epsEstimated": null,
    "time": "bmo",
    "revenue": null,
    "revenueEstimated": null,
    "updatedFromDate": "2025-10-02",
    "fiscalDateEnding": "2025-12-30"
  },
  {
    "date": "2025-10-23",
    "symbol": "LUV",
    "eps": null,
    "epsEstimated": -0.02,
    "time": "bmo",
    "revenue": null,
    "revenueEstimated": 6940261130,
    "updatedFromDate": "2025-10-02",
    "fiscalDateEnding": "2025-09-30"
  },
  {
    "date": "2025-07-23",
    "symbol": "LUV",
    "eps": 0.43,
    "epsEstimated": 0.511,
    "time": "amc",
    "revenue": 7244000000,
    "revenueEstimated": 7296091907,
    "updatedFromDate": "2025-10-02",
    "fiscalDateEnding": "2025-06-30"
  },
  {
    "date": "2025-04-23",
    "symbol": "LUV",
    "eps": -0.13,
    "epsEstimated": -0.18356,
    "time": "bmo",
    "revenue": 6428000000,
    "revenueEstimated": 6391071903,
    "updatedFromDate": "2025-07-21",
    "fiscalDateEnding": "2025-03-31"
  },
  {
    "date": "2025-01-30",
    "symbol": "LUV",
    "eps": 0.56,
    "epsEstimated": 0.4616,
    "time": "bmo",
    "revenue": 6930000000,
    "revenueEstimated": 6959234366,
    "updatedFromDate": "2025-04-30",
    "fiscalDateEnding": "2024-12-31"
  },
  {
    "date": "2024-10-24",
    "symbol": "LUV",
    "eps": 0.15,
    "epsEstimated": 0.004,
    "time": "bmo",
    "revenue": 6870000000,
    "revenueEstimated": 6772551644,
    "updatedFromDate": "2025-04-25",
    "fiscalDateEnding": "2024-09-30"
  },
  {
    "date": "2024-07-25",
    "symbol": "LUV",
    "eps": 0.58,
    "epsEstimated": 0.51,
    "time": "bmo",
    "revenue": 7354000000,
    "revenueEstimated": 7322156344,
    "updatedFromDate": "2025-04-25",
    "fiscalDateEnding": "2024-06-30"
  },
  {
    "date": "2024-04-25",
    "symbol": "LUV",
    "eps": -0.36,
    "epsEstimated": -0.33625,
    "time": "bmo",
    "revenue": 6329000000,
    "revenueEstimated": 6420452565,
    "updatedFromDate": "2025-04-25",
    "fiscalDateEnding": "2024-03-31"
  },
  {
    "date": "2024-01-25",
    "symbol": "LUV",
    "eps": 0.37,
    "epsEstimated": 0.11,
    "time": "bmo",
    "revenue": 6823000000,
    "revenueEstimated": 6744680000,
    "updatedFromDate": "2025-04-25",
    "fiscalDateEnding": "2023-12-31"
  },
  {
    "date": "2023-10-26",
    "symbol": "LUV",
    "eps": 0.38,
    "epsEstimated": 0.38,
    "time": "bmo",
    "revenue": 6525000000,
    "revenueEstimated": 6622160000,
    "updatedFromDate": "2025-04-25",
    "fiscalDateEnding": "2023-09-30"
  },
  {
    "date": "2023-07-27",
    "symbol": "LUV",
    "eps": 1.09,
    "epsEstimated": 1.1,
    "time": "bmo",
    "revenue": 7037000000,
    "revenueEstimated": 6976620000,
    "updatedFromDate": "2025-04-25",
    "fiscalDateEnding": "2023-06-30"
  },
  {
    "date": "2023-04-27",
    "symbol": "LUV",
    "eps": -0.27,
    "epsEstimated": -0.21,
    "time": "bmo",
    "revenue": 5706000000,
    "revenueEstimated": 5726510000,
    "updatedFromDate": "2025-04-25",
    "fiscalDateEnding": "2023-03-31"
  },
  {
    "date": "2023-01-26",
    "symbol": "LUV",
    "eps": -0.38,
    "epsEstimated": -0.11623,
    "time": "bmo",
    "revenue": 6172000000,
    "revenueEstimated": 6223176809,
    "updatedFromDate": "2025-04-25",
    "fiscalDateEnding": "2022-12-31"
  },
  {
    "date": "2022-10-27",
    "symbol": "LUV",
    "eps": 0.5,
    "epsEstimated": 0.42,
    "time": "bmo",
    "revenue": 6220000000,
    "revenueEstimated": 6217742328,
    "updatedFromDate": "2025-04-25",
    "fiscalDateEnding": "2022-09-30"
  },
  {
    "date": "2022-07-28",
    "symbol": "LUV",
    "eps": 1.3,
    "epsEstimated": 1.19,
    "time": "bmo",
    "revenue": 6728000000,
    "revenueEstimated": 6685141227,
    "updatedFromDate": "2025-04-25",
    "fiscalDateEnding": "2022-06-30"
  },
  {
    "date": "2022-04-28",
    "symbol": "LUV",
    "eps": -0.32,
    "epsEstimated": -0.34,
    "time": "bmo",
    "revenue": 4694000000,
    "revenueEstimated": 4669455651,
    "updatedFromDate": "2025-04-25",
    "fiscalDateEnding": "2022-03-31"
  },
  {
    "date": "2022-01-27",
    "symbol": "LUV",
    "eps": 0.14,
    "epsEstimated": 0.07,
    "time": "bmo",
    "revenue": 5051000000,
    "revenueEstimated": 4505710000,
    "updatedFromDate": "2025-04-25",
    "fiscalDateEnding": "2021-12-31"
  },
  {
    "date": "2021-10-21",
    "symbol": "LUV",
    "eps": -0.23,
    "epsEstimated": -0.27,
    "time": "bmo",
    "revenue": 4679000000,
    "revenueEstimated": 4828020000,
    "updatedFromDate": "2025-04-25",
    "fiscalDateEnding": "2021-09-30"
  },
  {
    "date": "2021-07-22",
    "symbol": "LUV",
    "eps": -0.35,
    "epsEstimated": -0.21,
    "time": "bmo",
    "revenue": 4008000000,
    "revenueEstimated": 3306600000,
    "updatedFromDate": "2025-04-25",
    "fiscalDateEnding": "2021-06-30"
  },
  {
    "date": "2021-04-22",
    "symbol": "LUV",
    "eps": -1.72,
    "epsEstimated": -1.82,
    "time": "bmo",
    "revenue": 2052000000,
    "revenueEstimated": 2196194594,
    "updatedFromDate": "2025-04-25",
    "fiscalDateEnding": "2021-03-31"
  },
  {
    "date": "2021-01-28",
    "symbol": "LUV",
    "eps": -1.29,
    "epsEstimated": -1.69,
    "time": "bmo",
    "revenue": 2013000000,
    "revenueEstimated": 2480303571,
    "updatedFromDate": "2025-04-25",
    "fiscalDateEnding": "2020-12-31"
  },
  {
    "date": "2020-10-22",
    "symbol": "LUV",
    "eps": -1.99,
    "epsEstimated": -2.44,
    "time": "bmo",
    "revenue": 1793000000,
    "revenueEstimated": 2117361809,
    "updatedFromDate": "2025-04-25",
    "fiscalDateEnding": "2020-09-30"
  },
  {
    "date": "2020-07-23",
    "symbol": "LUV",
    "eps": -2.67,
    "epsEstimated": -2.53,
    "time": "bmo",
    "revenue": 1008000000,
    "revenueEstimated": 1004224719,
    "updatedFromDate": "2025-04-25",
    "fiscalDateEnding": "2020-06-30"
  },
  {
    "date": "2020-04-28",
    "symbol": "LUV",
    "eps": -0.15,
    "epsEstimated": -0.48,
    "time": "bmo",
    "revenue": 4234000000,
    "revenueEstimated": 11572933333,
    "updatedFromDate": "2025-04-25",
    "fiscalDateEnding": "2020-03-31"
  },
  {
    "date": "2020-01-23",
    "symbol": "LUV",
    "eps": 1.16,
    "epsEstimated": 1.09,
    "time": "bmo",
    "revenue": 5729000000,
    "revenueEstimated": 6373163265,
    "updatedFromDate": "2025-04-25",
    "fiscalDateEnding": "2019-12-31"
  },
  {
    "date": "2019-10-24",
    "symbol": "LUV",
    "eps": 1.23,
    "epsEstimated": 1.08,
    "time": "bmo",
    "revenue": 5639000000,
    "revenueEstimated": 4951317073,
    "updatedFromDate": "2025-04-25",
    "fiscalDateEnding": "2019-09-30"
  },
  {
    "date": "2019-07-25",
    "symbol": "LUV",
    "eps": 1.37,
    "epsEstimated": 1.34,
    "time": "bmo",
    "revenue": 5909000000,
    "revenueEstimated": 5779605839,
    "updatedFromDate": "2025-04-25",
    "fiscalDateEnding": "2019-06-30"
  },
  {
    "date": "2019-04-25",
    "symbol": "LUV",
    "eps": 0.7,
    "epsEstimated": 0.61,
    "time": "bmo",
    "revenue": 5149000000,
    "revenueEstimated": 4486985714,
    "updatedFromDate": "2025-04-25",
    "fiscalDateEnding": "2019-03-31"
  },
  {
    "date": "2019-01-24",
    "symbol": "LUV",
    "eps": 1.17,
    "epsEstimated": 1.06,
    "time": "bmo",
    "revenue": 5704000000,
    "revenueEstimated": 5216478632,
    "updatedFromDate": "2025-04-25",
    "fiscalDateEnding": "2018-12-31"
  },
  {
    "date": "2018-10-25",
    "symbol": "LUV",
    "eps": 1.08,
    "epsEstimated": 1.04,
    "time": "bmo",
    "revenue": 5575000000,
    "revenueEstimated": 5523379629,
    "updatedFromDate": "2025-04-25",
    "fiscalDateEnding": "2018-09-30"
  },
  {
    "date": "2018-07-26",
    "symbol": "LUV",
    "eps": 1.26,
    "epsEstimated": 1.22,
    "time": "bmo",
    "revenue": 5742000000,
    "revenueEstimated": 5605285714,
    "updatedFromDate": "2025-04-25",
    "fiscalDateEnding": "2018-06-30"
  },
  {
    "date": "2018-04-26",
    "symbol": "LUV",
    "eps": 0.75,
    "epsEstimated": 0.74,
    "time": "bmo",
    "revenue": 4944000000,
    "revenueEstimated": 4878080000,
    "updatedFromDate": "2025-04-25",
    "fiscalDateEnding": "2018-03-31"
  },
  {
    "date": "2018-01-25",
    "symbol": "LUV",
    "eps": 0.77,
    "epsEstimated": 0.76,
    "time": "bmo",
    "revenue": 5274000000,
    "revenueEstimated": 5258000000,
    "updatedFromDate": "2025-04-25",
    "fiscalDateEnding": "2017-12-31"
  },
  {
    "date": "2017-10-26",
    "symbol": "LUV",
    "eps": 0.88,
    "epsEstimated": 0.81,
    "time": "bmo",
    "revenue": 5271000000,
    "revenueEstimated": 5242738636,
    "updatedFromDate": "2025-04-25",
    "fiscalDateEnding": "2017-09-30"
  },
  {
    "date": "2017-07-27",
    "symbol": "LUV",
    "eps": 1.24,
    "epsEstimated": 1.16,
    "time": "bmo",
    "revenue": 5744000000,
    "revenueEstimated": 5546129032,
    "updatedFromDate": "2025-04-25",
    "fiscalDateEnding": "2017-06-30"
  },
  {
    "date": "2017-04-27",
    "symbol": "LUV",
    "eps": 0.61,
    "epsEstimated": 0.63,
    "time": "bmo",
    "revenue": 4883000000,
    "revenueEstimated": 5013147540,
    "updatedFromDate": "2025-04-25",
    "fiscalDateEnding": "2017-03-31"
  },
  {
    "date": "2017-01-26",
    "symbol": "LUV",
    "eps": 0.75,
    "epsEstimated": 0.68,
    "time": "bmo",
    "revenue": 5076000000,
    "revenueEstimated": 4736666666,
    "updatedFromDate": "2025-04-25",
    "fiscalDateEnding": "2016-12-31"
  },
  {
    "date": "2016-10-26",
    "symbol": "LUV",
    "eps": 0.93,
    "epsEstimated": 0.87,
    "time": "bmo",
    "revenue": 5139000000,
    "revenueEstimated": 4862709677,
    "updatedFromDate": "2025-04-25",
    "fiscalDateEnding": "2016-09-30"
  },
  {
    "date": "2016-07-21",
    "symbol": "LUV",
    "eps": 1.19,
    "epsEstimated": 1.21,
    "time": "bmo",
    "revenue": 5384000000,
    "revenueEstimated": 5474487394,
    "updatedFromDate": "2025-04-25",
    "fiscalDateEnding": "2016-06-30"
  }
]