[
  {
    "date": "2026-04-21",
    "symbol": "LVS",
    "eps": null,
    "epsEstimated": null,
    "time": "amc",
    "revenue": null,
    "revenueEstimated": null,
    "updatedFromDate": "2025-10-02",
    "fiscalDateEnding": "2026-03-30"
  },
  {
    "date": "2026-01-27",
    "symbol": "LVS",
    "eps": null,
    "epsEstimated": null,
    "time": "amc",
    "revenue": null,
    "revenueEstimated": null,
    "updatedFromDate": "2025-10-02",
    "fiscalDateEnding": "2025-12-30"
  },
  {
    "date": "2025-10-22",
    "symbol": "LVS",
    "eps": null,
    "epsEstimated": 0.62,
    "time": "bmo",
    "revenue": null,
    "revenueEstimated": 3049905400,
    "updatedFromDate": "2025-10-02",
    "fiscalDateEnding": "2025-09-30"
  },
  {
    "date": "2025-07-23",
    "symbol": "LVS",
    "eps": 0.79,
    "epsEstimated": 0.531,
    "time": "amc",
    "revenue": 3175000000,
    "revenueEstimated": 2840478576,
    "updatedFromDate": "2025-10-02",
    "fiscalDateEnding": "2025-06-30"
  },
  {
    "date": "2025-04-23",
    "symbol": "LVS",
    "eps": 0.59,
    "epsEstimated": 0.568,
    "time": "amc",
    "revenue": 2862000000,
    "revenueEstimated": 2882632172,
    "updatedFromDate": "2025-07-23",
    "fiscalDateEnding": "2025-03-31"
  },
  {
    "date": "2025-01-29",
    "symbol": "LVS",
    "eps": 0.54,
    "epsEstimated": 0.575,
    "time": "amc",
    "revenue": 2896000000,
    "revenueEstimated": 2852870961,
    "updatedFromDate": "2025-04-29",
    "fiscalDateEnding": "2024-12-31"
  },
  {
    "date": "2024-10-23",
    "symbol": "LVS",
    "eps": 0.44,
    "epsEstimated": 0.53,
    "time": "amc",
    "revenue": 2682000000,
    "revenueEstimated": 2788146569,
    "updatedFromDate": "2025-04-25",
    "fiscalDateEnding": "2024-09-30"
  },
  {
    "date": "2024-07-24",
    "symbol": "LVS",
    "eps": 0.55,
    "epsEstimated": 0.56,
    "time": "amc",
    "revenue": 2761000000,
    "revenueEstimated": 2817835002,
    "updatedFromDate": "2025-04-25",
    "fiscalDateEnding": "2024-06-30"
  },
  {
    "date": "2024-04-17",
    "symbol": "LVS",
    "eps": 0.75,
    "epsEstimated": 0.62,
    "time": "amc",
    "revenue": 2959000000,
    "revenueEstimated": 2939189708,
    "updatedFromDate": "2025-04-25",
    "fiscalDateEnding": "2024-03-31"
  },
  {
    "date": "2024-01-24",
    "symbol": "LVS",
    "eps": 0.57,
    "epsEstimated": 0.61,
    "time": "amc",
    "revenue": 2915000000,
    "revenueEstimated": 2902580000,
    "updatedFromDate": "2025-04-25",
    "fiscalDateEnding": "2023-12-31"
  },
  {
    "date": "2023-10-18",
    "symbol": "LVS",
    "eps": 0.55,
    "epsEstimated": 0.54,
    "time": "amc",
    "revenue": 2795000000,
    "revenueEstimated": 2898350000,
    "updatedFromDate": "2025-04-25",
    "fiscalDateEnding": "2023-09-30"
  },
  {
    "date": "2023-07-19",
    "symbol": "LVS",
    "eps": 0.46,
    "epsEstimated": 0.43,
    "time": "amc",
    "revenue": 2542000000,
    "revenueEstimated": 2394000000,
    "updatedFromDate": "2025-04-25",
    "fiscalDateEnding": "2023-06-30"
  },
  {
    "date": "2023-04-19",
    "symbol": "LVS",
    "eps": 0.28,
    "epsEstimated": 0.17,
    "time": "amc",
    "revenue": 2120000000,
    "revenueEstimated": 1796280000,
    "updatedFromDate": "2025-04-25",
    "fiscalDateEnding": "2023-03-31"
  },
  {
    "date": "2023-01-25",
    "symbol": "LVS",
    "eps": -0.19,
    "epsEstimated": -0.1,
    "time": "amc",
    "revenue": 1117000000,
    "revenueEstimated": 1162872706,
    "updatedFromDate": "2025-04-25",
    "fiscalDateEnding": "2022-12-31"
  },
  {
    "date": "2022-10-19",
    "symbol": "LVS",
    "eps": -0.27,
    "epsEstimated": -0.2,
    "time": "amc",
    "revenue": 1005000000,
    "revenueEstimated": 941133295,
    "updatedFromDate": "2025-04-25",
    "fiscalDateEnding": "2022-09-30"
  },
  {
    "date": "2022-07-20",
    "symbol": "LVS",
    "eps": -0.34,
    "epsEstimated": -0.25,
    "time": "amc",
    "revenue": 1045000000,
    "revenueEstimated": 957210246,
    "updatedFromDate": "2025-04-25",
    "fiscalDateEnding": "2022-06-30"
  },
  {
    "date": "2022-04-27",
    "symbol": "LVS",
    "eps": -0.4,
    "epsEstimated": -0.24,
    "time": "amc",
    "revenue": 943000000,
    "revenueEstimated": 1129963248,
    "updatedFromDate": "2025-04-25",
    "fiscalDateEnding": "2022-03-31"
  },
  {
    "date": "2022-01-26",
    "symbol": "LVS",
    "eps": -0.22,
    "epsEstimated": -0.23,
    "time": "amc",
    "revenue": 1008000000,
    "revenueEstimated": 1076530000,
    "updatedFromDate": "2025-04-25",
    "fiscalDateEnding": "2021-12-31"
  },
  {
    "date": "2021-10-20",
    "symbol": "LVS",
    "eps": -0.45,
    "epsEstimated": -0.25,
    "time": "amc",
    "revenue": 857000000,
    "revenueEstimated": 795403125,
    "updatedFromDate": "2025-04-25",
    "fiscalDateEnding": "2021-09-30"
  },
  {
    "date": "2021-07-21",
    "symbol": "LVS",
    "eps": -0.26,
    "epsEstimated": -0.19,
    "time": "amc",
    "revenue": 1173000000,
    "revenueEstimated": 1513370000,
    "updatedFromDate": "2025-04-25",
    "fiscalDateEnding": "2021-06-30"
  },
  {
    "date": "2021-04-21",
    "symbol": "LVS",
    "eps": -0.25,
    "epsEstimated": -0.27,
    "time": "amc",
    "revenue": 1196000000,
    "revenueEstimated": 1409920000,
    "updatedFromDate": "2025-04-25",
    "fiscalDateEnding": "2021-03-31"
  },
  {
    "date": "2021-01-27",
    "symbol": "LVS",
    "eps": -0.37,
    "epsEstimated": -0.31,
    "time": "amc",
    "revenue": 1015000000,
    "revenueEstimated": 1300130000,
    "updatedFromDate": "2025-04-25",
    "fiscalDateEnding": "2020-12-31"
  },
  {
    "date": "2020-10-21",
    "symbol": "LVS",
    "eps": -0.67,
    "epsEstimated": -0.58,
    "time": "amc",
    "revenue": 446000000,
    "revenueEstimated": 370447761,
    "updatedFromDate": "2025-04-25",
    "fiscalDateEnding": "2020-09-30"
  },
  {
    "date": "2020-07-22",
    "symbol": "LVS",
    "eps": -1.05,
    "epsEstimated": -0.72,
    "time": "amc",
    "revenue": 62000000,
    "revenueEstimated": 69066666,
    "updatedFromDate": "2025-04-25",
    "fiscalDateEnding": "2020-06-30"
  },
  {
    "date": "2020-04-22",
    "symbol": "LVS",
    "eps": -0.03,
    "epsEstimated": -0.08,
    "time": "amc",
    "revenue": 1417000000,
    "revenueEstimated": 4752000000,
    "updatedFromDate": "2025-04-25",
    "fiscalDateEnding": "2020-03-31"
  },
  {
    "date": "2020-01-29",
    "symbol": "LVS",
    "eps": 0.88,
    "epsEstimated": 0.78,
    "time": "amc",
    "revenue": 3509000000,
    "revenueEstimated": 3110250000,
    "updatedFromDate": "2025-04-25",
    "fiscalDateEnding": "2019-12-31"
  },
  {
    "date": "2019-10-23",
    "symbol": "LVS",
    "eps": 0.75,
    "epsEstimated": 0.75,
    "time": "amc",
    "revenue": 3250000000,
    "revenueEstimated": 3250000000,
    "updatedFromDate": "2025-04-25",
    "fiscalDateEnding": "2019-09-30"
  },
  {
    "date": "2019-07-24",
    "symbol": "LVS",
    "eps": 0.72,
    "epsEstimated": 0.81,
    "time": "amc",
    "revenue": 3334000000,
    "revenueEstimated": 3611833333,
    "updatedFromDate": "2025-04-25",
    "fiscalDateEnding": "2019-06-30"
  },
  {
    "date": "2019-04-17",
    "symbol": "LVS",
    "eps": 0.91,
    "epsEstimated": 0.87,
    "time": "amc",
    "revenue": 3646000000,
    "revenueEstimated": 3485736263,
    "updatedFromDate": "2025-04-25",
    "fiscalDateEnding": "2019-03-31"
  },
  {
    "date": "2019-01-23",
    "symbol": "LVS",
    "eps": 0.77,
    "epsEstimated": 0.86,
    "time": "amc",
    "revenue": 3475000000,
    "revenueEstimated": 3790909090,
    "updatedFromDate": "2025-04-25",
    "fiscalDateEnding": "2018-12-31"
  },
  {
    "date": "2018-10-24",
    "symbol": "LVS",
    "eps": 0.77,
    "epsEstimated": 0.81,
    "time": "amc",
    "revenue": 3372000000,
    "revenueEstimated": 3547168831,
    "updatedFromDate": "2025-04-25",
    "fiscalDateEnding": "2018-09-30"
  },
  {
    "date": "2018-07-25",
    "symbol": "LVS",
    "eps": 0.74,
    "epsEstimated": 0.79,
    "time": "amc",
    "revenue": 3303000000,
    "revenueEstimated": 3526175675,
    "updatedFromDate": "2025-04-25",
    "fiscalDateEnding": "2018-06-30"
  },
  {
    "date": "2018-04-25",
    "symbol": "LVS",
    "eps": 1.04,
    "epsEstimated": 0.86,
    "time": "amc",
    "revenue": 3579000000,
    "revenueEstimated": 2925144230,
    "updatedFromDate": "2025-04-25",
    "fiscalDateEnding": "2018-03-31"
  },
  {
    "date": "2018-01-24",
    "symbol": "LVS",
    "eps": 0.88,
    "epsEstimated": 0.77,
    "time": "amc",
    "revenue": 3391000000,
    "revenueEstimated": 2967125000,
    "updatedFromDate": "2025-04-25",
    "fiscalDateEnding": "2017-12-31"
  },
  {
    "date": "2017-10-25",
    "symbol": "LVS",
    "eps": 0.77,
    "epsEstimated": 0.68,
    "time": "amc",
    "revenue": 3161000000,
    "revenueEstimated": 2791532467,
    "updatedFromDate": "2025-04-25",
    "fiscalDateEnding": "2017-09-30"
  },
  {
    "date": "2017-07-26",
    "symbol": "LVS",
    "eps": 0.73,
    "epsEstimated": 0.59,
    "time": "amc",
    "revenue": 3109000000,
    "revenueEstimated": 2512753424,
    "updatedFromDate": "2025-04-25",
    "fiscalDateEnding": "2017-06-30"
  },
  {
    "date": "2017-04-26",
    "symbol": "LVS",
    "eps": 0.66,
    "epsEstimated": 0.62,
    "time": "amc",
    "revenue": 3067000000,
    "revenueEstimated": 2881121212,
    "updatedFromDate": "2025-04-25",
    "fiscalDateEnding": "2017-03-31"
  },
  {
    "date": "2017-01-25",
    "symbol": "LVS",
    "eps": 0.62,
    "epsEstimated": 0.66,
    "time": "amc",
    "revenue": 3075000000,
    "revenueEstimated": 3125525806,
    "updatedFromDate": "2025-04-25",
    "fiscalDateEnding": "2016-12-31"
  },
  {
    "date": "2016-11-03",
    "symbol": "LVS",
    "eps": 0.72,
    "epsEstimated": 0.6,
    "time": "amc",
    "revenue": 2969000000,
    "revenueEstimated": 2473750000,
    "updatedFromDate": "2025-04-25",
    "fiscalDateEnding": "2016-09-30"
  },
  {
    "date": "2016-07-25",
    "symbol": "LVS",
    "eps": 0.52,
    "epsEstimated": 0.56,
    "time": "amc",
    "revenue": 2649000000,
    "revenueEstimated": 2853953846,
    "updatedFromDate": "2025-04-25",
    "fiscalDateEnding": "2016-06-30"
  }
]