[
  {
    "date": "2026-04-01",
    "symbol": "LW",
    "eps": null,
    "epsEstimated": null,
    "time": "bmo",
    "revenue": null,
    "revenueEstimated": null,
    "updatedFromDate": "2025-10-02",
    "fiscalDateEnding": "2026-02-24"
  },
  {
    "date": "2025-12-18",
    "symbol": "LW",
    "eps": null,
    "epsEstimated": 0.62,
    "time": "bmo",
    "revenue": null,
    "revenueEstimated": 1591069110,
    "updatedFromDate": "2025-10-02",
    "fiscalDateEnding": "2025-11-24"
  },
  {
    "date": "2025-09-30",
    "symbol": "LW",
    "eps": 0.74,
    "epsEstimated": 0.54,
    "time": "bmo",
    "revenue": 1659300000,
    "revenueEstimated": 1587654830,
    "updatedFromDate": "2025-10-02",
    "fiscalDateEnding": "2025-08-24"
  },
  {
    "date": "2025-07-23",
    "symbol": "LW",
    "eps": 0.87,
    "epsEstimated": 0.629,
    "time": "bmo",
    "revenue": 1675800000,
    "revenueEstimated": 1589434556,
    "updatedFromDate": "2025-10-02",
    "fiscalDateEnding": "2025-05-25"
  },
  {
    "date": "2025-04-03",
    "symbol": "LW",
    "eps": 1.1,
    "epsEstimated": 0.87,
    "time": "bmo",
    "revenue": 1520500000,
    "revenueEstimated": 1592188370,
    "updatedFromDate": "2025-07-03",
    "fiscalDateEnding": "2025-02-23"
  },
  {
    "date": "2024-12-19",
    "symbol": "LW",
    "eps": 0.66,
    "epsEstimated": 1.05,
    "time": "bmo",
    "revenue": 1600900000,
    "revenueEstimated": 1671776386,
    "updatedFromDate": "2025-04-25",
    "fiscalDateEnding": "2024-11-24"
  },
  {
    "date": "2024-10-01",
    "symbol": "LW",
    "eps": 0.73,
    "epsEstimated": 0.72,
    "time": "amc",
    "revenue": 1654100000,
    "revenueEstimated": 1553744700,
    "updatedFromDate": "2025-04-25",
    "fiscalDateEnding": "2024-08-25"
  },
  {
    "date": "2024-07-24",
    "symbol": "LW",
    "eps": 0.78,
    "epsEstimated": 1.26,
    "time": "bmo",
    "revenue": 1611900000,
    "revenueEstimated": 1702345950,
    "updatedFromDate": "2025-04-25",
    "fiscalDateEnding": "2024-05-26"
  },
  {
    "date": "2024-04-04",
    "symbol": "LW",
    "eps": 1.2,
    "epsEstimated": 1.45,
    "time": "bmo",
    "revenue": 1458300000,
    "revenueEstimated": 1649349000,
    "updatedFromDate": "2025-04-25",
    "fiscalDateEnding": "2024-02-25"
  },
  {
    "date": "2024-01-04",
    "symbol": "LW",
    "eps": 1.45,
    "epsEstimated": 1.41,
    "time": "bmo",
    "revenue": 1732100000,
    "revenueEstimated": 1700390000,
    "updatedFromDate": "2025-04-25",
    "fiscalDateEnding": "2023-11-26"
  },
  {
    "date": "2023-10-05",
    "symbol": "LW",
    "eps": 1.63,
    "epsEstimated": 1.08,
    "time": "bmo",
    "revenue": 1665300000,
    "revenueEstimated": 1620570000,
    "updatedFromDate": "2025-04-25",
    "fiscalDateEnding": "2023-08-27"
  },
  {
    "date": "2023-07-25",
    "symbol": "LW",
    "eps": 1.22,
    "epsEstimated": 1.05,
    "time": "bmo",
    "revenue": 1694900000,
    "revenueEstimated": 1656940000,
    "updatedFromDate": "2025-04-25",
    "fiscalDateEnding": "2023-05-28"
  },
  {
    "date": "2023-04-06",
    "symbol": "LW",
    "eps": 1.43,
    "epsEstimated": 0.99,
    "time": "bmo",
    "revenue": 1253600000,
    "revenueEstimated": 1654530000,
    "updatedFromDate": "2025-04-25",
    "fiscalDateEnding": "2023-02-26"
  },
  {
    "date": "2023-01-05",
    "symbol": "LW",
    "eps": 1.28,
    "epsEstimated": 0.74,
    "time": "bmo",
    "revenue": 1276500000,
    "revenueEstimated": 1147756833,
    "updatedFromDate": "2025-04-25",
    "fiscalDateEnding": "2022-11-27"
  },
  {
    "date": "2022-10-05",
    "symbol": "LW",
    "eps": 0.75,
    "epsEstimated": 0.52,
    "time": "bmo",
    "revenue": 1125600000,
    "revenueEstimated": 1126494800,
    "updatedFromDate": "2025-04-25",
    "fiscalDateEnding": "2022-08-28"
  },
  {
    "date": "2022-07-27",
    "symbol": "LW",
    "eps": 0.65,
    "epsEstimated": 0.51,
    "time": "bmo",
    "revenue": 1153100000,
    "revenueEstimated": 1073978667,
    "updatedFromDate": "2025-04-25",
    "fiscalDateEnding": "2022-05-29"
  },
  {
    "date": "2022-04-07",
    "symbol": "LW",
    "eps": 0.73,
    "epsEstimated": 0.44,
    "time": "bmo",
    "revenue": 955000000,
    "revenueEstimated": 968516833,
    "updatedFromDate": "2025-04-25",
    "fiscalDateEnding": "2022-02-27"
  },
  {
    "date": "2022-01-06",
    "symbol": "LW",
    "eps": 0.5,
    "epsEstimated": 0.33,
    "time": "bmo",
    "revenue": 1006600000,
    "revenueEstimated": 980790000,
    "updatedFromDate": "2025-04-25",
    "fiscalDateEnding": "2021-11-28"
  },
  {
    "date": "2021-10-07",
    "symbol": "LW",
    "eps": 0.2,
    "epsEstimated": 0.38,
    "time": "bmo",
    "revenue": 984200000,
    "revenueEstimated": 1008710000,
    "updatedFromDate": "2025-04-25",
    "fiscalDateEnding": "2021-08-29"
  },
  {
    "date": "2021-07-27",
    "symbol": "LW",
    "eps": 0.44,
    "epsEstimated": 0.42,
    "time": "bmo",
    "revenue": 1007500000,
    "revenueEstimated": 1004720000,
    "updatedFromDate": "2025-04-25",
    "fiscalDateEnding": "2021-05-30"
  },
  {
    "date": "2021-04-07",
    "symbol": "LW",
    "eps": 0.45,
    "epsEstimated": 0.51,
    "time": "bmo",
    "revenue": 895800000,
    "revenueEstimated": 819940000,
    "updatedFromDate": "2025-04-25",
    "fiscalDateEnding": "2021-02-28"
  },
  {
    "date": "2021-01-07",
    "symbol": "LW",
    "eps": 0.66,
    "epsEstimated": 0.62,
    "time": "bmo",
    "revenue": 896100000,
    "revenueEstimated": 838193548,
    "updatedFromDate": "2025-04-25",
    "fiscalDateEnding": "2020-11-29"
  },
  {
    "date": "2020-10-07",
    "symbol": "LW",
    "eps": 0.61,
    "epsEstimated": 0.3,
    "time": "bmo",
    "revenue": 871500000,
    "revenueEstimated": 818971699,
    "updatedFromDate": "2025-04-25",
    "fiscalDateEnding": "2020-08-30"
  },
  {
    "date": "2020-07-28",
    "symbol": "LW",
    "eps": -0.01,
    "epsEstimated": 0.12,
    "time": "bmo",
    "revenue": 846900000,
    "revenueEstimated": 13550400000,
    "updatedFromDate": "2025-04-25",
    "fiscalDateEnding": "2020-05-31"
  },
  {
    "date": "2020-04-01",
    "symbol": "LW",
    "eps": 0.77,
    "epsEstimated": 0.93,
    "time": "bmo",
    "revenue": 937300000,
    "revenueEstimated": 1132063636,
    "updatedFromDate": "2025-04-25",
    "fiscalDateEnding": "2020-02-23"
  },
  {
    "date": "2020-01-03",
    "symbol": "LW",
    "eps": 0.95,
    "epsEstimated": 0.85,
    "time": "bmo",
    "revenue": 1019200000,
    "revenueEstimated": 911915789,
    "updatedFromDate": "2025-04-25",
    "fiscalDateEnding": "2019-11-24"
  },
  {
    "date": "2019-10-02",
    "symbol": "LW",
    "eps": 0.79,
    "epsEstimated": 0.79,
    "time": "bmo",
    "revenue": 989000000,
    "revenueEstimated": 989000000,
    "updatedFromDate": "2025-04-25",
    "fiscalDateEnding": "2019-08-25"
  },
  {
    "date": "2019-07-23",
    "symbol": "LW",
    "eps": 0.74,
    "epsEstimated": 0.72,
    "time": "bmo",
    "revenue": 1003400000,
    "revenueEstimated": 976281081,
    "updatedFromDate": "2025-04-25",
    "fiscalDateEnding": "2019-05-26"
  },
  {
    "date": "2019-04-02",
    "symbol": "LW",
    "eps": 0.95,
    "epsEstimated": 0.82,
    "time": "bmo",
    "revenue": 926800000,
    "revenueEstimated": 799974736,
    "updatedFromDate": "2025-04-25",
    "fiscalDateEnding": "2019-02-24"
  },
  {
    "date": "2019-01-04",
    "symbol": "LW",
    "eps": 0.8,
    "epsEstimated": 0.72,
    "time": "bmo",
    "revenue": 911400000,
    "revenueEstimated": 820259999,
    "updatedFromDate": "2025-04-25",
    "fiscalDateEnding": "2018-11-25"
  },
  {
    "date": "2018-10-02",
    "symbol": "LW",
    "eps": 0.73,
    "epsEstimated": 0.68,
    "time": "bmo",
    "revenue": 914900000,
    "revenueEstimated": 852235616,
    "updatedFromDate": "2025-04-25",
    "fiscalDateEnding": "2018-08-26"
  },
  {
    "date": "2018-07-25",
    "symbol": "LW",
    "eps": 0.65,
    "epsEstimated": 0.62,
    "time": "bmo",
    "revenue": 918200000,
    "revenueEstimated": 875821538,
    "updatedFromDate": "2025-04-25",
    "fiscalDateEnding": "2018-05-27"
  },
  {
    "date": "2018-04-05",
    "symbol": "LW",
    "eps": 0.91,
    "epsEstimated": 0.77,
    "time": "bmo",
    "revenue": 863400000,
    "revenueEstimated": 730569230,
    "updatedFromDate": "2025-04-25",
    "fiscalDateEnding": "2018-02-25"
  },
  {
    "date": "2018-01-04",
    "symbol": "LW",
    "eps": 0.54,
    "epsEstimated": 0.53,
    "time": "bmo",
    "revenue": 824600000,
    "revenueEstimated": 809329629,
    "updatedFromDate": "2025-04-25",
    "fiscalDateEnding": "2017-11-26"
  },
  {
    "date": "2017-10-04",
    "symbol": "LW",
    "eps": 0.57,
    "epsEstimated": 0.49,
    "time": "bmo",
    "revenue": 817500000,
    "revenueEstimated": 702763157,
    "updatedFromDate": "2025-04-25",
    "fiscalDateEnding": "2017-08-27"
  },
  {
    "date": "2017-07-25",
    "symbol": "LW",
    "eps": 0.51,
    "epsEstimated": 0.49,
    "time": "bmo",
    "revenue": 832500000,
    "revenueEstimated": 799852941,
    "updatedFromDate": "2025-04-25",
    "fiscalDateEnding": "2017-05-28"
  },
  {
    "date": "2017-04-06",
    "symbol": "LW",
    "eps": 0.59,
    "epsEstimated": 0.53,
    "time": "bmo",
    "revenue": 768500000,
    "revenueEstimated": 690347457,
    "updatedFromDate": "2025-04-25",
    "fiscalDateEnding": "2017-02-26"
  },
  {
    "date": "2017-01-10",
    "symbol": "LW",
    "eps": 0.63,
    "epsEstimated": 0.55,
    "time": "bmo",
    "revenue": 790700000,
    "revenueEstimated": 690293650,
    "updatedFromDate": "2025-04-25",
    "fiscalDateEnding": "2016-11-27"
  },
  {
    "date": "2016-11-10",
    "symbol": "LW",
    "eps": 0.291,
    "epsEstimated": null,
    "time": "bmo",
    "revenue": 777000000,
    "revenueEstimated": null,
    "updatedFromDate": "2025-04-25",
    "fiscalDateEnding": "2016-05-31"
  },
  {
    "date": "2016-08-27",
    "symbol": "LW",
    "eps": 0.545,
    "epsEstimated": null,
    "time": "bmo",
    "revenue": 776300000,
    "revenueEstimated": null,
    "updatedFromDate": "2025-04-25",
    "fiscalDateEnding": "2016-05-31"
  }
]