[
  {
    "date": "2026-04-23",
    "symbol": "LYB",
    "eps": null,
    "epsEstimated": null,
    "time": "bmo",
    "revenue": null,
    "revenueEstimated": null,
    "updatedFromDate": "2025-10-02",
    "fiscalDateEnding": "2026-03-30"
  },
  {
    "date": "2026-01-29",
    "symbol": "LYB",
    "eps": null,
    "epsEstimated": null,
    "time": "bmo",
    "revenue": null,
    "revenueEstimated": null,
    "updatedFromDate": "2025-10-02",
    "fiscalDateEnding": "2025-12-30"
  },
  {
    "date": "2025-11-07",
    "symbol": "LYB",
    "eps": null,
    "epsEstimated": 0.89,
    "time": "bmo",
    "revenue": null,
    "revenueEstimated": null,
    "updatedFromDate": "2025-10-02",
    "fiscalDateEnding": "2025-09-30"
  },
  {
    "date": "2025-08-01",
    "symbol": "LYB",
    "eps": 0.62,
    "epsEstimated": 0.805,
    "time": "bmo",
    "revenue": 7658000000,
    "revenueEstimated": 7524743045,
    "updatedFromDate": "2025-10-02",
    "fiscalDateEnding": "2025-06-30"
  },
  {
    "date": "2025-04-25",
    "symbol": "LYB",
    "eps": 0.54,
    "epsEstimated": 0.36,
    "time": "bmo",
    "revenue": 7677000000,
    "revenueEstimated": 7412908700,
    "updatedFromDate": "2025-04-25",
    "fiscalDateEnding": "2025-03-30"
  },
  {
    "date": "2025-01-31",
    "symbol": "LYB",
    "eps": 0.75,
    "epsEstimated": 1.28,
    "time": "bmo",
    "revenue": 9497000000,
    "revenueEstimated": 9224514632,
    "updatedFromDate": "2025-05-01",
    "fiscalDateEnding": "2024-12-31"
  },
  {
    "date": "2024-11-01",
    "symbol": "LYB",
    "eps": 1.88,
    "epsEstimated": 1.98,
    "time": "bmo",
    "revenue": 10322000000,
    "revenueEstimated": 10601424220,
    "updatedFromDate": "2025-04-25",
    "fiscalDateEnding": "2024-09-30"
  },
  {
    "date": "2024-08-02",
    "symbol": "LYB",
    "eps": 2.24,
    "epsEstimated": 2.23,
    "time": "bmo",
    "revenue": 10541000000,
    "revenueEstimated": 10443911728,
    "updatedFromDate": "2025-04-25",
    "fiscalDateEnding": "2024-06-30"
  },
  {
    "date": "2024-04-26",
    "symbol": "LYB",
    "eps": 1.53,
    "epsEstimated": 1.37,
    "time": "bmo",
    "revenue": 10008000000,
    "revenueEstimated": 9701738860,
    "updatedFromDate": "2025-04-25",
    "fiscalDateEnding": "2024-03-31"
  },
  {
    "date": "2024-02-02",
    "symbol": "LYB",
    "eps": 1.26,
    "epsEstimated": 1.29,
    "time": "bmo",
    "revenue": 10625000000,
    "revenueEstimated": 9834030000,
    "updatedFromDate": "2025-04-25",
    "fiscalDateEnding": "2023-12-31"
  },
  {
    "date": "2023-10-27",
    "symbol": "LYB",
    "eps": 2.46,
    "epsEstimated": 2.03,
    "time": "bmo",
    "revenue": 10625000000,
    "revenueEstimated": 10097000000,
    "updatedFromDate": "2025-04-25",
    "fiscalDateEnding": "2023-09-30"
  },
  {
    "date": "2023-08-04",
    "symbol": "LYB",
    "eps": 2.44,
    "epsEstimated": 2.28,
    "time": "bmo",
    "revenue": 10306000000,
    "revenueEstimated": 10790500000,
    "updatedFromDate": "2025-04-25",
    "fiscalDateEnding": "2023-06-30"
  },
  {
    "date": "2023-04-28",
    "symbol": "LYB",
    "eps": 2.5,
    "epsEstimated": 1.8,
    "time": "bmo",
    "revenue": 10247000000,
    "revenueEstimated": 10784300000,
    "updatedFromDate": "2025-04-25",
    "fiscalDateEnding": "2023-03-31"
  },
  {
    "date": "2023-02-03",
    "symbol": "LYB",
    "eps": 1.29,
    "epsEstimated": 1.22,
    "time": "bmo",
    "revenue": 10206000000,
    "revenueEstimated": 10722402700,
    "updatedFromDate": "2025-04-25",
    "fiscalDateEnding": "2022-12-31"
  },
  {
    "date": "2022-10-28",
    "symbol": "LYB",
    "eps": 1.96,
    "epsEstimated": 2.84,
    "time": "bmo",
    "revenue": 12250000000,
    "revenueEstimated": 12578970434,
    "updatedFromDate": "2025-04-25",
    "fiscalDateEnding": "2022-09-30"
  },
  {
    "date": "2022-07-29",
    "symbol": "LYB",
    "eps": 5.19,
    "epsEstimated": 4.67,
    "time": "bmo",
    "revenue": 14838000000,
    "revenueEstimated": 13692072945,
    "updatedFromDate": "2025-04-25",
    "fiscalDateEnding": "2022-06-30"
  },
  {
    "date": "2022-04-29",
    "symbol": "LYB",
    "eps": 4,
    "epsEstimated": 3.53,
    "time": "bmo",
    "revenue": 13157000000,
    "revenueEstimated": 12713479927,
    "updatedFromDate": "2025-04-25",
    "fiscalDateEnding": "2022-03-31"
  },
  {
    "date": "2022-01-28",
    "symbol": "LYB",
    "eps": 3.63,
    "epsEstimated": 3.85,
    "time": "bmo",
    "revenue": 12830000000,
    "revenueEstimated": 11919147580,
    "updatedFromDate": "2025-04-25",
    "fiscalDateEnding": "2021-12-31"
  },
  {
    "date": "2021-10-29",
    "symbol": "LYB",
    "eps": 5.25,
    "epsEstimated": 5.75,
    "time": "bmo",
    "revenue": 12700000000,
    "revenueEstimated": 11267300000,
    "updatedFromDate": "2025-04-25",
    "fiscalDateEnding": "2021-09-30"
  },
  {
    "date": "2021-07-30",
    "symbol": "LYB",
    "eps": 6.13,
    "epsEstimated": 5.57,
    "time": "bmo",
    "revenue": 11561000000,
    "revenueEstimated": 11561000000,
    "updatedFromDate": "2025-04-25",
    "fiscalDateEnding": "2021-06-30"
  },
  {
    "date": "2021-04-30",
    "symbol": "LYB",
    "eps": 3.18,
    "epsEstimated": 2.59,
    "time": "bmo",
    "revenue": 9082000000,
    "revenueEstimated": 8860510000,
    "updatedFromDate": "2025-04-25",
    "fiscalDateEnding": "2021-03-31"
  },
  {
    "date": "2021-01-29",
    "symbol": "LYB",
    "eps": 2.19,
    "epsEstimated": 1.36,
    "time": "bmo",
    "revenue": 7937000000,
    "revenueEstimated": 6993470000,
    "updatedFromDate": "2025-04-25",
    "fiscalDateEnding": "2020-12-31"
  },
  {
    "date": "2020-10-30",
    "symbol": "LYB",
    "eps": 1.27,
    "epsEstimated": 1.1,
    "time": "bmo",
    "revenue": 6776000000,
    "revenueEstimated": 5975685039,
    "updatedFromDate": "2025-04-25",
    "fiscalDateEnding": "2020-09-30"
  },
  {
    "date": "2020-07-31",
    "symbol": "LYB",
    "eps": 0.71,
    "epsEstimated": 0.65,
    "time": "bmo",
    "revenue": 5546000000,
    "revenueEstimated": 5077323943,
    "updatedFromDate": "2025-04-25",
    "fiscalDateEnding": "2020-06-30"
  },
  {
    "date": "2020-05-01",
    "symbol": "LYB",
    "eps": 1.52,
    "epsEstimated": 1.36,
    "time": "bmo",
    "revenue": 7494000000,
    "revenueEstimated": 7742145695,
    "updatedFromDate": "2025-04-25",
    "fiscalDateEnding": "2020-03-31"
  },
  {
    "date": "2020-01-31",
    "symbol": "LYB",
    "eps": 1.92,
    "epsEstimated": 2.26,
    "time": "bmo",
    "revenue": 8179000000,
    "revenueEstimated": 9627364583,
    "updatedFromDate": "2025-04-25",
    "fiscalDateEnding": "2019-12-31"
  },
  {
    "date": "2019-11-01",
    "symbol": "LYB",
    "eps": 2.7,
    "epsEstimated": 2.76,
    "time": "bmo",
    "revenue": 8722000000,
    "revenueEstimated": 8915822222,
    "updatedFromDate": "2025-04-25",
    "fiscalDateEnding": "2019-09-30"
  },
  {
    "date": "2019-08-02",
    "symbol": "LYB",
    "eps": 2.74,
    "epsEstimated": 2.84,
    "time": "bmo",
    "revenue": 9048000000,
    "revenueEstimated": 9378218978,
    "updatedFromDate": "2025-04-25",
    "fiscalDateEnding": "2019-06-30"
  },
  {
    "date": "2019-04-26",
    "symbol": "LYB",
    "eps": 2.22,
    "epsEstimated": 2.19,
    "time": "bmo",
    "revenue": 8778000000,
    "revenueEstimated": 8659378378,
    "updatedFromDate": "2025-04-25",
    "fiscalDateEnding": "2019-03-31"
  },
  {
    "date": "2019-02-01",
    "symbol": "LYB",
    "eps": 1.83,
    "epsEstimated": 2.26,
    "time": "bmo",
    "revenue": 8876000000,
    "revenueEstimated": 10961617486,
    "updatedFromDate": "2025-04-25",
    "fiscalDateEnding": "2018-12-31"
  },
  {
    "date": "2018-10-30",
    "symbol": "LYB",
    "eps": 2.96,
    "epsEstimated": 2.68,
    "time": "bmo",
    "revenue": 10155000000,
    "revenueEstimated": 9194391891,
    "updatedFromDate": "2025-04-25",
    "fiscalDateEnding": "2018-09-30"
  },
  {
    "date": "2018-08-03",
    "symbol": "LYB",
    "eps": 3.34,
    "epsEstimated": 2.92,
    "time": "bmo",
    "revenue": 10206000000,
    "revenueEstimated": 8922610778,
    "updatedFromDate": "2025-04-25",
    "fiscalDateEnding": "2018-06-30"
  },
  {
    "date": "2018-04-27",
    "symbol": "LYB",
    "eps": 3.11,
    "epsEstimated": 2.75,
    "time": "bmo",
    "revenue": 9767000000,
    "revenueEstimated": 8636414790,
    "updatedFromDate": "2025-04-25",
    "fiscalDateEnding": "2018-03-31"
  },
  {
    "date": "2018-02-02",
    "symbol": "LYB",
    "eps": 2.73,
    "epsEstimated": 2.52,
    "time": "bmo",
    "revenue": 9135000000,
    "revenueEstimated": 8566153846,
    "updatedFromDate": "2025-04-25",
    "fiscalDateEnding": "2017-12-31"
  },
  {
    "date": "2017-10-27",
    "symbol": "LYB",
    "eps": 2.41,
    "epsEstimated": 2.48,
    "time": "bmo",
    "revenue": 8516000000,
    "revenueEstimated": 8763352697,
    "updatedFromDate": "2025-04-25",
    "fiscalDateEnding": "2017-09-30"
  },
  {
    "date": "2017-07-28",
    "symbol": "LYB",
    "eps": 2.82,
    "epsEstimated": 2.67,
    "time": "bmo",
    "revenue": 8403000000,
    "revenueEstimated": 7956031914,
    "updatedFromDate": "2025-04-25",
    "fiscalDateEnding": "2017-06-30"
  },
  {
    "date": "2017-04-28",
    "symbol": "LYB",
    "eps": 2.26,
    "epsEstimated": 2.35,
    "time": "bmo",
    "revenue": 8430000000,
    "revenueEstimated": 8803008849,
    "updatedFromDate": "2025-04-25",
    "fiscalDateEnding": "2017-03-31"
  },
  {
    "date": "2017-02-03",
    "symbol": "LYB",
    "eps": 2.16,
    "epsEstimated": 2.15,
    "time": "bmo",
    "revenue": 7747000000,
    "revenueEstimated": 7711134259,
    "updatedFromDate": "2025-04-25",
    "fiscalDateEnding": "2016-12-31"
  },
  {
    "date": "2016-11-01",
    "symbol": "LYB",
    "eps": 2.31,
    "epsEstimated": 2.32,
    "time": "bmo",
    "revenue": 7365000000,
    "revenueEstimated": 7396883116,
    "updatedFromDate": "2025-04-25",
    "fiscalDateEnding": "2016-09-30"
  },
  {
    "date": "2016-07-29",
    "symbol": "LYB",
    "eps": 2.45,
    "epsEstimated": 2.51,
    "time": "bmo",
    "revenue": 7328000000,
    "revenueEstimated": 7507461224,
    "updatedFromDate": "2025-04-25",
    "fiscalDateEnding": "2016-06-30"
  }
]