[
  {
    "date": "2026-04-29",
    "symbol": "LYV",
    "eps": null,
    "epsEstimated": null,
    "time": "amc",
    "revenue": null,
    "revenueEstimated": null,
    "updatedFromDate": "2025-09-30",
    "fiscalDateEnding": "2026-03-30"
  },
  {
    "date": "2026-02-18",
    "symbol": "LYV",
    "eps": null,
    "epsEstimated": null,
    "time": "amc",
    "revenue": null,
    "revenueEstimated": null,
    "updatedFromDate": "2025-09-30",
    "fiscalDateEnding": "2025-12-30"
  },
  {
    "date": "2025-11-10",
    "symbol": "LYV",
    "eps": null,
    "epsEstimated": 1.54,
    "time": "bmo",
    "revenue": null,
    "revenueEstimated": null,
    "updatedFromDate": "2025-09-30",
    "fiscalDateEnding": "2025-09-30"
  },
  {
    "date": "2025-08-07",
    "symbol": "LYV",
    "eps": 0.41,
    "epsEstimated": 1.03,
    "time": "amc",
    "revenue": 7006641000,
    "revenueEstimated": 6848365727,
    "updatedFromDate": "2025-09-30",
    "fiscalDateEnding": "2025-06-30"
  },
  {
    "date": "2025-05-01",
    "symbol": "LYV",
    "eps": -0.32,
    "epsEstimated": -0.4067,
    "time": "amc",
    "revenue": 3382117000,
    "revenueEstimated": 3475947022,
    "updatedFromDate": "2025-08-01",
    "fiscalDateEnding": "2025-03-31"
  },
  {
    "date": "2025-02-20",
    "symbol": "LYV",
    "eps": 0.56,
    "epsEstimated": -0.93,
    "time": "amc",
    "revenue": 5681593000,
    "revenueEstimated": 5599227896,
    "updatedFromDate": "2025-05-20",
    "fiscalDateEnding": "2024-12-31"
  },
  {
    "date": "2024-11-11",
    "symbol": "LYV",
    "eps": 1.66,
    "epsEstimated": 1.59,
    "time": "amc",
    "revenue": 7651087000,
    "revenueEstimated": 7752580084,
    "updatedFromDate": "2025-04-23",
    "fiscalDateEnding": "2024-09-30"
  },
  {
    "date": "2024-07-30",
    "symbol": "LYV",
    "eps": 1.03,
    "epsEstimated": 1.07,
    "time": "amc",
    "revenue": 6023416000,
    "revenueEstimated": 6015571278,
    "updatedFromDate": "2025-04-23",
    "fiscalDateEnding": "2024-06-30"
  },
  {
    "date": "2024-05-02",
    "symbol": "LYV",
    "eps": -0.53,
    "epsEstimated": -0.18373,
    "time": "amc",
    "revenue": 3799529000,
    "revenueEstimated": 3257978845,
    "updatedFromDate": "2025-04-23",
    "fiscalDateEnding": "2024-03-31"
  },
  {
    "date": "2024-02-22",
    "symbol": "LYV",
    "eps": -1.22,
    "epsEstimated": -1.13,
    "time": "amc",
    "revenue": 5838941000,
    "revenueEstimated": 4770890000,
    "updatedFromDate": "2025-04-23",
    "fiscalDateEnding": "2023-12-31"
  },
  {
    "date": "2023-11-02",
    "symbol": "LYV",
    "eps": 1.78,
    "epsEstimated": 1.27,
    "time": "amc",
    "revenue": 8152019000,
    "revenueEstimated": 6937060000,
    "updatedFromDate": "2025-04-23",
    "fiscalDateEnding": "2023-09-30"
  },
  {
    "date": "2023-07-27",
    "symbol": "LYV",
    "eps": 1.02,
    "epsEstimated": 0.63,
    "time": "amc",
    "revenue": 5630723000,
    "revenueEstimated": 6503900000,
    "updatedFromDate": "2025-04-23",
    "fiscalDateEnding": "2023-06-30"
  },
  {
    "date": "2023-05-04",
    "symbol": "LYV",
    "eps": -0.25,
    "epsEstimated": -0.45,
    "time": "amc",
    "revenue": 3127390000,
    "revenueEstimated": 2283900000,
    "updatedFromDate": "2025-04-23",
    "fiscalDateEnding": "2023-03-31"
  },
  {
    "date": "2023-02-23",
    "symbol": "LYV",
    "eps": -1.09,
    "epsEstimated": -0.96,
    "time": "amc",
    "revenue": 4290737000,
    "revenueEstimated": 3598583700,
    "updatedFromDate": "2025-04-23",
    "fiscalDateEnding": "2022-12-31"
  },
  {
    "date": "2022-11-03",
    "symbol": "LYV",
    "eps": 1.39,
    "epsEstimated": 1.03,
    "time": "amc",
    "revenue": 6153535000,
    "revenueEstimated": 5100886000,
    "updatedFromDate": "2025-04-23",
    "fiscalDateEnding": "2022-09-30"
  },
  {
    "date": "2022-08-04",
    "symbol": "LYV",
    "eps": 0.66,
    "epsEstimated": 0.51,
    "time": "amc",
    "revenue": 4434174000,
    "revenueEstimated": 3924633214,
    "updatedFromDate": "2025-04-23",
    "fiscalDateEnding": "2022-06-30"
  },
  {
    "date": "2022-05-05",
    "symbol": "LYV",
    "eps": -0.39,
    "epsEstimated": -0.98,
    "time": "amc",
    "revenue": 1802808000,
    "revenueEstimated": 1875771000,
    "updatedFromDate": "2025-04-23",
    "fiscalDateEnding": "2022-03-31"
  },
  {
    "date": "2022-02-23",
    "symbol": "LYV",
    "eps": -0.96,
    "epsEstimated": -0.55,
    "time": "amc",
    "revenue": 2703170000,
    "revenueEstimated": 2074852250,
    "updatedFromDate": "2025-04-23",
    "fiscalDateEnding": "2021-12-31"
  },
  {
    "date": "2021-11-04",
    "symbol": "LYV",
    "eps": 0.19,
    "epsEstimated": -0.05,
    "time": "amc",
    "revenue": 2698722000,
    "revenueEstimated": 2078370000,
    "updatedFromDate": "2025-04-23",
    "fiscalDateEnding": "2021-09-30"
  },
  {
    "date": "2021-08-03",
    "symbol": "LYV",
    "eps": -0.9,
    "epsEstimated": -1.35,
    "time": "amc",
    "revenue": 575946000,
    "revenueEstimated": 575946000,
    "updatedFromDate": "2025-04-23",
    "fiscalDateEnding": "2021-06-30"
  },
  {
    "date": "2021-05-06",
    "symbol": "LYV",
    "eps": -1.44,
    "epsEstimated": -1.66,
    "time": "amc",
    "revenue": 290609000,
    "revenueEstimated": 291290000,
    "updatedFromDate": "2025-04-23",
    "fiscalDateEnding": "2021-03-31"
  },
  {
    "date": "2021-02-25",
    "symbol": "LYV",
    "eps": -2.04,
    "epsEstimated": -2.42,
    "time": "amc",
    "revenue": 237383000,
    "revenueEstimated": 216790000,
    "updatedFromDate": "2025-04-23",
    "fiscalDateEnding": "2020-12-31"
  },
  {
    "date": "2020-11-05",
    "symbol": "LYV",
    "eps": -2.45,
    "epsEstimated": -2.12,
    "time": "amc",
    "revenue": 184018000,
    "revenueEstimated": 165240653,
    "updatedFromDate": "2025-04-23",
    "fiscalDateEnding": "2020-09-30"
  },
  {
    "date": "2020-08-05",
    "symbol": "LYV",
    "eps": -2.67,
    "epsEstimated": -2.1,
    "time": "amc",
    "revenue": 74084000,
    "revenueEstimated": 57713378,
    "updatedFromDate": "2025-04-23",
    "fiscalDateEnding": "2020-06-30"
  },
  {
    "date": "2020-05-07",
    "symbol": "LYV",
    "eps": -0.94,
    "epsEstimated": -0.68,
    "time": "amc",
    "revenue": 1365693000,
    "revenueEstimated": 1409278946,
    "updatedFromDate": "2025-04-23",
    "fiscalDateEnding": "2020-03-31"
  },
  {
    "date": "2020-02-27",
    "symbol": "LYV",
    "eps": -0.88,
    "epsEstimated": -0.7,
    "time": "amc",
    "revenue": 2889448000,
    "revenueEstimated": 2331259181,
    "updatedFromDate": "2025-04-23",
    "fiscalDateEnding": "2019-12-31"
  },
  {
    "date": "2019-10-31",
    "symbol": "LYV",
    "eps": 0.71,
    "epsEstimated": 0.77,
    "time": "amc",
    "revenue": 3773684000,
    "revenueEstimated": 4092586873,
    "updatedFromDate": "2025-04-23",
    "fiscalDateEnding": "2019-09-30"
  },
  {
    "date": "2019-07-25",
    "symbol": "LYV",
    "eps": 0.41,
    "epsEstimated": 0.4,
    "time": "amc",
    "revenue": 3157009000,
    "revenueEstimated": 3080008780,
    "updatedFromDate": "2025-04-23",
    "fiscalDateEnding": "2019-06-30"
  },
  {
    "date": "2019-05-02",
    "symbol": "LYV",
    "eps": -0.31,
    "epsEstimated": -0.32,
    "time": "amc",
    "revenue": 1727828000,
    "revenueEstimated": 1895037161,
    "updatedFromDate": "2025-04-23",
    "fiscalDateEnding": "2019-03-31"
  },
  {
    "date": "2019-02-28",
    "symbol": "LYV",
    "eps": -0.82,
    "epsEstimated": -0.74,
    "time": "amc",
    "revenue": 2601855000,
    "revenueEstimated": 2406715875,
    "updatedFromDate": "2025-04-23",
    "fiscalDateEnding": "2018-12-31"
  },
  {
    "date": "2018-11-01",
    "symbol": "LYV",
    "eps": 0.7,
    "epsEstimated": 0.63,
    "time": "amc",
    "revenue": 3835246000,
    "revenueEstimated": 3451721400,
    "updatedFromDate": "2025-04-23",
    "fiscalDateEnding": "2018-09-30"
  },
  {
    "date": "2018-07-26",
    "symbol": "LYV",
    "eps": 0.24,
    "epsEstimated": 0.19,
    "time": "amc",
    "revenue": 2868315000,
    "revenueEstimated": 2270749375,
    "updatedFromDate": "2025-04-23",
    "fiscalDateEnding": "2018-06-30"
  },
  {
    "date": "2018-05-03",
    "symbol": "LYV",
    "eps": -0.24,
    "epsEstimated": -0.29,
    "time": "amc",
    "revenue": 1482384000,
    "revenueEstimated": 1791214000,
    "updatedFromDate": "2025-04-23",
    "fiscalDateEnding": "2018-03-31"
  },
  {
    "date": "2018-02-27",
    "symbol": "LYV",
    "eps": -1.12,
    "epsEstimated": -1.08,
    "time": "amc",
    "revenue": 2546156000,
    "revenueEstimated": 2131665488,
    "updatedFromDate": "2025-04-23",
    "fiscalDateEnding": "2017-12-31"
  },
  {
    "date": "2017-11-02",
    "symbol": "LYV",
    "eps": 0.53,
    "epsEstimated": 0.56,
    "time": "amc",
    "revenue": 3559418000,
    "revenueEstimated": 3760894490,
    "updatedFromDate": "2025-04-23",
    "fiscalDateEnding": "2017-09-30"
  },
  {
    "date": "2017-08-09",
    "symbol": "LYV",
    "eps": 0.29,
    "epsEstimated": 0.19,
    "time": "amc",
    "revenue": 2818693000,
    "revenueEstimated": 1846729896,
    "updatedFromDate": "2025-04-23",
    "fiscalDateEnding": "2017-06-30"
  },
  {
    "date": "2017-05-04",
    "symbol": "LYV",
    "eps": -0.22,
    "epsEstimated": -0.33,
    "time": "amc",
    "revenue": 1413181000,
    "revenueEstimated": 2119771500,
    "updatedFromDate": "2025-04-23",
    "fiscalDateEnding": "2017-03-31"
  },
  {
    "date": "2017-02-23",
    "symbol": "LYV",
    "eps": -0.58,
    "epsEstimated": -0.58,
    "time": "amc",
    "revenue": 1797544000,
    "revenueEstimated": 1829079859,
    "updatedFromDate": "2025-04-23",
    "fiscalDateEnding": "2016-12-31"
  },
  {
    "date": "2016-11-07",
    "symbol": "LYV",
    "eps": 0.49,
    "epsEstimated": 0.48,
    "time": "amc",
    "revenue": 3170416000,
    "revenueEstimated": 3105713632,
    "updatedFromDate": "2025-04-23",
    "fiscalDateEnding": "2016-09-30"
  },
  {
    "date": "2016-07-28",
    "symbol": "LYV",
    "eps": 0.13,
    "epsEstimated": 0.08,
    "time": "amc",
    "revenue": 2179258000,
    "revenueEstimated": 1341081846,
    "updatedFromDate": "2025-04-23",
    "fiscalDateEnding": "2016-06-30"
  }
]