[
  {
    "date": "2026-04-29",
    "symbol": "MA",
    "eps": null,
    "epsEstimated": null,
    "time": "bmo",
    "revenue": null,
    "revenueEstimated": null,
    "updatedFromDate": "2025-10-02",
    "fiscalDateEnding": "2026-03-30"
  },
  {
    "date": "2026-01-28",
    "symbol": "MA",
    "eps": null,
    "epsEstimated": null,
    "time": "bmo",
    "revenue": null,
    "revenueEstimated": null,
    "updatedFromDate": "2025-10-02",
    "fiscalDateEnding": "2025-12-30"
  },
  {
    "date": "2025-10-30",
    "symbol": "MA",
    "eps": null,
    "epsEstimated": 4.3,
    "time": "bmo",
    "revenue": null,
    "revenueEstimated": 8533584080,
    "updatedFromDate": "2025-10-02",
    "fiscalDateEnding": "2025-09-30"
  },
  {
    "date": "2025-07-31",
    "symbol": "MA",
    "eps": 4.15,
    "epsEstimated": 4.03,
    "time": "bmo",
    "revenue": 8133000000,
    "revenueEstimated": 7929589164,
    "updatedFromDate": "2025-10-02",
    "fiscalDateEnding": "2025-06-30"
  },
  {
    "date": "2025-05-01",
    "symbol": "MA",
    "eps": 3.73,
    "epsEstimated": 3.58,
    "time": "bmo",
    "revenue": 7250000000,
    "revenueEstimated": 7130327275,
    "updatedFromDate": "2025-08-01",
    "fiscalDateEnding": "2025-03-31"
  },
  {
    "date": "2025-01-30",
    "symbol": "MA",
    "eps": 3.82,
    "epsEstimated": 3.71,
    "time": "bmo",
    "revenue": 7489000000,
    "revenueEstimated": 7385341101,
    "updatedFromDate": "2025-04-30",
    "fiscalDateEnding": "2024-12-31"
  },
  {
    "date": "2024-10-31",
    "symbol": "MA",
    "eps": 3.89,
    "epsEstimated": 3.74,
    "time": "bmo",
    "revenue": 7369000000,
    "revenueEstimated": 7265622455,
    "updatedFromDate": "2025-04-25",
    "fiscalDateEnding": "2024-09-30"
  },
  {
    "date": "2024-07-31",
    "symbol": "MA",
    "eps": 3.59,
    "epsEstimated": 3.51,
    "time": "bmo",
    "revenue": 6961000000,
    "revenueEstimated": 6851770003,
    "updatedFromDate": "2025-04-25",
    "fiscalDateEnding": "2024-06-30"
  },
  {
    "date": "2024-05-01",
    "symbol": "MA",
    "eps": 3.31,
    "epsEstimated": 3.24,
    "time": "bmo",
    "revenue": 6348000000,
    "revenueEstimated": 6338410406,
    "updatedFromDate": "2025-04-25",
    "fiscalDateEnding": "2024-03-31"
  },
  {
    "date": "2024-01-31",
    "symbol": "MA",
    "eps": 3.18,
    "epsEstimated": 3.08,
    "time": "bmo",
    "revenue": 6548000000,
    "revenueEstimated": 5958210000,
    "updatedFromDate": "2025-04-25",
    "fiscalDateEnding": "2023-12-31"
  },
  {
    "date": "2023-10-26",
    "symbol": "MA",
    "eps": 3.39,
    "epsEstimated": 3.21,
    "time": "bmo",
    "revenue": 6533000000,
    "revenueEstimated": 6519430000,
    "updatedFromDate": "2025-04-25",
    "fiscalDateEnding": "2023-09-30"
  },
  {
    "date": "2023-07-27",
    "symbol": "MA",
    "eps": 2.89,
    "epsEstimated": 2.82,
    "time": "bmo",
    "revenue": 6269000000,
    "revenueEstimated": 5583590000,
    "updatedFromDate": "2025-04-25",
    "fiscalDateEnding": "2023-06-30"
  },
  {
    "date": "2023-04-27",
    "symbol": "MA",
    "eps": 2.8,
    "epsEstimated": 2.72,
    "time": "bmo",
    "revenue": 5748000000,
    "revenueEstimated": 5642980000,
    "updatedFromDate": "2025-04-25",
    "fiscalDateEnding": "2023-03-31"
  },
  {
    "date": "2023-01-26",
    "symbol": "MA",
    "eps": 2.65,
    "epsEstimated": 2.58,
    "time": "bmo",
    "revenue": 5817000000,
    "revenueEstimated": 5792990479,
    "updatedFromDate": "2025-04-25",
    "fiscalDateEnding": "2022-12-31"
  },
  {
    "date": "2022-10-27",
    "symbol": "MA",
    "eps": 2.68,
    "epsEstimated": 2.56,
    "time": "bmo",
    "revenue": 5756000000,
    "revenueEstimated": 5653090751,
    "updatedFromDate": "2025-04-25",
    "fiscalDateEnding": "2022-09-30"
  },
  {
    "date": "2022-07-28",
    "symbol": "MA",
    "eps": 2.56,
    "epsEstimated": 2.36,
    "time": "bmo",
    "revenue": 5497000000,
    "revenueEstimated": 5266730496,
    "updatedFromDate": "2025-04-25",
    "fiscalDateEnding": "2022-06-30"
  },
  {
    "date": "2022-04-28",
    "symbol": "MA",
    "eps": 2.76,
    "epsEstimated": 2.17,
    "time": "bmo",
    "revenue": 5167000000,
    "revenueEstimated": 4908521235,
    "updatedFromDate": "2025-04-25",
    "fiscalDateEnding": "2022-03-31"
  },
  {
    "date": "2022-01-27",
    "symbol": "MA",
    "eps": 2.35,
    "epsEstimated": 2.21,
    "time": "bmo",
    "revenue": 5216000000,
    "revenueEstimated": 5174416559,
    "updatedFromDate": "2025-04-25",
    "fiscalDateEnding": "2021-12-31"
  },
  {
    "date": "2021-10-28",
    "symbol": "MA",
    "eps": 2.37,
    "epsEstimated": 2.19,
    "time": "bmo",
    "revenue": 4985000000,
    "revenueEstimated": 4957750000,
    "updatedFromDate": "2025-04-25",
    "fiscalDateEnding": "2021-09-30"
  },
  {
    "date": "2021-07-29",
    "symbol": "MA",
    "eps": 1.95,
    "epsEstimated": 1.75,
    "time": "bmo",
    "revenue": 4528000000,
    "revenueEstimated": 4528000000,
    "updatedFromDate": "2025-04-25",
    "fiscalDateEnding": "2021-06-30"
  },
  {
    "date": "2021-04-29",
    "symbol": "MA",
    "eps": 1.74,
    "epsEstimated": 1.57,
    "time": "bmo",
    "revenue": 4155000000,
    "revenueEstimated": 3975080000,
    "updatedFromDate": "2025-04-25",
    "fiscalDateEnding": "2021-03-31"
  },
  {
    "date": "2021-01-28",
    "symbol": "MA",
    "eps": 1.64,
    "epsEstimated": 1.51,
    "time": "bmo",
    "revenue": 4120000000,
    "revenueEstimated": 4016520000,
    "updatedFromDate": "2025-04-25",
    "fiscalDateEnding": "2020-12-31"
  },
  {
    "date": "2020-10-28",
    "symbol": "MA",
    "eps": 1.6,
    "epsEstimated": 1.66,
    "time": "bmo",
    "revenue": 3837000000,
    "revenueEstimated": 3980887499,
    "updatedFromDate": "2025-04-25",
    "fiscalDateEnding": "2020-09-30"
  },
  {
    "date": "2020-07-30",
    "symbol": "MA",
    "eps": 1.36,
    "epsEstimated": 1.16,
    "time": "bmo",
    "revenue": 3335000000,
    "revenueEstimated": 2844558823,
    "updatedFromDate": "2025-04-25",
    "fiscalDateEnding": "2020-06-30"
  },
  {
    "date": "2020-04-29",
    "symbol": "MA",
    "eps": 1.83,
    "epsEstimated": 1.73,
    "time": "bmo",
    "revenue": 4009000000,
    "revenueEstimated": 3789928961,
    "updatedFromDate": "2025-04-25",
    "fiscalDateEnding": "2020-03-31"
  },
  {
    "date": "2020-01-29",
    "symbol": "MA",
    "eps": 1.96,
    "epsEstimated": 1.87,
    "time": "bmo",
    "revenue": 4414000000,
    "revenueEstimated": 4211316326,
    "updatedFromDate": "2025-04-25",
    "fiscalDateEnding": "2019-12-31"
  },
  {
    "date": "2019-10-29",
    "symbol": "MA",
    "eps": 2.15,
    "epsEstimated": 2.01,
    "time": "bmo",
    "revenue": 4467000000,
    "revenueEstimated": 4176125581,
    "updatedFromDate": "2025-04-25",
    "fiscalDateEnding": "2019-09-30"
  },
  {
    "date": "2019-07-30",
    "symbol": "MA",
    "eps": 1.89,
    "epsEstimated": 1.83,
    "time": "bmo",
    "revenue": 4113000000,
    "revenueEstimated": 3982428571,
    "updatedFromDate": "2025-04-25",
    "fiscalDateEnding": "2019-06-30"
  },
  {
    "date": "2019-04-30",
    "symbol": "MA",
    "eps": 1.78,
    "epsEstimated": 1.66,
    "time": "bmo",
    "revenue": 3889000000,
    "revenueEstimated": 3626820224,
    "updatedFromDate": "2025-04-25",
    "fiscalDateEnding": "2019-03-31"
  },
  {
    "date": "2019-01-31",
    "symbol": "MA",
    "eps": 1.55,
    "epsEstimated": 1.53,
    "time": "bmo",
    "revenue": 3807000000,
    "revenueEstimated": 3733316129,
    "updatedFromDate": "2025-04-25",
    "fiscalDateEnding": "2018-12-31"
  },
  {
    "date": "2018-10-30",
    "symbol": "MA",
    "eps": 1.78,
    "epsEstimated": 1.68,
    "time": "bmo",
    "revenue": 3898000000,
    "revenueEstimated": 3679011235,
    "updatedFromDate": "2025-04-25",
    "fiscalDateEnding": "2018-09-30"
  },
  {
    "date": "2018-07-26",
    "symbol": "MA",
    "eps": 1.66,
    "epsEstimated": 1.53,
    "time": "bmo",
    "revenue": 3665000000,
    "revenueEstimated": 3377981927,
    "updatedFromDate": "2025-04-25",
    "fiscalDateEnding": "2018-06-30"
  },
  {
    "date": "2018-05-02",
    "symbol": "MA",
    "eps": 1.5,
    "epsEstimated": 1.25,
    "time": "bmo",
    "revenue": 3580000000,
    "revenueEstimated": 2983333333,
    "updatedFromDate": "2025-04-25",
    "fiscalDateEnding": "2018-03-31"
  },
  {
    "date": "2018-02-01",
    "symbol": "MA",
    "eps": 1.14,
    "epsEstimated": 1.12,
    "time": "bmo",
    "revenue": 3312000000,
    "revenueEstimated": 3253894736,
    "updatedFromDate": "2025-04-25",
    "fiscalDateEnding": "2017-12-31"
  },
  {
    "date": "2017-10-31",
    "symbol": "MA",
    "eps": 1.34,
    "epsEstimated": 1.23,
    "time": "bmo",
    "revenue": 3398000000,
    "revenueEstimated": 3119059701,
    "updatedFromDate": "2025-04-25",
    "fiscalDateEnding": "2017-09-30"
  },
  {
    "date": "2017-07-27",
    "symbol": "MA",
    "eps": 1.1,
    "epsEstimated": 1.04,
    "time": "bmo",
    "revenue": 3053000000,
    "revenueEstimated": 2886472727,
    "updatedFromDate": "2025-04-25",
    "fiscalDateEnding": "2017-06-30"
  },
  {
    "date": "2017-05-02",
    "symbol": "MA",
    "eps": 1.01,
    "epsEstimated": 0.95,
    "time": "bmo",
    "revenue": 2734000000,
    "revenueEstimated": 2571584158,
    "updatedFromDate": "2025-04-25",
    "fiscalDateEnding": "2017-03-31"
  },
  {
    "date": "2017-01-31",
    "symbol": "MA",
    "eps": 0.86,
    "epsEstimated": 0.85,
    "time": "bmo",
    "revenue": 2756000000,
    "revenueEstimated": 2723953488,
    "updatedFromDate": "2025-04-25",
    "fiscalDateEnding": "2016-12-31"
  },
  {
    "date": "2016-10-28",
    "symbol": "MA",
    "eps": 1.08,
    "epsEstimated": 0.98,
    "time": "bmo",
    "revenue": 2880000000,
    "revenueEstimated": 2613333333,
    "updatedFromDate": "2025-04-25",
    "fiscalDateEnding": "2016-09-30"
  },
  {
    "date": "2016-07-28",
    "symbol": "MA",
    "eps": 0.96,
    "epsEstimated": 0.9,
    "time": "bmo",
    "revenue": 2694000000,
    "revenueEstimated": 2525625000,
    "updatedFromDate": "2025-04-25",
    "fiscalDateEnding": "2016-06-30"
  }
]