[
  {
    "date": "2026-04-28",
    "symbol": "MAA",
    "eps": null,
    "epsEstimated": null,
    "time": "amc",
    "revenue": null,
    "revenueEstimated": null,
    "updatedFromDate": "2025-10-02",
    "fiscalDateEnding": "2026-03-30"
  },
  {
    "date": "2026-02-03",
    "symbol": "MAA",
    "eps": null,
    "epsEstimated": null,
    "time": "amc",
    "revenue": null,
    "revenueEstimated": null,
    "updatedFromDate": "2025-10-02",
    "fiscalDateEnding": "2025-12-30"
  },
  {
    "date": "2025-10-29",
    "symbol": "MAA",
    "eps": null,
    "epsEstimated": 2.17,
    "time": "bmo",
    "revenue": null,
    "revenueEstimated": 556855790,
    "updatedFromDate": "2025-10-02",
    "fiscalDateEnding": "2025-09-30"
  },
  {
    "date": "2025-07-30",
    "symbol": "MAA",
    "eps": 2.15,
    "epsEstimated": 2.14,
    "time": "amc",
    "revenue": 549902000,
    "revenueEstimated": 558388800,
    "updatedFromDate": "2025-10-02",
    "fiscalDateEnding": "2025-06-30"
  },
  {
    "date": "2025-04-30",
    "symbol": "MAA",
    "eps": 2.2,
    "epsEstimated": 2.16,
    "time": "amc",
    "revenue": 549295000,
    "revenueEstimated": 551073380,
    "updatedFromDate": "2025-07-30",
    "fiscalDateEnding": "2025-03-31"
  },
  {
    "date": "2025-02-05",
    "symbol": "MAA",
    "eps": 2.23,
    "epsEstimated": 1.04,
    "time": "amc",
    "revenue": 549832000,
    "revenueEstimated": 552053070,
    "updatedFromDate": "2025-05-05",
    "fiscalDateEnding": "2024-12-31"
  },
  {
    "date": "2024-10-30",
    "symbol": "MAA",
    "eps": 2.21,
    "epsEstimated": 2.18,
    "time": "amc",
    "revenue": 551126000,
    "revenueEstimated": 552290000,
    "updatedFromDate": "2025-04-25",
    "fiscalDateEnding": "2024-09-30"
  },
  {
    "date": "2024-07-31",
    "symbol": "MAA",
    "eps": 2.22,
    "epsEstimated": 2.2,
    "time": "amc",
    "revenue": 546435000,
    "revenueEstimated": 545410000,
    "updatedFromDate": "2025-04-25",
    "fiscalDateEnding": "2024-06-30"
  },
  {
    "date": "2024-05-01",
    "symbol": "MAA",
    "eps": 2.22,
    "epsEstimated": 2.23,
    "time": "amc",
    "revenue": 543622000,
    "revenueEstimated": 540860738,
    "updatedFromDate": "2025-04-25",
    "fiscalDateEnding": "2024-03-31"
  },
  {
    "date": "2024-02-07",
    "symbol": "MAA",
    "eps": 2.32,
    "epsEstimated": 2.3,
    "time": "amc",
    "revenue": 542247000,
    "revenueEstimated": 544570000,
    "updatedFromDate": "2025-04-25",
    "fiscalDateEnding": "2023-12-31"
  },
  {
    "date": "2023-10-25",
    "symbol": "MAA",
    "eps": 2.29,
    "epsEstimated": 2.28,
    "time": "amc",
    "revenue": 542042000,
    "revenueEstimated": 540420000,
    "updatedFromDate": "2025-04-25",
    "fiscalDateEnding": "2023-09-30"
  },
  {
    "date": "2023-07-26",
    "symbol": "MAA",
    "eps": 2.28,
    "epsEstimated": 2.27,
    "time": "amc",
    "revenue": 535146000,
    "revenueEstimated": 542560000,
    "updatedFromDate": "2025-04-25",
    "fiscalDateEnding": "2023-06-30"
  },
  {
    "date": "2023-04-26",
    "symbol": "MAA",
    "eps": 2.28,
    "epsEstimated": 2.25,
    "time": "amc",
    "revenue": 529033000,
    "revenueEstimated": 528260000,
    "updatedFromDate": "2025-04-25",
    "fiscalDateEnding": "2023-03-31"
  },
  {
    "date": "2023-02-01",
    "symbol": "MAA",
    "eps": 1.67,
    "epsEstimated": 1.17,
    "time": "amc",
    "revenue": 527965000,
    "revenueEstimated": 530184784,
    "updatedFromDate": "2025-04-25",
    "fiscalDateEnding": "2022-12-31"
  },
  {
    "date": "2022-10-26",
    "symbol": "MAA",
    "eps": 2.19,
    "epsEstimated": 2.09,
    "time": "amc",
    "revenue": 520783000,
    "revenueEstimated": 507798530,
    "updatedFromDate": "2025-04-25",
    "fiscalDateEnding": "2022-09-30"
  },
  {
    "date": "2022-07-27",
    "symbol": "MAA",
    "eps": 1.82,
    "epsEstimated": 0.94,
    "time": "amc",
    "revenue": 495040000,
    "revenueEstimated": 489175706,
    "updatedFromDate": "2025-04-25",
    "fiscalDateEnding": "2022-06-30"
  },
  {
    "date": "2022-04-27",
    "symbol": "MAA",
    "eps": 1.97,
    "epsEstimated": 1.92,
    "time": "amc",
    "revenue": 476078000,
    "revenueEstimated": 473917667,
    "updatedFromDate": "2025-04-25",
    "fiscalDateEnding": "2022-03-31"
  },
  {
    "date": "2022-02-02",
    "symbol": "MAA",
    "eps": 1.6,
    "epsEstimated": 0.75,
    "time": "amc",
    "revenue": 463575000,
    "revenueEstimated": 460735821,
    "updatedFromDate": "2025-04-25",
    "fiscalDateEnding": "2021-12-31"
  },
  {
    "date": "2021-10-27",
    "symbol": "MAA",
    "eps": 1.78,
    "epsEstimated": 1.71,
    "time": "amc",
    "revenue": 452575000,
    "revenueEstimated": 443510000,
    "updatedFromDate": "2025-04-25",
    "fiscalDateEnding": "2021-09-30"
  },
  {
    "date": "2021-07-28",
    "symbol": "MAA",
    "eps": 1.69,
    "epsEstimated": 1.64,
    "time": "amc",
    "revenue": 436927000,
    "revenueEstimated": 438580000,
    "updatedFromDate": "2025-04-25",
    "fiscalDateEnding": "2021-06-30"
  },
  {
    "date": "2021-04-28",
    "symbol": "MAA",
    "eps": 1.64,
    "epsEstimated": 1.61,
    "time": "amc",
    "revenue": 425005000,
    "revenueEstimated": 422760000,
    "updatedFromDate": "2025-04-25",
    "fiscalDateEnding": "2021-03-31"
  },
  {
    "date": "2021-02-03",
    "symbol": "MAA",
    "eps": 1.65,
    "epsEstimated": 1.64,
    "time": "amc",
    "revenue": 423661000,
    "revenueEstimated": 407673792,
    "updatedFromDate": "2025-04-25",
    "fiscalDateEnding": "2020-12-31"
  },
  {
    "date": "2020-10-28",
    "symbol": "MAA",
    "eps": 1.57,
    "epsEstimated": 1.53,
    "time": "amc",
    "revenue": 423199000,
    "revenueEstimated": 397288857,
    "updatedFromDate": "2025-04-25",
    "fiscalDateEnding": "2020-09-30"
  },
  {
    "date": "2020-07-29",
    "symbol": "MAA",
    "eps": 1.59,
    "epsEstimated": 1.54,
    "time": "amc",
    "revenue": 413026000,
    "revenueEstimated": 328891074,
    "updatedFromDate": "2025-04-25",
    "fiscalDateEnding": "2020-06-30"
  },
  {
    "date": "2020-05-06",
    "symbol": "MAA",
    "eps": 1.62,
    "epsEstimated": 1.6,
    "time": "amc",
    "revenue": 418098000,
    "revenueEstimated": 795734903,
    "updatedFromDate": "2025-04-25",
    "fiscalDateEnding": "2020-03-31"
  },
  {
    "date": "2020-01-29",
    "symbol": "MAA",
    "eps": 1.3,
    "epsEstimated": 0.59,
    "time": "amc",
    "revenue": 416817000,
    "revenueEstimated": 314732155,
    "updatedFromDate": "2025-04-25",
    "fiscalDateEnding": "2019-12-31"
  },
  {
    "date": "2019-10-30",
    "symbol": "MAA",
    "eps": 1.53,
    "epsEstimated": 1.55,
    "time": "amc",
    "revenue": 415632000,
    "revenueEstimated": 342285176,
    "updatedFromDate": "2025-04-25",
    "fiscalDateEnding": "2019-09-30"
  },
  {
    "date": "2019-07-31",
    "symbol": "MAA",
    "eps": 1.57,
    "epsEstimated": 1.53,
    "time": "amc",
    "revenue": 407390000,
    "revenueEstimated": 384757222,
    "updatedFromDate": "2025-04-25",
    "fiscalDateEnding": "2019-06-30"
  },
  {
    "date": "2019-05-01",
    "symbol": "MAA",
    "eps": 1.58,
    "epsEstimated": 1.5,
    "time": "amc",
    "revenue": 401178000,
    "revenueEstimated": 350118981,
    "updatedFromDate": "2025-04-25",
    "fiscalDateEnding": "2019-03-31"
  },
  {
    "date": "2019-01-30",
    "symbol": "MAA",
    "eps": 1.55,
    "epsEstimated": 1.55,
    "time": "amc",
    "revenue": 398148000,
    "revenueEstimated": 368099094,
    "updatedFromDate": "2025-04-25",
    "fiscalDateEnding": "2018-12-31"
  },
  {
    "date": "2018-10-31",
    "symbol": "MAA",
    "eps": 1.5,
    "epsEstimated": 1.5,
    "time": "amc",
    "revenue": 397108000,
    "revenueEstimated": 405732608,
    "updatedFromDate": "2025-04-25",
    "fiscalDateEnding": "2018-09-30"
  },
  {
    "date": "2018-08-01",
    "symbol": "MAA",
    "eps": 1.55,
    "epsEstimated": 1.48,
    "time": "amc",
    "revenue": 390073000,
    "revenueEstimated": 345088461,
    "updatedFromDate": "2025-04-25",
    "fiscalDateEnding": "2018-06-30"
  },
  {
    "date": "2018-05-02",
    "symbol": "MAA",
    "eps": 1.44,
    "epsEstimated": 1.46,
    "time": "amc",
    "revenue": 386017000,
    "revenueEstimated": 422761904,
    "updatedFromDate": "2025-04-25",
    "fiscalDateEnding": "2018-03-31"
  },
  {
    "date": "2018-01-31",
    "symbol": "MAA",
    "eps": 1.5,
    "epsEstimated": 1.48,
    "time": "amc",
    "revenue": 382738000,
    "revenueEstimated": 382700000,
    "updatedFromDate": "2025-04-25",
    "fiscalDateEnding": "2017-12-31"
  },
  {
    "date": "2017-10-25",
    "symbol": "MAA",
    "eps": 1.5,
    "epsEstimated": 1.47,
    "time": "amc",
    "revenue": 384550000,
    "revenueEstimated": 157685999,
    "updatedFromDate": "2025-04-25",
    "fiscalDateEnding": "2017-09-30"
  },
  {
    "date": "2017-07-26",
    "symbol": "MAA",
    "eps": 1.48,
    "epsEstimated": 1.45,
    "time": "amc",
    "revenue": 382791000,
    "revenueEstimated": 300771428,
    "updatedFromDate": "2025-04-25",
    "fiscalDateEnding": "2017-06-30"
  },
  {
    "date": "2017-04-26",
    "symbol": "MAA",
    "eps": 1.46,
    "epsEstimated": 1.44,
    "time": "amc",
    "revenue": 378908000,
    "revenueEstimated": 568350000,
    "updatedFromDate": "2025-04-25",
    "fiscalDateEnding": "2017-03-31"
  },
  {
    "date": "2017-02-01",
    "symbol": "MAA",
    "eps": 1.5,
    "epsEstimated": 1.49,
    "time": "amc",
    "revenue": 307198000,
    "revenueEstimated": 340591304,
    "updatedFromDate": "2025-04-25",
    "fiscalDateEnding": "2016-12-31"
  },
  {
    "date": "2016-10-27",
    "symbol": "MAA",
    "eps": 1.17,
    "epsEstimated": 0.7,
    "time": "amc",
    "revenue": 276898000,
    "revenueEstimated": 173062499,
    "updatedFromDate": "2025-04-25",
    "fiscalDateEnding": "2016-09-30"
  },
  {
    "date": "2016-07-27",
    "symbol": "MAA",
    "eps": 1.49,
    "epsEstimated": 1.46,
    "time": "amc",
    "revenue": 272236000,
    "revenueEstimated": 294883333,
    "updatedFromDate": "2025-04-25",
    "fiscalDateEnding": "2016-06-30"
  }
]