[
  {
    "date": "2026-05-04",
    "symbol": "MAR",
    "eps": null,
    "epsEstimated": null,
    "time": "bmo",
    "revenue": null,
    "revenueEstimated": null,
    "updatedFromDate": "2025-10-02",
    "fiscalDateEnding": "2026-03-30"
  },
  {
    "date": "2026-02-09",
    "symbol": "MAR",
    "eps": null,
    "epsEstimated": null,
    "time": "bmo",
    "revenue": null,
    "revenueEstimated": null,
    "updatedFromDate": "2025-10-02",
    "fiscalDateEnding": "2025-12-30"
  },
  {
    "date": "2025-11-03",
    "symbol": "MAR",
    "eps": null,
    "epsEstimated": 2.38,
    "time": "bmo",
    "revenue": null,
    "revenueEstimated": 6459419470,
    "updatedFromDate": "2025-10-02",
    "fiscalDateEnding": "2025-09-30"
  },
  {
    "date": "2025-08-05",
    "symbol": "MAR",
    "eps": 2.65,
    "epsEstimated": 2.61,
    "time": "bmo",
    "revenue": 6744000000,
    "revenueEstimated": 6667631466,
    "updatedFromDate": "2025-10-02",
    "fiscalDateEnding": "2025-06-30"
  },
  {
    "date": "2025-05-06",
    "symbol": "MAR",
    "eps": 2.32,
    "epsEstimated": 2.25,
    "time": "bmo",
    "revenue": 6263000000,
    "revenueEstimated": 6187137230,
    "updatedFromDate": "2025-08-05",
    "fiscalDateEnding": "2025-03-31"
  },
  {
    "date": "2025-02-11",
    "symbol": "MAR",
    "eps": 2.45,
    "epsEstimated": 2.37,
    "time": "bmo",
    "revenue": 6429000000,
    "revenueEstimated": 6403923132,
    "updatedFromDate": "2025-05-11",
    "fiscalDateEnding": "2024-12-31"
  },
  {
    "date": "2024-11-04",
    "symbol": "MAR",
    "eps": 2.26,
    "epsEstimated": 2.31,
    "time": "bmo",
    "revenue": 6255000000,
    "revenueEstimated": 6275743678,
    "updatedFromDate": "2025-04-25",
    "fiscalDateEnding": "2024-09-30"
  },
  {
    "date": "2024-07-31",
    "symbol": "MAR",
    "eps": 2.5,
    "epsEstimated": 2.47,
    "time": "bmo",
    "revenue": 6439000000,
    "revenueEstimated": 6471571369,
    "updatedFromDate": "2025-04-25",
    "fiscalDateEnding": "2024-06-30"
  },
  {
    "date": "2024-05-01",
    "symbol": "MAR",
    "eps": 2.13,
    "epsEstimated": 2.17,
    "time": "bmo",
    "revenue": 5977000000,
    "revenueEstimated": 5945648551,
    "updatedFromDate": "2025-04-25",
    "fiscalDateEnding": "2024-03-31"
  },
  {
    "date": "2024-02-13",
    "symbol": "MAR",
    "eps": 3.57,
    "epsEstimated": 2.12,
    "time": "bmo",
    "revenue": 6095000000,
    "revenueEstimated": 6201900000,
    "updatedFromDate": "2025-04-25",
    "fiscalDateEnding": "2023-12-31"
  },
  {
    "date": "2023-11-02",
    "symbol": "MAR",
    "eps": 2.11,
    "epsEstimated": 2.11,
    "time": "bmo",
    "revenue": 5928000000,
    "revenueEstimated": 5886840000,
    "updatedFromDate": "2025-04-25",
    "fiscalDateEnding": "2023-09-30"
  },
  {
    "date": "2023-08-01",
    "symbol": "MAR",
    "eps": 2.26,
    "epsEstimated": 2.18,
    "time": "bmo",
    "revenue": 6075000000,
    "revenueEstimated": 5980440000,
    "updatedFromDate": "2025-04-25",
    "fiscalDateEnding": "2023-06-30"
  },
  {
    "date": "2023-05-02",
    "symbol": "MAR",
    "eps": 2.09,
    "epsEstimated": 1.84,
    "time": "bmo",
    "revenue": 5615000000,
    "revenueEstimated": 5408920000,
    "updatedFromDate": "2025-04-25",
    "fiscalDateEnding": "2023-03-31"
  },
  {
    "date": "2023-02-14",
    "symbol": "MAR",
    "eps": 1.96,
    "epsEstimated": 1.83,
    "time": "bmo",
    "revenue": 5923000000,
    "revenueEstimated": 5368714286,
    "updatedFromDate": "2025-04-25",
    "fiscalDateEnding": "2022-12-31"
  },
  {
    "date": "2022-11-03",
    "symbol": "MAR",
    "eps": 1.69,
    "epsEstimated": 1.68,
    "time": "bmo",
    "revenue": 5313000000,
    "revenueEstimated": 5302125000,
    "updatedFromDate": "2025-04-25",
    "fiscalDateEnding": "2022-09-30"
  },
  {
    "date": "2022-08-02",
    "symbol": "MAR",
    "eps": 1.8,
    "epsEstimated": 1.56,
    "time": "bmo",
    "revenue": 5338000000,
    "revenueEstimated": 4924444444,
    "updatedFromDate": "2025-04-25",
    "fiscalDateEnding": "2022-06-30"
  },
  {
    "date": "2022-05-04",
    "symbol": "MAR",
    "eps": 1.25,
    "epsEstimated": 0.9,
    "time": "bmo",
    "revenue": 4199000000,
    "revenueEstimated": 4170483889,
    "updatedFromDate": "2025-04-25",
    "fiscalDateEnding": "2022-03-31"
  },
  {
    "date": "2022-02-15",
    "symbol": "MAR",
    "eps": 1.3,
    "epsEstimated": 0.99,
    "time": "bmo",
    "revenue": 4446000000,
    "revenueEstimated": 3997296400,
    "updatedFromDate": "2025-04-25",
    "fiscalDateEnding": "2021-12-31"
  },
  {
    "date": "2021-11-03",
    "symbol": "MAR",
    "eps": 0.99,
    "epsEstimated": 0.97,
    "time": "bmo",
    "revenue": 3946000000,
    "revenueEstimated": 3767010000,
    "updatedFromDate": "2025-04-25",
    "fiscalDateEnding": "2021-09-30"
  },
  {
    "date": "2021-08-03",
    "symbol": "MAR",
    "eps": 0.79,
    "epsEstimated": 0.43,
    "time": "bmo",
    "revenue": 3149000000,
    "revenueEstimated": 2854696653,
    "updatedFromDate": "2025-04-25",
    "fiscalDateEnding": "2021-06-30"
  },
  {
    "date": "2021-05-10",
    "symbol": "MAR",
    "eps": 0.1,
    "epsEstimated": 0.03374,
    "time": "bmo",
    "revenue": 2316000000,
    "revenueEstimated": 2390210000,
    "updatedFromDate": "2025-04-25",
    "fiscalDateEnding": "2021-03-31"
  },
  {
    "date": "2021-02-18",
    "symbol": "MAR",
    "eps": 0.12,
    "epsEstimated": 0.1,
    "time": "bmo",
    "revenue": 2172000000,
    "revenueEstimated": 1974545454,
    "updatedFromDate": "2025-04-25",
    "fiscalDateEnding": "2020-12-31"
  },
  {
    "date": "2020-11-06",
    "symbol": "MAR",
    "eps": 0.06,
    "epsEstimated": -0.07,
    "time": "bmo",
    "revenue": 2254000000,
    "revenueEstimated": 5578650000,
    "updatedFromDate": "2025-04-25",
    "fiscalDateEnding": "2020-09-30"
  },
  {
    "date": "2020-08-10",
    "symbol": "MAR",
    "eps": -0.64,
    "epsEstimated": -0.44,
    "time": "bmo",
    "revenue": 1464000000,
    "revenueEstimated": 960750000,
    "updatedFromDate": "2025-04-25",
    "fiscalDateEnding": "2020-06-30"
  },
  {
    "date": "2020-05-11",
    "symbol": "MAR",
    "eps": 0.26,
    "epsEstimated": 0.84,
    "time": "bmo",
    "revenue": 4681000000,
    "revenueEstimated": 14403076923,
    "updatedFromDate": "2025-04-25",
    "fiscalDateEnding": "2020-03-31"
  },
  {
    "date": "2020-02-26",
    "symbol": "MAR",
    "eps": 1.57,
    "epsEstimated": 1.46,
    "time": "amc",
    "revenue": 5371000000,
    "revenueEstimated": 5028898089,
    "updatedFromDate": "2025-04-25",
    "fiscalDateEnding": "2019-12-31"
  },
  {
    "date": "2019-11-04",
    "symbol": "MAR",
    "eps": 1.47,
    "epsEstimated": 1.49,
    "time": "amc",
    "revenue": 5284000000,
    "revenueEstimated": 5355891156,
    "updatedFromDate": "2025-04-25",
    "fiscalDateEnding": "2019-09-30"
  },
  {
    "date": "2019-08-05",
    "symbol": "MAR",
    "eps": 1.56,
    "epsEstimated": 1.56,
    "time": "amc",
    "revenue": 5305000000,
    "revenueEstimated": 5305000000,
    "updatedFromDate": "2025-04-25",
    "fiscalDateEnding": "2019-06-30"
  },
  {
    "date": "2019-05-10",
    "symbol": "MAR",
    "eps": 1.41,
    "epsEstimated": 1.34,
    "time": "bmo",
    "revenue": 5012000000,
    "revenueEstimated": 4763177304,
    "updatedFromDate": "2025-04-25",
    "fiscalDateEnding": "2019-03-31"
  },
  {
    "date": "2019-02-28",
    "symbol": "MAR",
    "eps": 1.44,
    "epsEstimated": 1.4,
    "time": "amc",
    "revenue": 5289000000,
    "revenueEstimated": 5170993055,
    "updatedFromDate": "2025-04-25",
    "fiscalDateEnding": "2018-12-31"
  },
  {
    "date": "2018-11-05",
    "symbol": "MAR",
    "eps": 1.7,
    "epsEstimated": 1.31,
    "time": "amc",
    "revenue": 5049000000,
    "revenueEstimated": 3892241176,
    "updatedFromDate": "2025-04-25",
    "fiscalDateEnding": "2018-09-30"
  },
  {
    "date": "2018-08-06",
    "symbol": "MAR",
    "eps": 1.47,
    "epsEstimated": 1.38,
    "time": "amc",
    "revenue": 5346000000,
    "revenueEstimated": 4314693641,
    "updatedFromDate": "2025-04-25",
    "fiscalDateEnding": "2018-06-30"
  },
  {
    "date": "2018-05-08",
    "symbol": "MAR",
    "eps": 1.34,
    "epsEstimated": 1.22,
    "time": "amc",
    "revenue": 5006000000,
    "revenueEstimated": 4560432835,
    "updatedFromDate": "2025-04-25",
    "fiscalDateEnding": "2018-03-31"
  },
  {
    "date": "2018-02-14",
    "symbol": "MAR",
    "eps": 1.12,
    "epsEstimated": 1,
    "time": "amc",
    "revenue": 5251000000,
    "revenueEstimated": 4688392857,
    "updatedFromDate": "2025-04-25",
    "fiscalDateEnding": "2017-12-31"
  },
  {
    "date": "2017-11-07",
    "symbol": "MAR",
    "eps": 1.1,
    "epsEstimated": 0.99,
    "time": "amc",
    "revenue": 5663000000,
    "revenueEstimated": 4570200000,
    "updatedFromDate": "2025-04-25",
    "fiscalDateEnding": "2017-09-30"
  },
  {
    "date": "2017-08-07",
    "symbol": "MAR",
    "eps": 1.08,
    "epsEstimated": 1.02,
    "time": "amc",
    "revenue": 5795000000,
    "revenueEstimated": 4703734513,
    "updatedFromDate": "2025-04-25",
    "fiscalDateEnding": "2017-06-30"
  },
  {
    "date": "2017-05-08",
    "symbol": "MAR",
    "eps": 1.01,
    "epsEstimated": 0.91,
    "time": "amc",
    "revenue": 5561000000,
    "revenueEstimated": 4425663366,
    "updatedFromDate": "2025-04-25",
    "fiscalDateEnding": "2017-03-31"
  },
  {
    "date": "2017-02-15",
    "symbol": "MAR",
    "eps": 0.85,
    "epsEstimated": 0.84,
    "time": "amc",
    "revenue": 5456000000,
    "revenueEstimated": 5391811764,
    "updatedFromDate": "2025-04-25",
    "fiscalDateEnding": "2016-12-31"
  },
  {
    "date": "2016-11-07",
    "symbol": "MAR",
    "eps": 0.91,
    "epsEstimated": 0.9,
    "time": "amc",
    "revenue": 3942000000,
    "revenueEstimated": 3812043956,
    "updatedFromDate": "2025-04-25",
    "fiscalDateEnding": "2016-09-30"
  },
  {
    "date": "2016-07-27",
    "symbol": "MAR",
    "eps": 1.03,
    "epsEstimated": 0.98,
    "time": "amc",
    "revenue": 3902000000,
    "revenueEstimated": 3712582524,
    "updatedFromDate": "2025-04-25",
    "fiscalDateEnding": "2016-06-30"
  }
]