[
  {
    "date": "2026-04-21",
    "symbol": "MAS",
    "eps": null,
    "epsEstimated": null,
    "time": "bmo",
    "revenue": null,
    "revenueEstimated": null,
    "updatedFromDate": "2025-10-02",
    "fiscalDateEnding": "2026-03-30"
  },
  {
    "date": "2026-02-09",
    "symbol": "MAS",
    "eps": null,
    "epsEstimated": null,
    "time": "bmo",
    "revenue": null,
    "revenueEstimated": null,
    "updatedFromDate": "2025-10-02",
    "fiscalDateEnding": "2025-12-30"
  },
  {
    "date": "2025-10-29",
    "symbol": "MAS",
    "eps": null,
    "epsEstimated": 1.02,
    "time": "bmo",
    "revenue": null,
    "revenueEstimated": 1942479870,
    "updatedFromDate": "2025-10-02",
    "fiscalDateEnding": "2025-09-30"
  },
  {
    "date": "2025-07-31",
    "symbol": "MAS",
    "eps": 1.3,
    "epsEstimated": 1.09,
    "time": "bmo",
    "revenue": 2051000000,
    "revenueEstimated": 1996358806,
    "updatedFromDate": "2025-10-02",
    "fiscalDateEnding": "2025-06-30"
  },
  {
    "date": "2025-04-23",
    "symbol": "MAS",
    "eps": 0.87,
    "epsEstimated": 0.915,
    "time": "bmo",
    "revenue": 1801000000,
    "revenueEstimated": 1837985347,
    "updatedFromDate": "2025-07-23",
    "fiscalDateEnding": "2025-03-31"
  },
  {
    "date": "2025-02-11",
    "symbol": "MAS",
    "eps": 0.89,
    "epsEstimated": 0.875,
    "time": "bmo",
    "revenue": 1828000000,
    "revenueEstimated": 1836085376,
    "updatedFromDate": "2025-05-11",
    "fiscalDateEnding": "2024-12-31"
  },
  {
    "date": "2024-10-29",
    "symbol": "MAS",
    "eps": 1.08,
    "epsEstimated": 1.08,
    "time": "bmo",
    "revenue": 1983000000,
    "revenueEstimated": 1995417350,
    "updatedFromDate": "2025-04-25",
    "fiscalDateEnding": "2024-09-30"
  },
  {
    "date": "2024-07-25",
    "symbol": "MAS",
    "eps": 1.2,
    "epsEstimated": 1.18,
    "time": "bmo",
    "revenue": 2091000000,
    "revenueEstimated": 2101030256,
    "updatedFromDate": "2025-04-25",
    "fiscalDateEnding": "2024-06-30"
  },
  {
    "date": "2024-04-24",
    "symbol": "MAS",
    "eps": 0.93,
    "epsEstimated": 0.88,
    "time": "bmo",
    "revenue": 1926000000,
    "revenueEstimated": 1936443482,
    "updatedFromDate": "2025-04-25",
    "fiscalDateEnding": "2024-03-31"
  },
  {
    "date": "2024-02-08",
    "symbol": "MAS",
    "eps": 0.83,
    "epsEstimated": 0.66,
    "time": "bmo",
    "revenue": 1882000000,
    "revenueEstimated": 1788610000,
    "updatedFromDate": "2025-04-25",
    "fiscalDateEnding": "2023-12-31"
  },
  {
    "date": "2023-10-26",
    "symbol": "MAS",
    "eps": 1,
    "epsEstimated": 0.91,
    "time": "bmo",
    "revenue": 1979000000,
    "revenueEstimated": 1972760000,
    "updatedFromDate": "2025-04-25",
    "fiscalDateEnding": "2023-09-30"
  },
  {
    "date": "2023-07-27",
    "symbol": "MAS",
    "eps": 1.19,
    "epsEstimated": 0.96,
    "time": "bmo",
    "revenue": 2127000000,
    "revenueEstimated": 2070390000,
    "updatedFromDate": "2025-04-25",
    "fiscalDateEnding": "2023-06-30"
  },
  {
    "date": "2023-04-26",
    "symbol": "MAS",
    "eps": 0.87,
    "epsEstimated": 0.63,
    "time": "bmo",
    "revenue": 1979000000,
    "revenueEstimated": 1912080000,
    "updatedFromDate": "2025-04-25",
    "fiscalDateEnding": "2023-03-31"
  },
  {
    "date": "2023-02-09",
    "symbol": "MAS",
    "eps": 0.65,
    "epsEstimated": 0.67,
    "time": "bmo",
    "revenue": 1923000000,
    "revenueEstimated": 1921475421,
    "updatedFromDate": "2025-04-25",
    "fiscalDateEnding": "2022-12-31"
  },
  {
    "date": "2022-10-26",
    "symbol": "MAS",
    "eps": 0.98,
    "epsEstimated": 1.06,
    "time": "bmo",
    "revenue": 2204000000,
    "revenueEstimated": 2239007368,
    "updatedFromDate": "2025-04-25",
    "fiscalDateEnding": "2022-09-30"
  },
  {
    "date": "2022-07-28",
    "symbol": "MAS",
    "eps": 1.14,
    "epsEstimated": 1.19,
    "time": "bmo",
    "revenue": 2352000000,
    "revenueEstimated": 2364253000,
    "updatedFromDate": "2025-04-25",
    "fiscalDateEnding": "2022-06-30"
  },
  {
    "date": "2022-04-27",
    "symbol": "MAS",
    "eps": 0.95,
    "epsEstimated": 0.85,
    "time": "bmo",
    "revenue": 2201000000,
    "revenueEstimated": 2058944421,
    "updatedFromDate": "2025-04-25",
    "fiscalDateEnding": "2022-03-31"
  },
  {
    "date": "2022-02-08",
    "symbol": "MAS",
    "eps": 0.67,
    "epsEstimated": 0.69,
    "time": "bmo",
    "revenue": 2022000000,
    "revenueEstimated": 1950362278,
    "updatedFromDate": "2025-04-25",
    "fiscalDateEnding": "2021-12-31"
  },
  {
    "date": "2021-10-27",
    "symbol": "MAS",
    "eps": 0.99,
    "epsEstimated": 0.88,
    "time": "bmo",
    "revenue": 2204000000,
    "revenueEstimated": 2105930000,
    "updatedFromDate": "2025-04-25",
    "fiscalDateEnding": "2021-09-30"
  },
  {
    "date": "2021-07-29",
    "symbol": "MAS",
    "eps": 1.14,
    "epsEstimated": 1.04,
    "time": "bmo",
    "revenue": 2179000000,
    "revenueEstimated": 2179000000,
    "updatedFromDate": "2025-04-25",
    "fiscalDateEnding": "2021-06-30"
  },
  {
    "date": "2021-04-28",
    "symbol": "MAS",
    "eps": 0.89,
    "epsEstimated": 0.66,
    "time": "bmo",
    "revenue": 1970000000,
    "revenueEstimated": 1807710000,
    "updatedFromDate": "2025-04-25",
    "fiscalDateEnding": "2021-03-31"
  },
  {
    "date": "2021-02-09",
    "symbol": "MAS",
    "eps": 0.75,
    "epsEstimated": 0.74,
    "time": "bmo",
    "revenue": 1860000000,
    "revenueEstimated": 1834864864,
    "updatedFromDate": "2025-04-25",
    "fiscalDateEnding": "2020-12-31"
  },
  {
    "date": "2020-10-28",
    "symbol": "MAS",
    "eps": 1.04,
    "epsEstimated": 0.78,
    "time": "bmo",
    "revenue": 1983000000,
    "revenueEstimated": 1487250000,
    "updatedFromDate": "2025-04-25",
    "fiscalDateEnding": "2020-09-30"
  },
  {
    "date": "2020-07-30",
    "symbol": "MAS",
    "eps": 0.84,
    "epsEstimated": 0.67,
    "time": "bmo",
    "revenue": 1764000000,
    "revenueEstimated": 1407000000,
    "updatedFromDate": "2025-04-25",
    "fiscalDateEnding": "2020-06-30"
  },
  {
    "date": "2020-04-29",
    "symbol": "MAS",
    "eps": 0.46,
    "epsEstimated": 0.36,
    "time": "bmo",
    "revenue": 1581000000,
    "revenueEstimated": 1237304347,
    "updatedFromDate": "2025-04-25",
    "fiscalDateEnding": "2020-03-31"
  },
  {
    "date": "2020-02-11",
    "symbol": "MAS",
    "eps": 0.54,
    "epsEstimated": 0.53,
    "time": "bmo",
    "revenue": 1639000000,
    "revenueEstimated": 885925925,
    "updatedFromDate": "2025-04-25",
    "fiscalDateEnding": "2019-12-31"
  },
  {
    "date": "2019-10-30",
    "symbol": "MAS",
    "eps": 0.68,
    "epsEstimated": 0.7,
    "time": "bmo",
    "revenue": 1947000000,
    "revenueEstimated": 1975632352,
    "updatedFromDate": "2025-04-25",
    "fiscalDateEnding": "2019-09-30"
  },
  {
    "date": "2019-07-25",
    "symbol": "MAS",
    "eps": 0.88,
    "epsEstimated": 0.82,
    "time": "bmo",
    "revenue": 2275000000,
    "revenueEstimated": 1713613636,
    "updatedFromDate": "2025-04-25",
    "fiscalDateEnding": "2019-06-30"
  },
  {
    "date": "2019-04-25",
    "symbol": "MAS",
    "eps": 0.44,
    "epsEstimated": 0.47,
    "time": "bmo",
    "revenue": 1908000000,
    "revenueEstimated": 1616159090,
    "updatedFromDate": "2025-04-25",
    "fiscalDateEnding": "2019-03-31"
  },
  {
    "date": "2019-02-07",
    "symbol": "MAS",
    "eps": 0.64,
    "epsEstimated": 0.56,
    "time": "bmo",
    "revenue": 2041000000,
    "revenueEstimated": 797125000,
    "updatedFromDate": "2025-04-25",
    "fiscalDateEnding": "2018-12-31"
  },
  {
    "date": "2018-10-30",
    "symbol": "MAS",
    "eps": 0.65,
    "epsEstimated": 0.7,
    "time": "bmo",
    "revenue": 2101000000,
    "revenueEstimated": 2050461538,
    "updatedFromDate": "2025-04-25",
    "fiscalDateEnding": "2018-09-30"
  },
  {
    "date": "2018-07-31",
    "symbol": "MAS",
    "eps": 0.75,
    "epsEstimated": 0.77,
    "time": "bmo",
    "revenue": 2297000000,
    "revenueEstimated": 1970173333,
    "updatedFromDate": "2025-04-25",
    "fiscalDateEnding": "2018-06-30"
  },
  {
    "date": "2018-04-24",
    "symbol": "MAS",
    "eps": 0.45,
    "epsEstimated": 0.49,
    "time": "bmo",
    "revenue": 1920000000,
    "revenueEstimated": 2090666666,
    "updatedFromDate": "2025-04-25",
    "fiscalDateEnding": "2018-03-31"
  },
  {
    "date": "2018-02-08",
    "symbol": "MAS",
    "eps": 0.44,
    "epsEstimated": 0.43,
    "time": "bmo",
    "revenue": 1874000000,
    "revenueEstimated": 1853000000,
    "updatedFromDate": "2025-04-25",
    "fiscalDateEnding": "2017-12-31"
  },
  {
    "date": "2017-10-24",
    "symbol": "MAS",
    "eps": 0.5,
    "epsEstimated": 0.52,
    "time": "bmo",
    "revenue": 1936000000,
    "revenueEstimated": 2022800000,
    "updatedFromDate": "2025-04-25",
    "fiscalDateEnding": "2017-09-30"
  },
  {
    "date": "2017-07-27",
    "symbol": "MAS",
    "eps": 0.6,
    "epsEstimated": 0.6,
    "time": "bmo",
    "revenue": 2057000000,
    "revenueEstimated": 2066000000,
    "updatedFromDate": "2025-04-25",
    "fiscalDateEnding": "2017-06-30"
  },
  {
    "date": "2017-04-25",
    "symbol": "MAS",
    "eps": 0.41,
    "epsEstimated": 0.36,
    "time": "bmo",
    "revenue": 1777000000,
    "revenueEstimated": 1561170731,
    "updatedFromDate": "2025-04-25",
    "fiscalDateEnding": "2017-03-31"
  },
  {
    "date": "2017-02-09",
    "symbol": "MAS",
    "eps": 0.33,
    "epsEstimated": 0.34,
    "time": "bmo",
    "revenue": 1759000000,
    "revenueEstimated": 1816424242,
    "updatedFromDate": "2025-04-25",
    "fiscalDateEnding": "2016-12-31"
  },
  {
    "date": "2016-10-25",
    "symbol": "MAS",
    "eps": 0.41,
    "epsEstimated": 0.44,
    "time": "bmo",
    "revenue": 1877000000,
    "revenueEstimated": 2014341463,
    "updatedFromDate": "2025-04-25",
    "fiscalDateEnding": "2016-09-30"
  },
  {
    "date": "2016-07-26",
    "symbol": "MAS",
    "eps": 0.46,
    "epsEstimated": 0.43,
    "time": "bmo",
    "revenue": 2001000000,
    "revenueEstimated": 1870499999,
    "updatedFromDate": "2025-04-25",
    "fiscalDateEnding": "2016-06-30"
  }
]