[
  {
    "date": "2026-04-29",
    "symbol": "MCD",
    "eps": null,
    "epsEstimated": null,
    "time": "bmo",
    "revenue": null,
    "revenueEstimated": null,
    "updatedFromDate": "2025-10-02",
    "fiscalDateEnding": "2026-03-30"
  },
  {
    "date": "2026-02-09",
    "symbol": "MCD",
    "eps": null,
    "epsEstimated": null,
    "time": "bmo",
    "revenue": null,
    "revenueEstimated": null,
    "updatedFromDate": "2025-10-02",
    "fiscalDateEnding": "2025-12-30"
  },
  {
    "date": "2025-11-04",
    "symbol": "MCD",
    "eps": null,
    "epsEstimated": 3.4,
    "time": "bmo",
    "revenue": null,
    "revenueEstimated": null,
    "updatedFromDate": "2025-10-02",
    "fiscalDateEnding": "2025-09-30"
  },
  {
    "date": "2025-08-06",
    "symbol": "MCD",
    "eps": 3.19,
    "epsEstimated": 3.14,
    "time": "bmo",
    "revenue": 6843000000,
    "revenueEstimated": 6697864116,
    "updatedFromDate": "2025-10-02",
    "fiscalDateEnding": "2025-06-30"
  },
  {
    "date": "2025-05-01",
    "symbol": "MCD",
    "eps": 2.67,
    "epsEstimated": 2.66,
    "time": "bmo",
    "revenue": 5955000000,
    "revenueEstimated": 6101145208,
    "updatedFromDate": "2025-08-01",
    "fiscalDateEnding": "2025-03-31"
  },
  {
    "date": "2025-02-10",
    "symbol": "MCD",
    "eps": 2.83,
    "epsEstimated": 2.85,
    "time": "bmo",
    "revenue": 6388000000,
    "revenueEstimated": 6449713858,
    "updatedFromDate": "2025-05-10",
    "fiscalDateEnding": "2024-12-31"
  },
  {
    "date": "2024-10-29",
    "symbol": "MCD",
    "eps": 3.23,
    "epsEstimated": 3.2,
    "time": "bmo",
    "revenue": 6874000000,
    "revenueEstimated": 6817475682,
    "updatedFromDate": "2025-04-25",
    "fiscalDateEnding": "2024-09-30"
  },
  {
    "date": "2024-07-29",
    "symbol": "MCD",
    "eps": 2.97,
    "epsEstimated": 3.07,
    "time": "bmo",
    "revenue": 6490000000,
    "revenueEstimated": 6622983449,
    "updatedFromDate": "2025-04-25",
    "fiscalDateEnding": "2024-06-30"
  },
  {
    "date": "2024-04-30",
    "symbol": "MCD",
    "eps": 2.7,
    "epsEstimated": 2.72,
    "time": "bmo",
    "revenue": 6169000000,
    "revenueEstimated": 6158186851,
    "updatedFromDate": "2025-04-25",
    "fiscalDateEnding": "2024-03-31"
  },
  {
    "date": "2024-02-05",
    "symbol": "MCD",
    "eps": 2.95,
    "epsEstimated": 2.82,
    "time": "bmo",
    "revenue": 6406200000,
    "revenueEstimated": 6450080000,
    "updatedFromDate": "2025-04-25",
    "fiscalDateEnding": "2023-12-31"
  },
  {
    "date": "2023-10-30",
    "symbol": "MCD",
    "eps": 3.19,
    "epsEstimated": 3,
    "time": "bmo",
    "revenue": 6692000000,
    "revenueEstimated": 6192810000,
    "updatedFromDate": "2025-04-25",
    "fiscalDateEnding": "2023-09-30"
  },
  {
    "date": "2023-07-27",
    "symbol": "MCD",
    "eps": 3.17,
    "epsEstimated": 2.79,
    "time": "bmo",
    "revenue": 6497000000,
    "revenueEstimated": 6271200000,
    "updatedFromDate": "2025-04-25",
    "fiscalDateEnding": "2023-06-30"
  },
  {
    "date": "2023-04-25",
    "symbol": "MCD",
    "eps": 2.63,
    "epsEstimated": 2.33,
    "time": "bmo",
    "revenue": 5898000000,
    "revenueEstimated": 5586980000,
    "updatedFromDate": "2025-04-25",
    "fiscalDateEnding": "2023-03-31"
  },
  {
    "date": "2023-01-31",
    "symbol": "MCD",
    "eps": 2.59,
    "epsEstimated": 2.45,
    "time": "bmo",
    "revenue": 5926500000,
    "revenueEstimated": 5720132572,
    "updatedFromDate": "2025-04-25",
    "fiscalDateEnding": "2022-12-31"
  },
  {
    "date": "2022-10-27",
    "symbol": "MCD",
    "eps": 2.68,
    "epsEstimated": 2.58,
    "time": "bmo",
    "revenue": 5872100000,
    "revenueEstimated": 5699606054,
    "updatedFromDate": "2025-04-25",
    "fiscalDateEnding": "2022-09-30"
  },
  {
    "date": "2022-07-26",
    "symbol": "MCD",
    "eps": 2.55,
    "epsEstimated": 2.45,
    "time": "bmo",
    "revenue": 5718400000,
    "revenueEstimated": 5801235666,
    "updatedFromDate": "2025-04-25",
    "fiscalDateEnding": "2022-06-30"
  },
  {
    "date": "2022-04-28",
    "symbol": "MCD",
    "eps": 2.28,
    "epsEstimated": 2.18,
    "time": "bmo",
    "revenue": 5665600000,
    "revenueEstimated": 5569640425,
    "updatedFromDate": "2025-04-25",
    "fiscalDateEnding": "2022-03-31"
  },
  {
    "date": "2022-01-27",
    "symbol": "MCD",
    "eps": 2.23,
    "epsEstimated": 2.34,
    "time": "bmo",
    "revenue": 6009100000,
    "revenueEstimated": 6024124193,
    "updatedFromDate": "2025-04-25",
    "fiscalDateEnding": "2021-12-31"
  },
  {
    "date": "2021-10-27",
    "symbol": "MCD",
    "eps": 2.76,
    "epsEstimated": 2.46,
    "time": "bmo",
    "revenue": 6201300000,
    "revenueEstimated": 6046830000,
    "updatedFromDate": "2025-04-25",
    "fiscalDateEnding": "2021-09-30"
  },
  {
    "date": "2021-07-28",
    "symbol": "MCD",
    "eps": 2.37,
    "epsEstimated": 2.11,
    "time": "bmo",
    "revenue": 5887900000,
    "revenueEstimated": 6032810000,
    "updatedFromDate": "2025-04-25",
    "fiscalDateEnding": "2021-06-30"
  },
  {
    "date": "2021-04-29",
    "symbol": "MCD",
    "eps": 1.92,
    "epsEstimated": 1.81,
    "time": "bmo",
    "revenue": 5124600000,
    "revenueEstimated": 5019400000,
    "updatedFromDate": "2025-04-25",
    "fiscalDateEnding": "2021-03-31"
  },
  {
    "date": "2021-01-28",
    "symbol": "MCD",
    "eps": 1.7,
    "epsEstimated": 1.78,
    "time": "bmo",
    "revenue": 5313800000,
    "revenueEstimated": 5552622471,
    "updatedFromDate": "2025-04-25",
    "fiscalDateEnding": "2020-12-31"
  },
  {
    "date": "2020-11-09",
    "symbol": "MCD",
    "eps": 2.22,
    "epsEstimated": 1.9,
    "time": "bmo",
    "revenue": 5418100000,
    "revenueEstimated": 4505577894,
    "updatedFromDate": "2025-04-25",
    "fiscalDateEnding": "2020-09-30"
  },
  {
    "date": "2020-07-28",
    "symbol": "MCD",
    "eps": 0.66,
    "epsEstimated": 0.74,
    "time": "bmo",
    "revenue": 3761500000,
    "revenueEstimated": 4274431818,
    "updatedFromDate": "2025-04-25",
    "fiscalDateEnding": "2020-06-30"
  },
  {
    "date": "2020-04-30",
    "symbol": "MCD",
    "eps": 1.47,
    "epsEstimated": 1.57,
    "time": "bmo",
    "revenue": 4714400000,
    "revenueEstimated": 5035107482,
    "updatedFromDate": "2025-04-25",
    "fiscalDateEnding": "2020-03-31"
  },
  {
    "date": "2020-01-29",
    "symbol": "MCD",
    "eps": 1.97,
    "epsEstimated": 1.96,
    "time": "bmo",
    "revenue": 5349000000,
    "revenueEstimated": 5321847715,
    "updatedFromDate": "2025-04-25",
    "fiscalDateEnding": "2019-12-31"
  },
  {
    "date": "2019-10-22",
    "symbol": "MCD",
    "eps": 2.11,
    "epsEstimated": 2.21,
    "time": "bmo",
    "revenue": 5502300000,
    "revenueEstimated": 5687974407,
    "updatedFromDate": "2025-04-25",
    "fiscalDateEnding": "2019-09-30"
  },
  {
    "date": "2019-07-26",
    "symbol": "MCD",
    "eps": 2.05,
    "epsEstimated": 2.05,
    "time": "bmo",
    "revenue": 5409800000,
    "revenueEstimated": 5341300000,
    "updatedFromDate": "2025-04-25",
    "fiscalDateEnding": "2019-06-30"
  },
  {
    "date": "2019-04-30",
    "symbol": "MCD",
    "eps": 1.78,
    "epsEstimated": 1.75,
    "time": "bmo",
    "revenue": 5024100000,
    "revenueEstimated": 5111729651,
    "updatedFromDate": "2025-04-25",
    "fiscalDateEnding": "2019-03-31"
  },
  {
    "date": "2019-01-30",
    "symbol": "MCD",
    "eps": 1.97,
    "epsEstimated": 1.89,
    "time": "bmo",
    "revenue": 5163000000,
    "revenueEstimated": 4953335025,
    "updatedFromDate": "2025-04-25",
    "fiscalDateEnding": "2018-12-31"
  },
  {
    "date": "2018-10-23",
    "symbol": "MCD",
    "eps": 2.1,
    "epsEstimated": 1.99,
    "time": "bmo",
    "revenue": 5369400000,
    "revenueEstimated": 5088145714,
    "updatedFromDate": "2025-04-25",
    "fiscalDateEnding": "2018-09-30"
  },
  {
    "date": "2018-07-26",
    "symbol": "MCD",
    "eps": 1.99,
    "epsEstimated": 1.92,
    "time": "bmo",
    "revenue": 5353900000,
    "revenueEstimated": 5165571859,
    "updatedFromDate": "2025-04-25",
    "fiscalDateEnding": "2018-06-30"
  },
  {
    "date": "2018-04-30",
    "symbol": "MCD",
    "eps": 1.79,
    "epsEstimated": 1.67,
    "time": "bmo",
    "revenue": 5138900000,
    "revenueEstimated": 4794392737,
    "updatedFromDate": "2025-04-25",
    "fiscalDateEnding": "2018-03-31"
  },
  {
    "date": "2018-01-30",
    "symbol": "MCD",
    "eps": 1.71,
    "epsEstimated": 1.59,
    "time": "bmo",
    "revenue": 5340200000,
    "revenueEstimated": 4965449122,
    "updatedFromDate": "2025-04-25",
    "fiscalDateEnding": "2017-12-31"
  },
  {
    "date": "2017-10-24",
    "symbol": "MCD",
    "eps": 1.76,
    "epsEstimated": 1.77,
    "time": "bmo",
    "revenue": 5754600000,
    "revenueEstimated": 5787296590,
    "updatedFromDate": "2025-04-25",
    "fiscalDateEnding": "2017-09-30"
  },
  {
    "date": "2017-07-25",
    "symbol": "MCD",
    "eps": 1.73,
    "epsEstimated": 1.62,
    "time": "bmo",
    "revenue": 6049700000,
    "revenueEstimated": 5765008235,
    "updatedFromDate": "2025-04-25",
    "fiscalDateEnding": "2017-06-30"
  },
  {
    "date": "2017-04-25",
    "symbol": "MCD",
    "eps": 1.47,
    "epsEstimated": 1.33,
    "time": "bmo",
    "revenue": 5675900000,
    "revenueEstimated": 5135338095,
    "updatedFromDate": "2025-04-25",
    "fiscalDateEnding": "2017-03-31"
  },
  {
    "date": "2017-01-23",
    "symbol": "MCD",
    "eps": 1.43,
    "epsEstimated": 1.41,
    "time": "bmo",
    "revenue": 6028900000,
    "revenueEstimated": 5943383687,
    "updatedFromDate": "2025-04-25",
    "fiscalDateEnding": "2016-12-31"
  },
  {
    "date": "2016-10-21",
    "symbol": "MCD",
    "eps": 1.62,
    "epsEstimated": 1.48,
    "time": "bmo",
    "revenue": 6424100000,
    "revenueEstimated": 5868930864,
    "updatedFromDate": "2025-04-25",
    "fiscalDateEnding": "2016-09-30"
  },
  {
    "date": "2016-07-26",
    "symbol": "MCD",
    "eps": 1.45,
    "epsEstimated": 1.38,
    "time": "bmo",
    "revenue": 6265000000,
    "revenueEstimated": 5962551724,
    "updatedFromDate": "2025-04-25",
    "fiscalDateEnding": "2016-06-30"
  }
]