[
  {
    "date": "2026-05-06",
    "symbol": "MCHP",
    "eps": null,
    "epsEstimated": null,
    "time": "amc",
    "revenue": null,
    "revenueEstimated": null,
    "updatedFromDate": "2025-10-02",
    "fiscalDateEnding": "2026-03-30"
  },
  {
    "date": "2026-02-04",
    "symbol": "MCHP",
    "eps": null,
    "epsEstimated": null,
    "time": "amc",
    "revenue": null,
    "revenueEstimated": null,
    "updatedFromDate": "2025-10-02",
    "fiscalDateEnding": "2025-12-30"
  },
  {
    "date": "2025-11-04",
    "symbol": "MCHP",
    "eps": null,
    "epsEstimated": 0.33,
    "time": "bmo",
    "revenue": null,
    "revenueEstimated": null,
    "updatedFromDate": "2025-10-02",
    "fiscalDateEnding": "2025-09-30"
  },
  {
    "date": "2025-08-07",
    "symbol": "MCHP",
    "eps": 0.27,
    "epsEstimated": 0.239,
    "time": "amc",
    "revenue": 1075500000,
    "revenueEstimated": 1057488170,
    "updatedFromDate": "2025-10-02",
    "fiscalDateEnding": "2025-06-30"
  },
  {
    "date": "2025-05-08",
    "symbol": "MCHP",
    "eps": 0.11,
    "epsEstimated": 0.1047,
    "time": "amc",
    "revenue": 970500000,
    "revenueEstimated": 962583975,
    "updatedFromDate": "2025-09-10",
    "fiscalDateEnding": "2025-03-31"
  },
  {
    "date": "2025-02-06",
    "symbol": "MCHP",
    "eps": 0.2,
    "epsEstimated": 0.2774,
    "time": "amc",
    "revenue": 1026000000,
    "revenueEstimated": 1046207081,
    "updatedFromDate": "2025-09-10",
    "fiscalDateEnding": "2024-12-31"
  },
  {
    "date": "2024-11-05",
    "symbol": "MCHP",
    "eps": 0.46,
    "epsEstimated": 0.4342,
    "time": "amc",
    "revenue": 1163800000,
    "revenueEstimated": 1152378369,
    "updatedFromDate": "2025-09-10",
    "fiscalDateEnding": "2024-09-30"
  },
  {
    "date": "2024-08-01",
    "symbol": "MCHP",
    "eps": 0.53,
    "epsEstimated": 0.521,
    "time": "amc",
    "revenue": 1241300000,
    "revenueEstimated": 1241746743,
    "updatedFromDate": "2025-09-10",
    "fiscalDateEnding": "2024-06-30"
  },
  {
    "date": "2024-05-06",
    "symbol": "MCHP",
    "eps": 0.57,
    "epsEstimated": 0.572,
    "time": "amc",
    "revenue": 1325800000,
    "revenueEstimated": 1327406883,
    "updatedFromDate": "2025-09-10",
    "fiscalDateEnding": "2024-03-31"
  },
  {
    "date": "2024-02-01",
    "symbol": "MCHP",
    "eps": 1.08,
    "epsEstimated": 1.04,
    "time": "amc",
    "revenue": 1765700000,
    "revenueEstimated": 1772956219,
    "updatedFromDate": "2025-09-10",
    "fiscalDateEnding": "2023-12-31"
  },
  {
    "date": "2023-11-02",
    "symbol": "MCHP",
    "eps": 1.62,
    "epsEstimated": 1.62,
    "time": "amc",
    "revenue": 2254300000,
    "revenueEstimated": 2265090000,
    "updatedFromDate": "2025-09-10",
    "fiscalDateEnding": "2023-09-30"
  },
  {
    "date": "2023-08-03",
    "symbol": "MCHP",
    "eps": 1.64,
    "epsEstimated": 1.64,
    "time": "amc",
    "revenue": 2288600000,
    "revenueEstimated": 2289750000,
    "updatedFromDate": "2025-09-10",
    "fiscalDateEnding": "2023-06-30"
  },
  {
    "date": "2023-05-04",
    "symbol": "MCHP",
    "eps": 1.64,
    "epsEstimated": 1.62,
    "time": "amc",
    "revenue": 2232700000,
    "revenueEstimated": 2225690000,
    "updatedFromDate": "2025-09-10",
    "fiscalDateEnding": "2023-03-31"
  },
  {
    "date": "2023-02-02",
    "symbol": "MCHP",
    "eps": 1.56,
    "epsEstimated": 1.55,
    "time": "amc",
    "revenue": 2169200000,
    "revenueEstimated": 2155727045,
    "updatedFromDate": "2025-09-10",
    "fiscalDateEnding": "2022-12-31"
  },
  {
    "date": "2022-11-03",
    "symbol": "MCHP",
    "eps": 1.46,
    "epsEstimated": 1.44,
    "time": "amc",
    "revenue": 2073199999,
    "revenueEstimated": 2061743266,
    "updatedFromDate": "2025-09-10",
    "fiscalDateEnding": "2022-09-30"
  },
  {
    "date": "2022-08-02",
    "symbol": "MCHP",
    "eps": 1.37,
    "epsEstimated": 1.34,
    "time": "amc",
    "revenue": 1963600000,
    "revenueEstimated": 1954122479,
    "updatedFromDate": "2025-09-10",
    "fiscalDateEnding": "2022-06-30"
  },
  {
    "date": "2022-05-09",
    "symbol": "MCHP",
    "eps": 1.35,
    "epsEstimated": 1.25,
    "time": "amc",
    "revenue": 1844200000,
    "revenueEstimated": 1820729066,
    "updatedFromDate": "2025-09-10",
    "fiscalDateEnding": "2022-03-31"
  },
  {
    "date": "2022-02-03",
    "symbol": "MCHP",
    "eps": 1.2,
    "epsEstimated": 1.17,
    "time": "amc",
    "revenue": 1757500000,
    "revenueEstimated": 1748225085,
    "updatedFromDate": "2025-09-10",
    "fiscalDateEnding": "2021-12-31"
  },
  {
    "date": "2021-11-04",
    "symbol": "MCHP",
    "eps": 1.07,
    "epsEstimated": 1.06,
    "time": "amc",
    "revenue": 1649800000,
    "revenueEstimated": 1645340000,
    "updatedFromDate": "2025-09-10",
    "fiscalDateEnding": "2021-09-30"
  },
  {
    "date": "2021-08-03",
    "symbol": "MCHP",
    "eps": 0.99,
    "epsEstimated": 0.95,
    "time": "amc",
    "revenue": 1569400000,
    "revenueEstimated": 1569400000,
    "updatedFromDate": "2025-09-10",
    "fiscalDateEnding": "2021-06-30"
  },
  {
    "date": "2021-05-06",
    "symbol": "MCHP",
    "eps": 0.93,
    "epsEstimated": 0.87,
    "time": "amc",
    "revenue": 1467100000,
    "revenueEstimated": 1453920000,
    "updatedFromDate": "2025-09-10",
    "fiscalDateEnding": "2021-03-31"
  },
  {
    "date": "2021-02-04",
    "symbol": "MCHP",
    "eps": 0.81,
    "epsEstimated": 0.79,
    "time": "amc",
    "revenue": 1352100000,
    "revenueEstimated": 1358090000,
    "updatedFromDate": "2025-09-10",
    "fiscalDateEnding": "2020-12-31"
  },
  {
    "date": "2020-11-05",
    "symbol": "MCHP",
    "eps": 0.78,
    "epsEstimated": 0.71,
    "time": "amc",
    "revenue": 1309500000,
    "revenueEstimated": 1199916666,
    "updatedFromDate": "2025-09-10",
    "fiscalDateEnding": "2020-09-30"
  },
  {
    "date": "2020-08-04",
    "symbol": "MCHP",
    "eps": 0.78,
    "epsEstimated": 0.71,
    "time": "amc",
    "revenue": 1309700000,
    "revenueEstimated": 1200558333,
    "updatedFromDate": "2025-09-10",
    "fiscalDateEnding": "2020-06-30"
  },
  {
    "date": "2020-05-07",
    "symbol": "MCHP",
    "eps": 0.73,
    "epsEstimated": 0.69,
    "time": "amc",
    "revenue": 1326400000,
    "revenueEstimated": 1226465753,
    "updatedFromDate": "2025-09-10",
    "fiscalDateEnding": "2020-03-31"
  },
  {
    "date": "2020-02-04",
    "symbol": "MCHP",
    "eps": 0.66,
    "epsEstimated": 0.63,
    "time": "amc",
    "revenue": 1287400000,
    "revenueEstimated": 1228881818,
    "updatedFromDate": "2025-09-10",
    "fiscalDateEnding": "2019-12-31"
  },
  {
    "date": "2019-11-05",
    "symbol": "MCHP",
    "eps": 0.71,
    "epsEstimated": 0.71,
    "time": "amc",
    "revenue": 1337800000,
    "revenueEstimated": 1337800000,
    "updatedFromDate": "2025-09-10",
    "fiscalDateEnding": "2019-09-30"
  },
  {
    "date": "2019-08-06",
    "symbol": "MCHP",
    "eps": 0.7,
    "epsEstimated": 0.69,
    "time": "amc",
    "revenue": 1322600000,
    "revenueEstimated": 1285079432,
    "updatedFromDate": "2025-09-10",
    "fiscalDateEnding": "2019-06-30"
  },
  {
    "date": "2019-05-07",
    "symbol": "MCHP",
    "eps": 0.74,
    "epsEstimated": 0.69,
    "time": "bmo",
    "revenue": 1329800000,
    "revenueEstimated": 1257918918,
    "updatedFromDate": "2025-09-10",
    "fiscalDateEnding": "2019-03-31"
  },
  {
    "date": "2019-02-05",
    "symbol": "MCHP",
    "eps": 0.83,
    "epsEstimated": 0.79,
    "time": "amc",
    "revenue": 1374700000,
    "revenueEstimated": 1308449397,
    "updatedFromDate": "2025-09-10",
    "fiscalDateEnding": "2018-12-31"
  },
  {
    "date": "2018-11-07",
    "symbol": "MCHP",
    "eps": 0.9,
    "epsEstimated": 0.87,
    "time": "amc",
    "revenue": 1432500000,
    "revenueEstimated": 1369185082,
    "updatedFromDate": "2025-09-10",
    "fiscalDateEnding": "2018-09-30"
  },
  {
    "date": "2018-08-09",
    "symbol": "MCHP",
    "eps": 0.81,
    "epsEstimated": 0.75,
    "time": "amc",
    "revenue": 1212500000,
    "revenueEstimated": 1114596273,
    "updatedFromDate": "2025-09-10",
    "fiscalDateEnding": "2018-06-30"
  },
  {
    "date": "2018-05-08",
    "symbol": "MCHP",
    "eps": 0.7,
    "epsEstimated": 0.68,
    "time": "bmo",
    "revenue": 1002300000,
    "revenueEstimated": 959344285,
    "updatedFromDate": "2025-09-10",
    "fiscalDateEnding": "2018-03-31"
  },
  {
    "date": "2018-02-06",
    "symbol": "MCHP",
    "eps": 0.68,
    "epsEstimated": 0.68,
    "time": "amc",
    "revenue": 994205000,
    "revenueEstimated": 986889705,
    "updatedFromDate": "2025-09-10",
    "fiscalDateEnding": "2017-12-31"
  },
  {
    "date": "2017-11-06",
    "symbol": "MCHP",
    "eps": 0.7,
    "epsEstimated": 0.68,
    "time": "amc",
    "revenue": 1012139000,
    "revenueEstimated": 969031914,
    "updatedFromDate": "2025-09-10",
    "fiscalDateEnding": "2017-09-30"
  },
  {
    "date": "2017-08-03",
    "symbol": "MCHP",
    "eps": 0.65,
    "epsEstimated": 0.62,
    "time": "amc",
    "revenue": 972141000,
    "revenueEstimated": 912735114,
    "updatedFromDate": "2025-09-10",
    "fiscalDateEnding": "2017-06-30"
  },
  {
    "date": "2017-05-09",
    "symbol": "MCHP",
    "eps": 0.58,
    "epsEstimated": 0.53,
    "time": "amc",
    "revenue": 902666000,
    "revenueEstimated": 824881034,
    "updatedFromDate": "2025-09-10",
    "fiscalDateEnding": "2017-03-31"
  },
  {
    "date": "2017-02-07",
    "symbol": "MCHP",
    "eps": 0.52,
    "epsEstimated": 0.45,
    "time": "amc",
    "revenue": 834366000,
    "revenueEstimated": 683413333,
    "updatedFromDate": "2025-09-10",
    "fiscalDateEnding": "2016-12-31"
  },
  {
    "date": "2016-11-07",
    "symbol": "MCHP",
    "eps": 0.47,
    "epsEstimated": 0.44,
    "time": "amc",
    "revenue": 871364000,
    "revenueEstimated": 806508510,
    "updatedFromDate": "2025-09-10",
    "fiscalDateEnding": "2016-09-30"
  },
  {
    "date": "2016-08-08",
    "symbol": "MCHP",
    "eps": 0.42,
    "epsEstimated": 0.38,
    "time": "amc",
    "revenue": 799411000,
    "revenueEstimated": 713750000,
    "updatedFromDate": "2025-09-10",
    "fiscalDateEnding": "2016-06-30"
  }
]