[
  {
    "date": "2026-05-06",
    "symbol": "MCK",
    "eps": null,
    "epsEstimated": null,
    "time": "amc",
    "revenue": null,
    "revenueEstimated": null,
    "updatedFromDate": "2025-10-02",
    "fiscalDateEnding": "2026-03-30"
  },
  {
    "date": "2026-02-03",
    "symbol": "MCK",
    "eps": null,
    "epsEstimated": null,
    "time": "amc",
    "revenue": null,
    "revenueEstimated": null,
    "updatedFromDate": "2025-10-02",
    "fiscalDateEnding": "2025-12-30"
  },
  {
    "date": "2025-11-05",
    "symbol": "MCK",
    "eps": null,
    "epsEstimated": 8.84,
    "time": "bmo",
    "revenue": null,
    "revenueEstimated": 103801183350,
    "updatedFromDate": "2025-10-02",
    "fiscalDateEnding": "2025-09-30"
  },
  {
    "date": "2025-08-06",
    "symbol": "MCK",
    "eps": 8.26,
    "epsEstimated": 8.14,
    "time": "amc",
    "revenue": 97827000000,
    "revenueEstimated": 96184334445,
    "updatedFromDate": "2025-10-02",
    "fiscalDateEnding": "2025-06-30"
  },
  {
    "date": "2025-05-08",
    "symbol": "MCK",
    "eps": 10.12,
    "epsEstimated": 9.83,
    "time": "amc",
    "revenue": 90823000000,
    "revenueEstimated": 94298045568,
    "updatedFromDate": "2025-08-08",
    "fiscalDateEnding": "2025-03-31"
  },
  {
    "date": "2025-02-05",
    "symbol": "MCK",
    "eps": 8.03,
    "epsEstimated": 8.6,
    "time": "amc",
    "revenue": 95294000000,
    "revenueEstimated": 96054811805,
    "updatedFromDate": "2025-05-05",
    "fiscalDateEnding": "2024-12-31"
  },
  {
    "date": "2024-11-06",
    "symbol": "MCK",
    "eps": 7.07,
    "epsEstimated": 6.88,
    "time": "amc",
    "revenue": 93651000000,
    "revenueEstimated": 89330109066,
    "updatedFromDate": "2025-04-25",
    "fiscalDateEnding": "2024-09-30"
  },
  {
    "date": "2024-08-07",
    "symbol": "MCK",
    "eps": 7.88,
    "epsEstimated": 7.21,
    "time": "amc",
    "revenue": 79283000000,
    "revenueEstimated": 82530734666,
    "updatedFromDate": "2025-04-25",
    "fiscalDateEnding": "2024-06-30"
  },
  {
    "date": "2024-05-07",
    "symbol": "MCK",
    "eps": 6.18,
    "epsEstimated": 6.34,
    "time": "amc",
    "revenue": 76355000000,
    "revenueEstimated": 79318344949,
    "updatedFromDate": "2025-04-25",
    "fiscalDateEnding": "2024-03-31"
  },
  {
    "date": "2024-02-07",
    "symbol": "MCK",
    "eps": 7.74,
    "epsEstimated": 7.04,
    "time": "amc",
    "revenue": 80898000000,
    "revenueEstimated": 77934926430,
    "updatedFromDate": "2025-04-25",
    "fiscalDateEnding": "2023-12-31"
  },
  {
    "date": "2023-11-01",
    "symbol": "MCK",
    "eps": 6.23,
    "epsEstimated": 6.15,
    "time": "amc",
    "revenue": 77215000000,
    "revenueEstimated": 75958900000,
    "updatedFromDate": "2025-04-25",
    "fiscalDateEnding": "2023-09-30"
  },
  {
    "date": "2023-08-02",
    "symbol": "MCK",
    "eps": 7.27,
    "epsEstimated": 5.87,
    "time": "amc",
    "revenue": 74483000000,
    "revenueEstimated": 70280000000,
    "updatedFromDate": "2025-04-25",
    "fiscalDateEnding": "2023-06-30"
  },
  {
    "date": "2023-05-08",
    "symbol": "MCK",
    "eps": 7.19,
    "epsEstimated": 7.17,
    "time": "amc",
    "revenue": 68910000000,
    "revenueEstimated": 68082800000,
    "updatedFromDate": "2025-04-25",
    "fiscalDateEnding": "2023-03-31"
  },
  {
    "date": "2023-02-01",
    "symbol": "MCK",
    "eps": 6.9,
    "epsEstimated": 6.35,
    "time": "amc",
    "revenue": 70490000000,
    "revenueEstimated": 71044037469,
    "updatedFromDate": "2025-04-25",
    "fiscalDateEnding": "2022-12-31"
  },
  {
    "date": "2022-11-01",
    "symbol": "MCK",
    "eps": 6.06,
    "epsEstimated": 6.09,
    "time": "amc",
    "revenue": 70157000000,
    "revenueEstimated": 70247544699,
    "updatedFromDate": "2025-04-25",
    "fiscalDateEnding": "2022-09-30"
  },
  {
    "date": "2022-08-03",
    "symbol": "MCK",
    "eps": 5.83,
    "epsEstimated": 5.28,
    "time": "amc",
    "revenue": 67154000000,
    "revenueEstimated": 64917421785,
    "updatedFromDate": "2025-04-25",
    "fiscalDateEnding": "2022-06-30"
  },
  {
    "date": "2022-05-05",
    "symbol": "MCK",
    "eps": 5.83,
    "epsEstimated": 6.06,
    "time": "amc",
    "revenue": 66102000000,
    "revenueEstimated": 63675887601,
    "updatedFromDate": "2025-04-25",
    "fiscalDateEnding": "2022-03-31"
  },
  {
    "date": "2022-02-02",
    "symbol": "MCK",
    "eps": 6.15,
    "epsEstimated": 5.38,
    "time": "amc",
    "revenue": 68614000000,
    "revenueEstimated": 66624778953,
    "updatedFromDate": "2025-04-25",
    "fiscalDateEnding": "2021-12-31"
  },
  {
    "date": "2021-11-01",
    "symbol": "MCK",
    "eps": 6.15,
    "epsEstimated": 4.67,
    "time": "amc",
    "revenue": 66576000000,
    "revenueEstimated": 63216400000,
    "updatedFromDate": "2025-04-25",
    "fiscalDateEnding": "2021-09-30"
  },
  {
    "date": "2021-08-04",
    "symbol": "MCK",
    "eps": 5.56,
    "epsEstimated": 4.09,
    "time": "amc",
    "revenue": 62674000000,
    "revenueEstimated": 62674000000,
    "updatedFromDate": "2025-04-25",
    "fiscalDateEnding": "2021-06-30"
  },
  {
    "date": "2021-05-06",
    "symbol": "MCK",
    "eps": 5.05,
    "epsEstimated": 5.04,
    "time": "amc",
    "revenue": 59142000000,
    "revenueEstimated": 59024654761,
    "updatedFromDate": "2025-04-25",
    "fiscalDateEnding": "2021-03-31"
  },
  {
    "date": "2021-02-02",
    "symbol": "MCK",
    "eps": 4.6,
    "epsEstimated": 4.13,
    "time": "bmo",
    "revenue": 62599000000,
    "revenueEstimated": 55475142857,
    "updatedFromDate": "2025-04-25",
    "fiscalDateEnding": "2020-12-31"
  },
  {
    "date": "2020-11-03",
    "symbol": "MCK",
    "eps": 4.8,
    "epsEstimated": 3.87,
    "time": "bmo",
    "revenue": 60808000000,
    "revenueEstimated": 4145941666,
    "updatedFromDate": "2025-04-25",
    "fiscalDateEnding": "2020-09-30"
  },
  {
    "date": "2020-08-03",
    "symbol": "MCK",
    "eps": 2.77,
    "epsEstimated": 2.32,
    "time": "bmo",
    "revenue": 55679000000,
    "revenueEstimated": 46633675090,
    "updatedFromDate": "2025-04-25",
    "fiscalDateEnding": "2020-06-30"
  },
  {
    "date": "2020-05-20",
    "symbol": "MCK",
    "eps": 4.27,
    "epsEstimated": 4.1,
    "time": "bmo",
    "revenue": 58535000000,
    "revenueEstimated": 56204566744,
    "updatedFromDate": "2025-04-25",
    "fiscalDateEnding": "2020-03-31"
  },
  {
    "date": "2020-02-04",
    "symbol": "MCK",
    "eps": 3.81,
    "epsEstimated": 3.54,
    "time": "bmo",
    "revenue": 59172000000,
    "revenueEstimated": 55289322834,
    "updatedFromDate": "2025-04-25",
    "fiscalDateEnding": "2019-12-31"
  },
  {
    "date": "2019-10-30",
    "symbol": "MCK",
    "eps": 3.6,
    "epsEstimated": 3.6,
    "time": "bmo",
    "revenue": 57616000000,
    "revenueEstimated": 57616000000,
    "updatedFromDate": "2025-04-25",
    "fiscalDateEnding": "2019-09-30"
  },
  {
    "date": "2019-07-31",
    "symbol": "MCK",
    "eps": 3.31,
    "epsEstimated": 3.04,
    "time": "amc",
    "revenue": 55728000000,
    "revenueEstimated": 50677123867,
    "updatedFromDate": "2025-04-25",
    "fiscalDateEnding": "2019-06-30"
  },
  {
    "date": "2019-05-08",
    "symbol": "MCK",
    "eps": 3.69,
    "epsEstimated": 3.66,
    "time": "bmo",
    "revenue": 52429000000,
    "revenueEstimated": 52002747967,
    "updatedFromDate": "2025-04-25",
    "fiscalDateEnding": "2019-03-31"
  },
  {
    "date": "2019-01-31",
    "symbol": "MCK",
    "eps": 3.4,
    "epsEstimated": 3.18,
    "time": "amc",
    "revenue": 56208000000,
    "revenueEstimated": 52240376470,
    "updatedFromDate": "2025-04-25",
    "fiscalDateEnding": "2018-12-31"
  },
  {
    "date": "2018-10-25",
    "symbol": "MCK",
    "eps": 3.6,
    "epsEstimated": 3.28,
    "time": "bmo",
    "revenue": 53075000000,
    "revenueEstimated": 48357222222,
    "updatedFromDate": "2025-04-25",
    "fiscalDateEnding": "2018-09-30"
  },
  {
    "date": "2018-07-26",
    "symbol": "MCK",
    "eps": 2.9,
    "epsEstimated": 2.89,
    "time": "bmo",
    "revenue": 52607000000,
    "revenueEstimated": 52425596551,
    "updatedFromDate": "2025-04-25",
    "fiscalDateEnding": "2018-06-30"
  },
  {
    "date": "2018-05-24",
    "symbol": "MCK",
    "eps": 3.49,
    "epsEstimated": 3.54,
    "time": "bmo",
    "revenue": 51628000000,
    "revenueEstimated": 52663518624,
    "updatedFromDate": "2025-04-25",
    "fiscalDateEnding": "2018-03-31"
  },
  {
    "date": "2018-02-01",
    "symbol": "MCK",
    "eps": 3.41,
    "epsEstimated": 2.94,
    "time": "bmo",
    "revenue": 53617000000,
    "revenueEstimated": 46226973607,
    "updatedFromDate": "2025-04-25",
    "fiscalDateEnding": "2017-12-31"
  },
  {
    "date": "2017-10-26",
    "symbol": "MCK",
    "eps": 3.28,
    "epsEstimated": 2.78,
    "time": "bmo",
    "revenue": 52061000000,
    "revenueEstimated": 44442317073,
    "updatedFromDate": "2025-04-25",
    "fiscalDateEnding": "2017-09-30"
  },
  {
    "date": "2017-07-27",
    "symbol": "MCK",
    "eps": 2.46,
    "epsEstimated": 2.81,
    "time": "bmo",
    "revenue": 51051000000,
    "revenueEstimated": 58729402439,
    "updatedFromDate": "2025-04-25",
    "fiscalDateEnding": "2017-06-30"
  },
  {
    "date": "2017-05-18",
    "symbol": "MCK",
    "eps": 3.39,
    "epsEstimated": 3.04,
    "time": "amc",
    "revenue": 48713000000,
    "revenueEstimated": 42730701754,
    "updatedFromDate": "2025-04-25",
    "fiscalDateEnding": "2017-03-31"
  },
  {
    "date": "2017-01-25",
    "symbol": "MCK",
    "eps": 3.05,
    "epsEstimated": 2.91,
    "time": "amc",
    "revenue": 50130000000,
    "revenueEstimated": 47993311475,
    "updatedFromDate": "2025-04-25",
    "fiscalDateEnding": "2016-12-31"
  },
  {
    "date": "2016-10-27",
    "symbol": "MCK",
    "eps": 2.94,
    "epsEstimated": 3.05,
    "time": "amc",
    "revenue": 49957000000,
    "revenueEstimated": 51826139455,
    "updatedFromDate": "2025-04-25",
    "fiscalDateEnding": "2016-09-30"
  },
  {
    "date": "2016-07-27",
    "symbol": "MCK",
    "eps": 3.5,
    "epsEstimated": 3.35,
    "time": "amc",
    "revenue": 49733000000,
    "revenueEstimated": 47048548295,
    "updatedFromDate": "2025-04-25",
    "fiscalDateEnding": "2016-06-30"
  }
]