[
  {
    "date": "2026-04-20",
    "symbol": "MCO",
    "eps": null,
    "epsEstimated": null,
    "time": "bmo",
    "revenue": null,
    "revenueEstimated": null,
    "updatedFromDate": "2025-10-01",
    "fiscalDateEnding": "2026-03-30"
  },
  {
    "date": "2026-02-11",
    "symbol": "MCO",
    "eps": null,
    "epsEstimated": null,
    "time": "bmo",
    "revenue": null,
    "revenueEstimated": null,
    "updatedFromDate": "2025-10-01",
    "fiscalDateEnding": "2025-12-30"
  },
  {
    "date": "2025-10-28",
    "symbol": "MCO",
    "eps": null,
    "epsEstimated": 3.44,
    "time": "bmo",
    "revenue": null,
    "revenueEstimated": null,
    "updatedFromDate": "2025-10-01",
    "fiscalDateEnding": "2025-09-30"
  },
  {
    "date": "2025-07-23",
    "symbol": "MCO",
    "eps": 3.56,
    "epsEstimated": 3.39,
    "time": "bmo",
    "revenue": 1898000000,
    "revenueEstimated": 1849075141,
    "updatedFromDate": "2025-10-01",
    "fiscalDateEnding": "2025-06-30"
  },
  {
    "date": "2025-04-22",
    "symbol": "MCO",
    "eps": 3.83,
    "epsEstimated": 3.54,
    "time": "bmo",
    "revenue": 1924000000,
    "revenueEstimated": 1875655811,
    "updatedFromDate": "2025-07-22",
    "fiscalDateEnding": "2025-03-31"
  },
  {
    "date": "2025-02-13",
    "symbol": "MCO",
    "eps": 2.62,
    "epsEstimated": 2.27,
    "time": "bmo",
    "revenue": 1672000000,
    "revenueEstimated": 1702958345,
    "updatedFromDate": "2025-05-13",
    "fiscalDateEnding": "2024-12-31"
  },
  {
    "date": "2024-10-22",
    "symbol": "MCO",
    "eps": 3.21,
    "epsEstimated": 2.86,
    "time": "bmo",
    "revenue": 1813000000,
    "revenueEstimated": 1707279855,
    "updatedFromDate": "2025-04-24",
    "fiscalDateEnding": "2024-09-30"
  },
  {
    "date": "2024-07-23",
    "symbol": "MCO",
    "eps": 3.28,
    "epsEstimated": 3.02,
    "time": "bmo",
    "revenue": 1817000000,
    "revenueEstimated": 1724977934,
    "updatedFromDate": "2025-04-24",
    "fiscalDateEnding": "2024-06-30"
  },
  {
    "date": "2024-05-02",
    "symbol": "MCO",
    "eps": 3.37,
    "epsEstimated": 3.04,
    "time": "bmo",
    "revenue": 1786000000,
    "revenueEstimated": 1697666446,
    "updatedFromDate": "2025-04-24",
    "fiscalDateEnding": "2024-03-31"
  },
  {
    "date": "2024-02-13",
    "symbol": "MCO",
    "eps": 2.19,
    "epsEstimated": 2.32,
    "time": "bmo",
    "revenue": 1480000000,
    "revenueEstimated": 1484859056,
    "updatedFromDate": "2025-04-24",
    "fiscalDateEnding": "2023-12-31"
  },
  {
    "date": "2023-10-25",
    "symbol": "MCO",
    "eps": 2.43,
    "epsEstimated": 2.3,
    "time": "bmo",
    "revenue": 1472000000,
    "revenueEstimated": 1465310000,
    "updatedFromDate": "2025-04-24",
    "fiscalDateEnding": "2023-09-30"
  },
  {
    "date": "2023-07-25",
    "symbol": "MCO",
    "eps": 2.3,
    "epsEstimated": 2.24,
    "time": "bmo",
    "revenue": 1494000000,
    "revenueEstimated": 1452010000,
    "updatedFromDate": "2025-04-24",
    "fiscalDateEnding": "2023-06-30"
  },
  {
    "date": "2023-04-25",
    "symbol": "MCO",
    "eps": 2.99,
    "epsEstimated": 2.2,
    "time": "bmo",
    "revenue": 1470000000,
    "revenueEstimated": 1408740000,
    "updatedFromDate": "2025-04-24",
    "fiscalDateEnding": "2023-03-31"
  },
  {
    "date": "2023-01-31",
    "symbol": "MCO",
    "eps": 1.6,
    "epsEstimated": 1.44,
    "time": "bmo",
    "revenue": 1290000000,
    "revenueEstimated": 1255746229,
    "updatedFromDate": "2025-04-24",
    "fiscalDateEnding": "2022-12-31"
  },
  {
    "date": "2022-10-25",
    "symbol": "MCO",
    "eps": 1.85,
    "epsEstimated": 2.06,
    "time": "bmo",
    "revenue": 1275000000,
    "revenueEstimated": 1344710009,
    "updatedFromDate": "2025-04-24",
    "fiscalDateEnding": "2022-09-30"
  },
  {
    "date": "2022-07-26",
    "symbol": "MCO",
    "eps": 2.22,
    "epsEstimated": 2.3,
    "time": "bmo",
    "revenue": 1381000000,
    "revenueEstimated": 1415706714,
    "updatedFromDate": "2025-04-24",
    "fiscalDateEnding": "2022-06-30"
  },
  {
    "date": "2022-05-02",
    "symbol": "MCO",
    "eps": 2.89,
    "epsEstimated": 2.9,
    "time": "bmo",
    "revenue": 1522000000,
    "revenueEstimated": 1509464037,
    "updatedFromDate": "2025-04-24",
    "fiscalDateEnding": "2022-03-31"
  },
  {
    "date": "2022-02-10",
    "symbol": "MCO",
    "eps": 2.33,
    "epsEstimated": 2.39,
    "time": "bmo",
    "revenue": 1539000000,
    "revenueEstimated": 1505085089,
    "updatedFromDate": "2025-04-24",
    "fiscalDateEnding": "2021-12-31"
  },
  {
    "date": "2021-10-28",
    "symbol": "MCO",
    "eps": 2.69,
    "epsEstimated": 2.54,
    "time": "bmo",
    "revenue": 1526000000,
    "revenueEstimated": 1407960000,
    "updatedFromDate": "2025-04-24",
    "fiscalDateEnding": "2021-09-30"
  },
  {
    "date": "2021-07-28",
    "symbol": "MCO",
    "eps": 3.22,
    "epsEstimated": 2.78,
    "time": "bmo",
    "revenue": 1553000000,
    "revenueEstimated": 1407370000,
    "updatedFromDate": "2025-04-24",
    "fiscalDateEnding": "2021-06-30"
  },
  {
    "date": "2021-04-28",
    "symbol": "MCO",
    "eps": 4.06,
    "epsEstimated": 2.82,
    "time": "bmo",
    "revenue": 1600000000,
    "revenueEstimated": 1360760000,
    "updatedFromDate": "2025-04-24",
    "fiscalDateEnding": "2021-03-31"
  },
  {
    "date": "2021-02-12",
    "symbol": "MCO",
    "eps": 1.91,
    "epsEstimated": 1.97,
    "time": "bmo",
    "revenue": 1290000000,
    "revenueEstimated": 1219480000,
    "updatedFromDate": "2025-04-24",
    "fiscalDateEnding": "2020-12-31"
  },
  {
    "date": "2020-10-29",
    "symbol": "MCO",
    "eps": 2.69,
    "epsEstimated": 2.1,
    "time": "bmo",
    "revenue": 1356000000,
    "revenueEstimated": 3185910780,
    "updatedFromDate": "2025-04-24",
    "fiscalDateEnding": "2020-09-30"
  },
  {
    "date": "2020-07-30",
    "symbol": "MCO",
    "eps": 2.81,
    "epsEstimated": 2.23,
    "time": "bmo",
    "revenue": 1435000000,
    "revenueEstimated": 1143914590,
    "updatedFromDate": "2025-04-24",
    "fiscalDateEnding": "2020-06-30"
  },
  {
    "date": "2020-04-30",
    "symbol": "MCO",
    "eps": 2.73,
    "epsEstimated": 2.22,
    "time": "bmo",
    "revenue": 1290000000,
    "revenueEstimated": 1049010989,
    "updatedFromDate": "2025-04-24",
    "fiscalDateEnding": "2020-03-31"
  },
  {
    "date": "2020-02-12",
    "symbol": "MCO",
    "eps": 2,
    "epsEstimated": 1.93,
    "time": "bmo",
    "revenue": 1233000000,
    "revenueEstimated": 1195816000,
    "updatedFromDate": "2025-04-24",
    "fiscalDateEnding": "2019-12-31"
  },
  {
    "date": "2019-10-30",
    "symbol": "MCO",
    "eps": 2.15,
    "epsEstimated": 2,
    "time": "bmo",
    "revenue": 1240500000,
    "revenueEstimated": 1153953488,
    "updatedFromDate": "2025-04-24",
    "fiscalDateEnding": "2019-09-30"
  },
  {
    "date": "2019-07-31",
    "symbol": "MCO",
    "eps": 2.07,
    "epsEstimated": 2,
    "time": "bmo",
    "revenue": 1213600000,
    "revenueEstimated": 1172560386,
    "updatedFromDate": "2025-04-24",
    "fiscalDateEnding": "2019-06-30"
  },
  {
    "date": "2019-04-24",
    "symbol": "MCO",
    "eps": 2.07,
    "epsEstimated": 1.93,
    "time": "bmo",
    "revenue": 1142100000,
    "revenueEstimated": 1064856521,
    "updatedFromDate": "2025-04-24",
    "fiscalDateEnding": "2019-03-31"
  },
  {
    "date": "2019-02-15",
    "symbol": "MCO",
    "eps": 1.63,
    "epsEstimated": 1.67,
    "time": "bmo",
    "revenue": 1060100000,
    "revenueEstimated": 1086114723,
    "updatedFromDate": "2025-04-24",
    "fiscalDateEnding": "2018-12-31"
  },
  {
    "date": "2018-10-26",
    "symbol": "MCO",
    "eps": 1.69,
    "epsEstimated": 1.78,
    "time": "bmo",
    "revenue": 1080800000,
    "revenueEstimated": 1138357396,
    "updatedFromDate": "2025-04-24",
    "fiscalDateEnding": "2018-09-30"
  },
  {
    "date": "2018-07-27",
    "symbol": "MCO",
    "eps": 2.04,
    "epsEstimated": 1.89,
    "time": "bmo",
    "revenue": 1175100000,
    "revenueEstimated": 1088695588,
    "updatedFromDate": "2025-04-24",
    "fiscalDateEnding": "2018-06-30"
  },
  {
    "date": "2018-04-27",
    "symbol": "MCO",
    "eps": 2.02,
    "epsEstimated": 1.8,
    "time": "bmo",
    "revenue": 1126700000,
    "revenueEstimated": 1003990099,
    "updatedFromDate": "2025-04-24",
    "fiscalDateEnding": "2018-03-31"
  },
  {
    "date": "2018-02-09",
    "symbol": "MCO",
    "eps": 1.51,
    "epsEstimated": 1.45,
    "time": "bmo",
    "revenue": 1165500000,
    "revenueEstimated": 1119188741,
    "updatedFromDate": "2025-04-24",
    "fiscalDateEnding": "2017-12-31"
  },
  {
    "date": "2017-11-03",
    "symbol": "MCO",
    "eps": 1.52,
    "epsEstimated": 1.4,
    "time": "bmo",
    "revenue": 1062900000,
    "revenueEstimated": 978986842,
    "updatedFromDate": "2025-04-24",
    "fiscalDateEnding": "2017-09-30"
  },
  {
    "date": "2017-07-21",
    "symbol": "MCO",
    "eps": 1.51,
    "epsEstimated": 1.34,
    "time": "bmo",
    "revenue": 1000500000,
    "revenueEstimated": 887860927,
    "updatedFromDate": "2025-04-24",
    "fiscalDateEnding": "2017-06-30"
  },
  {
    "date": "2017-05-05",
    "symbol": "MCO",
    "eps": 1.47,
    "epsEstimated": 1.24,
    "time": "bmo",
    "revenue": 975200000,
    "revenueEstimated": 822617687,
    "updatedFromDate": "2025-04-24",
    "fiscalDateEnding": "2017-03-31"
  },
  {
    "date": "2017-02-17",
    "symbol": "MCO",
    "eps": 1.23,
    "epsEstimated": 1.12,
    "time": "bmo",
    "revenue": 942100000,
    "revenueEstimated": 949759349,
    "updatedFromDate": "2025-04-24",
    "fiscalDateEnding": "2016-12-31"
  },
  {
    "date": "2016-10-21",
    "symbol": "MCO",
    "eps": 1.34,
    "epsEstimated": 1.2,
    "time": "bmo",
    "revenue": 917100000,
    "revenueEstimated": 821283582,
    "updatedFromDate": "2025-04-24",
    "fiscalDateEnding": "2016-09-30"
  },
  {
    "date": "2016-07-22",
    "symbol": "MCO",
    "eps": 1.3,
    "epsEstimated": 1.27,
    "time": "bmo",
    "revenue": 928900000,
    "revenueEstimated": 907463846,
    "updatedFromDate": "2025-04-24",
    "fiscalDateEnding": "2016-06-30"
  }
]