[
  {
    "date": "2026-04-27",
    "symbol": "MDLZ",
    "eps": null,
    "epsEstimated": null,
    "time": "amc",
    "revenue": null,
    "revenueEstimated": null,
    "updatedFromDate": "2025-10-02",
    "fiscalDateEnding": "2026-03-30"
  },
  {
    "date": "2026-02-02",
    "symbol": "MDLZ",
    "eps": null,
    "epsEstimated": null,
    "time": "amc",
    "revenue": null,
    "revenueEstimated": null,
    "updatedFromDate": "2025-10-02",
    "fiscalDateEnding": "2025-12-30"
  },
  {
    "date": "2025-11-04",
    "symbol": "MDLZ",
    "eps": null,
    "epsEstimated": 0.74,
    "time": "bmo",
    "revenue": null,
    "revenueEstimated": 9755095360,
    "updatedFromDate": "2025-10-02",
    "fiscalDateEnding": "2025-09-30"
  },
  {
    "date": "2025-07-29",
    "symbol": "MDLZ",
    "eps": 0.73,
    "epsEstimated": 0.677,
    "time": "amc",
    "revenue": 8984000000,
    "revenueEstimated": 8857000000,
    "updatedFromDate": "2025-10-02",
    "fiscalDateEnding": "2025-06-30"
  },
  {
    "date": "2025-04-29",
    "symbol": "MDLZ",
    "eps": 0.74,
    "epsEstimated": 0.654,
    "time": "amc",
    "revenue": 9313000000,
    "revenueEstimated": 9313604753,
    "updatedFromDate": "2025-07-28",
    "fiscalDateEnding": "2025-03-31"
  },
  {
    "date": "2025-02-04",
    "symbol": "MDLZ",
    "eps": 0.65,
    "epsEstimated": 0.658,
    "time": "amc",
    "revenue": 9604000000,
    "revenueEstimated": 9640503567,
    "updatedFromDate": "2025-05-04",
    "fiscalDateEnding": "2024-12-31"
  },
  {
    "date": "2024-10-29",
    "symbol": "MDLZ",
    "eps": 0.99,
    "epsEstimated": 0.85,
    "time": "amc",
    "revenue": 9204000000,
    "revenueEstimated": 9114076124,
    "updatedFromDate": "2025-04-25",
    "fiscalDateEnding": "2024-09-30"
  },
  {
    "date": "2024-07-30",
    "symbol": "MDLZ",
    "eps": 0.86,
    "epsEstimated": 0.787,
    "time": "amc",
    "revenue": 8343000000,
    "revenueEstimated": 8447894910,
    "updatedFromDate": "2025-04-25",
    "fiscalDateEnding": "2024-06-30"
  },
  {
    "date": "2024-04-30",
    "symbol": "MDLZ",
    "eps": 0.95,
    "epsEstimated": 0.89,
    "time": "amc",
    "revenue": 9290000000,
    "revenueEstimated": 9162812382,
    "updatedFromDate": "2025-04-25",
    "fiscalDateEnding": "2024-03-31"
  },
  {
    "date": "2024-01-30",
    "symbol": "MDLZ",
    "eps": 0.84,
    "epsEstimated": 0.78,
    "time": "amc",
    "revenue": 9314000000,
    "revenueEstimated": 9303200000,
    "updatedFromDate": "2025-04-25",
    "fiscalDateEnding": "2023-12-31"
  },
  {
    "date": "2023-11-01",
    "symbol": "MDLZ",
    "eps": 0.82,
    "epsEstimated": 0.79,
    "time": "amc",
    "revenue": 9029000000,
    "revenueEstimated": 8837810000,
    "updatedFromDate": "2025-04-25",
    "fiscalDateEnding": "2023-09-30"
  },
  {
    "date": "2023-07-27",
    "symbol": "MDLZ",
    "eps": 0.76,
    "epsEstimated": 0.69,
    "time": "amc",
    "revenue": 8507000000,
    "revenueEstimated": 7822040000,
    "updatedFromDate": "2025-04-25",
    "fiscalDateEnding": "2023-06-30"
  },
  {
    "date": "2023-04-27",
    "symbol": "MDLZ",
    "eps": 0.89,
    "epsEstimated": 0.8,
    "time": "amc",
    "revenue": 9166000000,
    "revenueEstimated": 8486150000,
    "updatedFromDate": "2025-04-25",
    "fiscalDateEnding": "2023-03-31"
  },
  {
    "date": "2023-01-31",
    "symbol": "MDLZ",
    "eps": 0.73,
    "epsEstimated": 0.71,
    "time": "amc",
    "revenue": 8695000000,
    "revenueEstimated": 8330352961,
    "updatedFromDate": "2025-04-25",
    "fiscalDateEnding": "2022-12-31"
  },
  {
    "date": "2022-11-01",
    "symbol": "MDLZ",
    "eps": 0.74,
    "epsEstimated": 0.68,
    "time": "amc",
    "revenue": 7763000000,
    "revenueEstimated": 7441178406,
    "updatedFromDate": "2025-04-25",
    "fiscalDateEnding": "2022-09-30"
  },
  {
    "date": "2022-07-26",
    "symbol": "MDLZ",
    "eps": 0.67,
    "epsEstimated": 0.64,
    "time": "amc",
    "revenue": 7274000000,
    "revenueEstimated": 6817861967,
    "updatedFromDate": "2025-04-25",
    "fiscalDateEnding": "2022-06-30"
  },
  {
    "date": "2022-04-26",
    "symbol": "MDLZ",
    "eps": 0.84,
    "epsEstimated": 0.74,
    "time": "amc",
    "revenue": 7764000000,
    "revenueEstimated": 7476368206,
    "updatedFromDate": "2025-04-25",
    "fiscalDateEnding": "2022-03-31"
  },
  {
    "date": "2022-01-27",
    "symbol": "MDLZ",
    "eps": 0.72,
    "epsEstimated": 0.72,
    "time": "amc",
    "revenue": 7658000000,
    "revenueEstimated": 7584870143,
    "updatedFromDate": "2025-04-25",
    "fiscalDateEnding": "2021-12-31"
  },
  {
    "date": "2021-11-02",
    "symbol": "MDLZ",
    "eps": 0.7,
    "epsEstimated": 0.7,
    "time": "amc",
    "revenue": 7182000000,
    "revenueEstimated": 7014640000,
    "updatedFromDate": "2025-04-25",
    "fiscalDateEnding": "2021-09-30"
  },
  {
    "date": "2021-07-27",
    "symbol": "MDLZ",
    "eps": 0.66,
    "epsEstimated": 0.65,
    "time": "amc",
    "revenue": 6642000000,
    "revenueEstimated": 7022070000,
    "updatedFromDate": "2025-04-25",
    "fiscalDateEnding": "2021-06-30"
  },
  {
    "date": "2021-04-27",
    "symbol": "MDLZ",
    "eps": 0.77,
    "epsEstimated": 0.69,
    "time": "amc",
    "revenue": 7238000000,
    "revenueEstimated": 7010790000,
    "updatedFromDate": "2025-04-25",
    "fiscalDateEnding": "2021-03-31"
  },
  {
    "date": "2021-01-28",
    "symbol": "MDLZ",
    "eps": 0.67,
    "epsEstimated": 0.66,
    "time": "amc",
    "revenue": 7298000000,
    "revenueEstimated": 7144060000,
    "updatedFromDate": "2025-04-25",
    "fiscalDateEnding": "2020-12-31"
  },
  {
    "date": "2020-11-02",
    "symbol": "MDLZ",
    "eps": 0.63,
    "epsEstimated": 0.62,
    "time": "amc",
    "revenue": 6665000000,
    "revenueEstimated": 6559206349,
    "updatedFromDate": "2025-04-25",
    "fiscalDateEnding": "2020-09-30"
  },
  {
    "date": "2020-07-28",
    "symbol": "MDLZ",
    "eps": 0.63,
    "epsEstimated": 0.56,
    "time": "amc",
    "revenue": 5911000000,
    "revenueEstimated": 5254222222,
    "updatedFromDate": "2025-04-25",
    "fiscalDateEnding": "2020-06-30"
  },
  {
    "date": "2020-04-28",
    "symbol": "MDLZ",
    "eps": 0.69,
    "epsEstimated": 0.65,
    "time": "amc",
    "revenue": 6707000000,
    "revenueEstimated": 6415391304,
    "updatedFromDate": "2025-04-25",
    "fiscalDateEnding": "2020-03-31"
  },
  {
    "date": "2020-01-29",
    "symbol": "MDLZ",
    "eps": 0.61,
    "epsEstimated": 0.6,
    "time": "amc",
    "revenue": 6913000000,
    "revenueEstimated": 6799672131,
    "updatedFromDate": "2025-04-25",
    "fiscalDateEnding": "2019-12-31"
  },
  {
    "date": "2019-10-29",
    "symbol": "MDLZ",
    "eps": 0.64,
    "epsEstimated": 0.61,
    "time": "amc",
    "revenue": 6355000000,
    "revenueEstimated": 6057109375,
    "updatedFromDate": "2025-04-25",
    "fiscalDateEnding": "2019-09-30"
  },
  {
    "date": "2019-07-30",
    "symbol": "MDLZ",
    "eps": 0.57,
    "epsEstimated": 0.57,
    "time": "amc",
    "revenue": 6062000000,
    "revenueEstimated": 6062000000,
    "updatedFromDate": "2025-04-25",
    "fiscalDateEnding": "2019-06-30"
  },
  {
    "date": "2019-04-30",
    "symbol": "MDLZ",
    "eps": 0.65,
    "epsEstimated": 0.61,
    "time": "amc",
    "revenue": 6538000000,
    "revenueEstimated": 6135661538,
    "updatedFromDate": "2025-04-25",
    "fiscalDateEnding": "2019-03-31"
  },
  {
    "date": "2019-01-30",
    "symbol": "MDLZ",
    "eps": 0.63,
    "epsEstimated": 0.63,
    "time": "amc",
    "revenue": 6773000000,
    "revenueEstimated": 6773000000,
    "updatedFromDate": "2025-04-25",
    "fiscalDateEnding": "2018-12-31"
  },
  {
    "date": "2018-10-29",
    "symbol": "MDLZ",
    "eps": 0.62,
    "epsEstimated": 0.61,
    "time": "amc",
    "revenue": 6288000000,
    "revenueEstimated": 6186580645,
    "updatedFromDate": "2025-04-25",
    "fiscalDateEnding": "2018-09-30"
  },
  {
    "date": "2018-07-25",
    "symbol": "MDLZ",
    "eps": 0.56,
    "epsEstimated": 0.54,
    "time": "amc",
    "revenue": 6112000000,
    "revenueEstimated": 5893714285,
    "updatedFromDate": "2025-04-25",
    "fiscalDateEnding": "2018-06-30"
  },
  {
    "date": "2018-05-01",
    "symbol": "MDLZ",
    "eps": 0.62,
    "epsEstimated": 0.61,
    "time": "amc",
    "revenue": 6765000000,
    "revenueEstimated": 6655887096,
    "updatedFromDate": "2025-04-25",
    "fiscalDateEnding": "2018-03-31"
  },
  {
    "date": "2018-01-31",
    "symbol": "MDLZ",
    "eps": 0.57,
    "epsEstimated": 0.56,
    "time": "amc",
    "revenue": 6966000000,
    "revenueEstimated": 6843789473,
    "updatedFromDate": "2025-04-25",
    "fiscalDateEnding": "2017-12-31"
  },
  {
    "date": "2017-10-30",
    "symbol": "MDLZ",
    "eps": 0.57,
    "epsEstimated": 0.54,
    "time": "amc",
    "revenue": 6530000000,
    "revenueEstimated": 6186315789,
    "updatedFromDate": "2025-04-25",
    "fiscalDateEnding": "2017-09-30"
  },
  {
    "date": "2017-08-02",
    "symbol": "MDLZ",
    "eps": 0.48,
    "epsEstimated": 0.46,
    "time": "bmo",
    "revenue": 5986000000,
    "revenueEstimated": 5736583333,
    "updatedFromDate": "2025-04-25",
    "fiscalDateEnding": "2017-06-30"
  },
  {
    "date": "2017-05-02",
    "symbol": "MDLZ",
    "eps": 0.53,
    "epsEstimated": 0.5,
    "time": "amc",
    "revenue": 6414000000,
    "revenueEstimated": 6050943396,
    "updatedFromDate": "2025-04-25",
    "fiscalDateEnding": "2017-03-31"
  },
  {
    "date": "2017-02-07",
    "symbol": "MDLZ",
    "eps": 0.47,
    "epsEstimated": 0.49,
    "time": "amc",
    "revenue": 6770000000,
    "revenueEstimated": 6914042553,
    "updatedFromDate": "2025-04-25",
    "fiscalDateEnding": "2016-12-31"
  },
  {
    "date": "2016-10-26",
    "symbol": "MDLZ",
    "eps": 0.52,
    "epsEstimated": 0.43,
    "time": "bmo",
    "revenue": 6396000000,
    "revenueEstimated": 5289000000,
    "updatedFromDate": "2025-04-25",
    "fiscalDateEnding": "2016-09-30"
  },
  {
    "date": "2016-07-27",
    "symbol": "MDLZ",
    "eps": 0.44,
    "epsEstimated": 0.4,
    "time": "bmo",
    "revenue": 6302000000,
    "revenueEstimated": 5729090909,
    "updatedFromDate": "2025-04-25",
    "fiscalDateEnding": "2016-06-30"
  }
]