[
  {
    "date": "2026-05-20",
    "symbol": "MDT",
    "eps": null,
    "epsEstimated": null,
    "time": "bmo",
    "revenue": null,
    "revenueEstimated": null,
    "updatedFromDate": "2025-10-02",
    "fiscalDateEnding": "2026-04-25"
  },
  {
    "date": "2026-02-17",
    "symbol": "MDT",
    "eps": null,
    "epsEstimated": null,
    "time": "bmo",
    "revenue": null,
    "revenueEstimated": null,
    "updatedFromDate": "2025-10-02",
    "fiscalDateEnding": "2026-01-25"
  },
  {
    "date": "2025-11-18",
    "symbol": "MDT",
    "eps": null,
    "epsEstimated": 1.31,
    "time": "bmo",
    "revenue": null,
    "revenueEstimated": 8855805630,
    "updatedFromDate": "2025-10-02",
    "fiscalDateEnding": "2025-10-25"
  },
  {
    "date": "2025-08-19",
    "symbol": "MDT",
    "eps": 1.26,
    "epsEstimated": 1.23,
    "time": "bmo",
    "revenue": 8578000000,
    "revenueEstimated": 8378552487,
    "updatedFromDate": "2025-10-02",
    "fiscalDateEnding": "2025-07-25"
  },
  {
    "date": "2025-05-21",
    "symbol": "MDT",
    "eps": 1.62,
    "epsEstimated": 1.58,
    "time": "bmo",
    "revenue": 8927000000,
    "revenueEstimated": 8818635389,
    "updatedFromDate": "2025-08-20",
    "fiscalDateEnding": "2025-04-25"
  },
  {
    "date": "2025-02-18",
    "symbol": "MDT",
    "eps": 1.39,
    "epsEstimated": 1.36,
    "time": "bmo",
    "revenue": 8292000000,
    "revenueEstimated": 8327352632,
    "updatedFromDate": "2025-05-18",
    "fiscalDateEnding": "2025-01-24"
  },
  {
    "date": "2024-11-19",
    "symbol": "MDT",
    "eps": 1.26,
    "epsEstimated": 1.25,
    "time": "bmo",
    "revenue": 8403000000,
    "revenueEstimated": 8274681080,
    "updatedFromDate": "2025-04-25",
    "fiscalDateEnding": "2024-10-25"
  },
  {
    "date": "2024-08-20",
    "symbol": "MDT",
    "eps": 1.23,
    "epsEstimated": 1.2,
    "time": "bmo",
    "revenue": 7915000000,
    "revenueEstimated": 7898594004,
    "updatedFromDate": "2025-04-25",
    "fiscalDateEnding": "2024-07-26"
  },
  {
    "date": "2024-05-23",
    "symbol": "MDT",
    "eps": 1.46,
    "epsEstimated": 1.45,
    "time": "bmo",
    "revenue": 8589000000,
    "revenueEstimated": 8450472113,
    "updatedFromDate": "2025-04-25",
    "fiscalDateEnding": "2024-04-26"
  },
  {
    "date": "2024-02-20",
    "symbol": "MDT",
    "eps": 1.3,
    "epsEstimated": 1.26,
    "time": "bmo",
    "revenue": 8089000000,
    "revenueEstimated": 7952964492,
    "updatedFromDate": "2025-04-25",
    "fiscalDateEnding": "2024-01-26"
  },
  {
    "date": "2023-11-21",
    "symbol": "MDT",
    "eps": 1.25,
    "epsEstimated": 1.18,
    "time": "bmo",
    "revenue": 7984000000,
    "revenueEstimated": 7926444387,
    "updatedFromDate": "2025-04-25",
    "fiscalDateEnding": "2023-10-27"
  },
  {
    "date": "2023-08-22",
    "symbol": "MDT",
    "eps": 1.2,
    "epsEstimated": 1.11,
    "time": "bmo",
    "revenue": 7702000000,
    "revenueEstimated": 7566760000,
    "updatedFromDate": "2025-04-25",
    "fiscalDateEnding": "2023-07-28"
  },
  {
    "date": "2023-05-25",
    "symbol": "MDT",
    "eps": 1.57,
    "epsEstimated": 1.56,
    "time": "bmo",
    "revenue": 8544000000,
    "revenueEstimated": 8249730000,
    "updatedFromDate": "2025-04-25",
    "fiscalDateEnding": "2023-04-28"
  },
  {
    "date": "2023-02-21",
    "symbol": "MDT",
    "eps": 1.3,
    "epsEstimated": 1.26,
    "time": "bmo",
    "revenue": 7727000000,
    "revenueEstimated": 7538849543,
    "updatedFromDate": "2025-04-25",
    "fiscalDateEnding": "2023-01-27"
  },
  {
    "date": "2022-11-22",
    "symbol": "MDT",
    "eps": 1.3,
    "epsEstimated": 1.28,
    "time": "bmo",
    "revenue": 7585000000,
    "revenueEstimated": 7698451236,
    "updatedFromDate": "2025-04-25",
    "fiscalDateEnding": "2022-10-28"
  },
  {
    "date": "2022-08-23",
    "symbol": "MDT",
    "eps": 1.13,
    "epsEstimated": 1.12,
    "time": "bmo",
    "revenue": 7371000000,
    "revenueEstimated": 7216863740,
    "updatedFromDate": "2025-04-25",
    "fiscalDateEnding": "2022-07-29"
  },
  {
    "date": "2022-05-26",
    "symbol": "MDT",
    "eps": 1.52,
    "epsEstimated": 1.56,
    "time": "bmo",
    "revenue": 8089000000,
    "revenueEstimated": 8428894628,
    "updatedFromDate": "2025-04-25",
    "fiscalDateEnding": "2022-04-29"
  },
  {
    "date": "2022-02-22",
    "symbol": "MDT",
    "eps": 1.37,
    "epsEstimated": 1.36,
    "time": "bmo",
    "revenue": 7763000000,
    "revenueEstimated": 7881263878,
    "updatedFromDate": "2025-04-25",
    "fiscalDateEnding": "2022-01-28"
  },
  {
    "date": "2021-11-23",
    "symbol": "MDT",
    "eps": 1.32,
    "epsEstimated": 1.29,
    "time": "bmo",
    "revenue": 7847000000,
    "revenueEstimated": 7965500000,
    "updatedFromDate": "2025-04-25",
    "fiscalDateEnding": "2021-10-29"
  },
  {
    "date": "2021-08-24",
    "symbol": "MDT",
    "eps": 1.41,
    "epsEstimated": 1.32,
    "time": "bmo",
    "revenue": 7987000000,
    "revenueEstimated": 7984590000,
    "updatedFromDate": "2025-04-25",
    "fiscalDateEnding": "2021-07-30"
  },
  {
    "date": "2021-05-27",
    "symbol": "MDT",
    "eps": 1.5,
    "epsEstimated": 1.42,
    "time": "bmo",
    "revenue": 8188000000,
    "revenueEstimated": 7726704225,
    "updatedFromDate": "2025-04-25",
    "fiscalDateEnding": "2021-04-30"
  },
  {
    "date": "2021-02-23",
    "symbol": "MDT",
    "eps": 1.29,
    "epsEstimated": 1.15,
    "time": "bmo",
    "revenue": 7775000000,
    "revenueEstimated": 6828478260,
    "updatedFromDate": "2025-04-25",
    "fiscalDateEnding": "2021-01-29"
  },
  {
    "date": "2020-11-24",
    "symbol": "MDT",
    "eps": 1.02,
    "epsEstimated": 0.78,
    "time": "bmo",
    "revenue": 7647000000,
    "revenueEstimated": 5544075000,
    "updatedFromDate": "2025-04-25",
    "fiscalDateEnding": "2020-10-30"
  },
  {
    "date": "2020-08-25",
    "symbol": "MDT",
    "eps": 0.62,
    "epsEstimated": 0.21,
    "time": "bmo",
    "revenue": 6507000000,
    "revenueEstimated": 1889129032,
    "updatedFromDate": "2025-04-25",
    "fiscalDateEnding": "2020-07-31"
  },
  {
    "date": "2020-05-21",
    "symbol": "MDT",
    "eps": 0.58,
    "epsEstimated": 0.68,
    "time": "bmo",
    "revenue": 5998000000,
    "revenueEstimated": 7030965517,
    "updatedFromDate": "2025-04-25",
    "fiscalDateEnding": "2020-04-24"
  },
  {
    "date": "2020-02-18",
    "symbol": "MDT",
    "eps": 1.44,
    "epsEstimated": 1.38,
    "time": "bmo",
    "revenue": 7717000000,
    "revenueEstimated": 7395458333,
    "updatedFromDate": "2025-04-25",
    "fiscalDateEnding": "2020-01-24"
  },
  {
    "date": "2019-11-19",
    "symbol": "MDT",
    "eps": 1.31,
    "epsEstimated": 1.28,
    "time": "bmo",
    "revenue": 7706000000,
    "revenueEstimated": 7529526717,
    "updatedFromDate": "2025-04-25",
    "fiscalDateEnding": "2019-10-25"
  },
  {
    "date": "2019-08-20",
    "symbol": "MDT",
    "eps": 1.26,
    "epsEstimated": 1.18,
    "time": "bmo",
    "revenue": 7493000000,
    "revenueEstimated": 7017253968,
    "updatedFromDate": "2025-04-25",
    "fiscalDateEnding": "2019-07-26"
  },
  {
    "date": "2019-05-23",
    "symbol": "MDT",
    "eps": 1.54,
    "epsEstimated": 1.46,
    "time": "bmo",
    "revenue": 8146000000,
    "revenueEstimated": 7775727272,
    "updatedFromDate": "2025-04-25",
    "fiscalDateEnding": "2019-04-26"
  },
  {
    "date": "2019-02-19",
    "symbol": "MDT",
    "eps": 1.29,
    "epsEstimated": 1.24,
    "time": "bmo",
    "revenue": 7546000000,
    "revenueEstimated": 7253519379,
    "updatedFromDate": "2025-04-25",
    "fiscalDateEnding": "2019-01-25"
  },
  {
    "date": "2018-11-20",
    "symbol": "MDT",
    "eps": 1.22,
    "epsEstimated": 1.14,
    "time": "bmo",
    "revenue": 7481000000,
    "revenueEstimated": 7051762295,
    "updatedFromDate": "2025-04-25",
    "fiscalDateEnding": "2018-10-26"
  },
  {
    "date": "2018-08-21",
    "symbol": "MDT",
    "eps": 1.17,
    "epsEstimated": 1.11,
    "time": "bmo",
    "revenue": 7384000000,
    "revenueEstimated": 7005333333,
    "updatedFromDate": "2025-04-25",
    "fiscalDateEnding": "2018-07-27"
  },
  {
    "date": "2018-05-24",
    "symbol": "MDT",
    "eps": 1.42,
    "epsEstimated": 1.38,
    "time": "bmo",
    "revenue": 8144000000,
    "revenueEstimated": 7971943661,
    "updatedFromDate": "2025-04-25",
    "fiscalDateEnding": "2018-04-27"
  },
  {
    "date": "2018-02-20",
    "symbol": "MDT",
    "eps": 1.17,
    "epsEstimated": 1.16,
    "time": "bmo",
    "revenue": 7369000000,
    "revenueEstimated": 7369000000,
    "updatedFromDate": "2025-04-25",
    "fiscalDateEnding": "2018-01-26"
  },
  {
    "date": "2017-11-21",
    "symbol": "MDT",
    "eps": 1.07,
    "epsEstimated": 0.98,
    "time": "bmo",
    "revenue": 7050000000,
    "revenueEstimated": 6457009345,
    "updatedFromDate": "2025-04-25",
    "fiscalDateEnding": "2017-10-27"
  },
  {
    "date": "2017-08-22",
    "symbol": "MDT",
    "eps": 1.12,
    "epsEstimated": 1.08,
    "time": "bmo",
    "revenue": 7390000000,
    "revenueEstimated": 7126071428,
    "updatedFromDate": "2025-04-25",
    "fiscalDateEnding": "2017-07-28"
  },
  {
    "date": "2017-05-25",
    "symbol": "MDT",
    "eps": 1.33,
    "epsEstimated": 1.31,
    "time": "bmo",
    "revenue": 7916000000,
    "revenueEstimated": 7796962406,
    "updatedFromDate": "2025-04-25",
    "fiscalDateEnding": "2017-04-28"
  },
  {
    "date": "2017-02-21",
    "symbol": "MDT",
    "eps": 1.12,
    "epsEstimated": 1.11,
    "time": "bmo",
    "revenue": 7283000000,
    "revenueEstimated": 7217973214,
    "updatedFromDate": "2025-04-25",
    "fiscalDateEnding": "2017-01-27"
  },
  {
    "date": "2016-11-22",
    "symbol": "MDT",
    "eps": 1.12,
    "epsEstimated": 1.11,
    "time": "bmo",
    "revenue": 7345000000,
    "revenueEstimated": 7279419642,
    "updatedFromDate": "2025-04-25",
    "fiscalDateEnding": "2016-10-28"
  },
  {
    "date": "2016-08-25",
    "symbol": "MDT",
    "eps": 1.03,
    "epsEstimated": 1.01,
    "time": "bmo",
    "revenue": 7166000000,
    "revenueEstimated": 7026854368,
    "updatedFromDate": "2025-04-25",
    "fiscalDateEnding": "2016-07-29"
  }
]