[
  {
    "date": "2026-04-28",
    "symbol": "MET",
    "eps": null,
    "epsEstimated": null,
    "time": "amc",
    "revenue": null,
    "revenueEstimated": null,
    "updatedFromDate": "2025-10-02",
    "fiscalDateEnding": "2026-03-30"
  },
  {
    "date": "2026-02-03",
    "symbol": "MET",
    "eps": null,
    "epsEstimated": null,
    "time": "amc",
    "revenue": null,
    "revenueEstimated": null,
    "updatedFromDate": "2025-10-02",
    "fiscalDateEnding": "2025-12-30"
  },
  {
    "date": "2025-10-29",
    "symbol": "MET",
    "eps": null,
    "epsEstimated": 2.3,
    "time": "bmo",
    "revenue": null,
    "revenueEstimated": null,
    "updatedFromDate": "2025-10-02",
    "fiscalDateEnding": "2025-09-30"
  },
  {
    "date": "2025-08-06",
    "symbol": "MET",
    "eps": 2.02,
    "epsEstimated": 2.15,
    "time": "amc",
    "revenue": 17340000000,
    "revenueEstimated": 18534800320,
    "updatedFromDate": "2025-10-02",
    "fiscalDateEnding": "2025-06-30"
  },
  {
    "date": "2025-04-30",
    "symbol": "MET",
    "eps": 1.96,
    "epsEstimated": 2,
    "time": "amc",
    "revenue": 18284000000,
    "revenueEstimated": 18372777473,
    "updatedFromDate": "2025-07-30",
    "fiscalDateEnding": "2025-03-31"
  },
  {
    "date": "2025-02-05",
    "symbol": "MET",
    "eps": 2.08,
    "epsEstimated": 2.11,
    "time": "amc",
    "revenue": 18376000000,
    "revenueEstimated": 19504102560,
    "updatedFromDate": "2025-05-05",
    "fiscalDateEnding": "2024-12-31"
  },
  {
    "date": "2024-10-30",
    "symbol": "MET",
    "eps": 1.95,
    "epsEstimated": 2.17,
    "time": "amc",
    "revenue": 18440000000,
    "revenueEstimated": 18656945716,
    "updatedFromDate": "2025-04-25",
    "fiscalDateEnding": "2024-09-30"
  },
  {
    "date": "2024-07-31",
    "symbol": "MET",
    "eps": 2.28,
    "epsEstimated": 2.1,
    "time": "amc",
    "revenue": 17823000000,
    "revenueEstimated": 18567850133,
    "updatedFromDate": "2025-04-25",
    "fiscalDateEnding": "2024-06-30"
  },
  {
    "date": "2024-05-01",
    "symbol": "MET",
    "eps": 1.83,
    "epsEstimated": 1.84,
    "time": "amc",
    "revenue": 16057000000,
    "revenueEstimated": 17727974768,
    "updatedFromDate": "2025-04-25",
    "fiscalDateEnding": "2024-03-31"
  },
  {
    "date": "2024-01-31",
    "symbol": "MET",
    "eps": 1.93,
    "epsEstimated": 1.88,
    "time": "amc",
    "revenue": 19028000000,
    "revenueEstimated": 18456634738,
    "updatedFromDate": "2025-04-25",
    "fiscalDateEnding": "2023-12-31"
  },
  {
    "date": "2023-11-01",
    "symbol": "MET",
    "eps": 1.97,
    "epsEstimated": 1.99,
    "time": "amc",
    "revenue": 15866000000,
    "revenueEstimated": 17679600000,
    "updatedFromDate": "2025-04-25",
    "fiscalDateEnding": "2023-09-30"
  },
  {
    "date": "2023-08-02",
    "symbol": "MET",
    "eps": 1.94,
    "epsEstimated": 1.85,
    "time": "amc",
    "revenue": 16623000000,
    "revenueEstimated": 17484200000,
    "updatedFromDate": "2025-04-25",
    "fiscalDateEnding": "2023-06-30"
  },
  {
    "date": "2023-05-03",
    "symbol": "MET",
    "eps": 1.52,
    "epsEstimated": 1.85,
    "time": "amc",
    "revenue": 15388000000,
    "revenueEstimated": 17177600000,
    "updatedFromDate": "2025-04-25",
    "fiscalDateEnding": "2023-03-31"
  },
  {
    "date": "2023-02-01",
    "symbol": "MET",
    "eps": 1.55,
    "epsEstimated": 1.65,
    "time": "amc",
    "revenue": 16835000000,
    "revenueEstimated": 17215330406,
    "updatedFromDate": "2025-04-25",
    "fiscalDateEnding": "2022-12-31"
  },
  {
    "date": "2022-11-02",
    "symbol": "MET",
    "eps": 1.21,
    "epsEstimated": 1.17,
    "time": "amc",
    "revenue": 22484000000,
    "revenueEstimated": 20581433292,
    "updatedFromDate": "2025-04-25",
    "fiscalDateEnding": "2022-09-30"
  },
  {
    "date": "2022-08-03",
    "symbol": "MET",
    "eps": 2,
    "epsEstimated": 1.55,
    "time": "amc",
    "revenue": 15277000000,
    "revenueEstimated": 16038825871,
    "updatedFromDate": "2025-04-25",
    "fiscalDateEnding": "2022-06-30"
  },
  {
    "date": "2022-05-04",
    "symbol": "MET",
    "eps": 2.08,
    "epsEstimated": 1.63,
    "time": "amc",
    "revenue": 14246000000,
    "revenueEstimated": 16777409027,
    "updatedFromDate": "2025-04-25",
    "fiscalDateEnding": "2022-03-31"
  },
  {
    "date": "2022-02-02",
    "symbol": "MET",
    "eps": 2.17,
    "epsEstimated": 1.42,
    "time": "amc",
    "revenue": 20089000000,
    "revenueEstimated": 17669059082,
    "updatedFromDate": "2025-04-25",
    "fiscalDateEnding": "2021-12-31"
  },
  {
    "date": "2021-11-03",
    "symbol": "MET",
    "eps": 2.39,
    "epsEstimated": 1.66,
    "time": "amc",
    "revenue": 16905000000,
    "revenueEstimated": 16302700000,
    "updatedFromDate": "2025-04-25",
    "fiscalDateEnding": "2021-09-30"
  },
  {
    "date": "2021-08-04",
    "symbol": "MET",
    "eps": 2.37,
    "epsEstimated": 1.61,
    "time": "amc",
    "revenue": 18524000000,
    "revenueEstimated": 16239000000,
    "updatedFromDate": "2025-04-25",
    "fiscalDateEnding": "2021-06-30"
  },
  {
    "date": "2021-05-05",
    "symbol": "MET",
    "eps": 2.2,
    "epsEstimated": 1.48,
    "time": "amc",
    "revenue": 15562000000,
    "revenueEstimated": 15985400000,
    "updatedFromDate": "2025-04-25",
    "fiscalDateEnding": "2021-03-31"
  },
  {
    "date": "2021-02-03",
    "symbol": "MET",
    "eps": 2.03,
    "epsEstimated": 1.53,
    "time": "amc",
    "revenue": 19418000000,
    "revenueEstimated": 19354125000,
    "updatedFromDate": "2025-04-25",
    "fiscalDateEnding": "2020-12-31"
  },
  {
    "date": "2020-11-04",
    "symbol": "MET",
    "eps": 1.73,
    "epsEstimated": 1.65,
    "time": "amc",
    "revenue": 16015000000,
    "revenueEstimated": 14286416149,
    "updatedFromDate": "2025-04-25",
    "fiscalDateEnding": "2020-09-30"
  },
  {
    "date": "2020-08-05",
    "symbol": "MET",
    "eps": 0.83,
    "epsEstimated": 0.96,
    "time": "amc",
    "revenue": 14099000000,
    "revenueEstimated": 15195588888,
    "updatedFromDate": "2025-04-25",
    "fiscalDateEnding": "2020-06-30"
  },
  {
    "date": "2020-05-06",
    "symbol": "MET",
    "eps": 1.58,
    "epsEstimated": 1.45,
    "time": "amc",
    "revenue": 18310000000,
    "revenueEstimated": 16529861111,
    "updatedFromDate": "2025-04-25",
    "fiscalDateEnding": "2020-03-31"
  },
  {
    "date": "2020-02-05",
    "symbol": "MET",
    "eps": 1.98,
    "epsEstimated": 1.4,
    "time": "amc",
    "revenue": 17143000000,
    "revenueEstimated": 965999999,
    "updatedFromDate": "2025-04-25",
    "fiscalDateEnding": "2019-12-31"
  },
  {
    "date": "2019-10-30",
    "symbol": "MET",
    "eps": 1.27,
    "epsEstimated": 1.41,
    "time": "amc",
    "revenue": 18678000000,
    "revenueEstimated": 1587401574,
    "updatedFromDate": "2025-04-25",
    "fiscalDateEnding": "2019-09-30"
  },
  {
    "date": "2019-07-31",
    "symbol": "MET",
    "eps": 1.38,
    "epsEstimated": 1.34,
    "time": "amc",
    "revenue": 17497000000,
    "revenueEstimated": 1371072463,
    "updatedFromDate": "2025-04-25",
    "fiscalDateEnding": "2019-06-30"
  },
  {
    "date": "2019-05-01",
    "symbol": "MET",
    "eps": 1.48,
    "epsEstimated": 1.27,
    "time": "amc",
    "revenue": 16302000000,
    "revenueEstimated": 1171317567,
    "updatedFromDate": "2025-04-25",
    "fiscalDateEnding": "2019-03-31"
  },
  {
    "date": "2019-02-06",
    "symbol": "MET",
    "eps": 1.35,
    "epsEstimated": 1.3,
    "time": "amc",
    "revenue": 15662000000,
    "revenueEstimated": 1324562962,
    "updatedFromDate": "2025-04-25",
    "fiscalDateEnding": "2018-12-31"
  },
  {
    "date": "2018-11-01",
    "symbol": "MET",
    "eps": 1.38,
    "epsEstimated": 1.25,
    "time": "amc",
    "revenue": 16289000000,
    "revenueEstimated": 1235949275,
    "updatedFromDate": "2025-04-25",
    "fiscalDateEnding": "2018-09-30"
  },
  {
    "date": "2018-08-01",
    "symbol": "MET",
    "eps": 1.3,
    "epsEstimated": 1.17,
    "time": "amc",
    "revenue": 21185000000,
    "revenueEstimated": 1232999999,
    "updatedFromDate": "2025-04-25",
    "fiscalDateEnding": "2018-06-30"
  },
  {
    "date": "2018-05-02",
    "symbol": "MET",
    "eps": 1.36,
    "epsEstimated": 1.17,
    "time": "amc",
    "revenue": 14805000000,
    "revenueEstimated": 1197529411,
    "updatedFromDate": "2025-04-25",
    "fiscalDateEnding": "2018-03-31"
  },
  {
    "date": "2018-02-13",
    "symbol": "MET",
    "eps": 1.11,
    "epsEstimated": 1.1,
    "time": "amc",
    "revenue": 15833000000,
    "revenueEstimated": 1358000000,
    "updatedFromDate": "2025-04-25",
    "fiscalDateEnding": "2017-12-31"
  },
  {
    "date": "2017-11-01",
    "symbol": "MET",
    "eps": 1.09,
    "epsEstimated": 0.9,
    "time": "amc",
    "revenue": 16157000000,
    "revenueEstimated": 1179082568,
    "updatedFromDate": "2025-04-25",
    "fiscalDateEnding": "2017-09-30"
  },
  {
    "date": "2017-08-02",
    "symbol": "MET",
    "eps": 1.3,
    "epsEstimated": 1.28,
    "time": "amc",
    "revenue": 15324000000,
    "revenueEstimated": 1678769230,
    "updatedFromDate": "2025-04-25",
    "fiscalDateEnding": "2017-06-30"
  },
  {
    "date": "2017-05-03",
    "symbol": "MET",
    "eps": 1.46,
    "epsEstimated": 1.27,
    "time": "amc",
    "revenue": 14952000000,
    "revenueEstimated": 1451428571,
    "updatedFromDate": "2025-04-25",
    "fiscalDateEnding": "2017-03-31"
  },
  {
    "date": "2017-02-01",
    "symbol": "MET",
    "eps": 1.35,
    "epsEstimated": 1.34,
    "time": "amc",
    "revenue": 12076000000,
    "revenueEstimated": 1430156250,
    "updatedFromDate": "2025-04-25",
    "fiscalDateEnding": "2016-12-31"
  },
  {
    "date": "2016-11-02",
    "symbol": "MET",
    "eps": 1.28,
    "epsEstimated": 1.14,
    "time": "amc",
    "revenue": 15802000000,
    "revenueEstimated": 1194328124,
    "updatedFromDate": "2025-04-25",
    "fiscalDateEnding": "2016-09-30"
  },
  {
    "date": "2016-08-03",
    "symbol": "MET",
    "eps": 0.83,
    "epsEstimated": 1.35,
    "time": "amc",
    "revenue": 15244000000,
    "revenueEstimated": 718915662,
    "updatedFromDate": "2025-04-25",
    "fiscalDateEnding": "2016-06-30"
  }
]