[
  {
    "date": "2026-04-28",
    "symbol": "MGM",
    "eps": null,
    "epsEstimated": null,
    "time": "amc",
    "revenue": null,
    "revenueEstimated": null,
    "updatedFromDate": "2025-10-02",
    "fiscalDateEnding": "2026-03-30"
  },
  {
    "date": "2026-02-10",
    "symbol": "MGM",
    "eps": null,
    "epsEstimated": null,
    "time": "amc",
    "revenue": null,
    "revenueEstimated": null,
    "updatedFromDate": "2025-10-02",
    "fiscalDateEnding": "2025-12-30"
  },
  {
    "date": "2025-10-29",
    "symbol": "MGM",
    "eps": null,
    "epsEstimated": 0.42,
    "time": "amc",
    "revenue": null,
    "revenueEstimated": 4244801240,
    "updatedFromDate": "2025-10-02",
    "fiscalDateEnding": "2025-09-30"
  },
  {
    "date": "2025-07-30",
    "symbol": "MGM",
    "eps": 0.79,
    "epsEstimated": 0.58,
    "time": "amc",
    "revenue": 4404870000,
    "revenueEstimated": 4249454170,
    "updatedFromDate": "2025-10-02",
    "fiscalDateEnding": "2025-06-30"
  },
  {
    "date": "2025-04-30",
    "symbol": "MGM",
    "eps": 0.69,
    "epsEstimated": 0.5,
    "time": "amc",
    "revenue": 4277082000,
    "revenueEstimated": 4284054800,
    "updatedFromDate": "2025-07-30",
    "fiscalDateEnding": "2025-03-31"
  },
  {
    "date": "2025-02-12",
    "symbol": "MGM",
    "eps": 0.45,
    "epsEstimated": 0.37,
    "time": "amc",
    "revenue": 4346562000,
    "revenueEstimated": 4266815440,
    "updatedFromDate": "2025-05-12",
    "fiscalDateEnding": "2024-12-31"
  },
  {
    "date": "2024-10-30",
    "symbol": "MGM",
    "eps": 0.54,
    "epsEstimated": 0.61,
    "time": "amc",
    "revenue": 4183138000,
    "revenueEstimated": 4306210000,
    "updatedFromDate": "2025-04-25",
    "fiscalDateEnding": "2024-09-30"
  },
  {
    "date": "2024-07-31",
    "symbol": "MGM",
    "eps": 0.86,
    "epsEstimated": 0.66,
    "time": "amc",
    "revenue": 4327375000,
    "revenueEstimated": 4252900000,
    "updatedFromDate": "2025-04-25",
    "fiscalDateEnding": "2024-06-30"
  },
  {
    "date": "2024-05-01",
    "symbol": "MGM",
    "eps": 0.74,
    "epsEstimated": 0.56,
    "time": "amc",
    "revenue": 4383470000,
    "revenueEstimated": 4242367199,
    "updatedFromDate": "2025-04-25",
    "fiscalDateEnding": "2024-03-31"
  },
  {
    "date": "2024-02-13",
    "symbol": "MGM",
    "eps": 1.06,
    "epsEstimated": 0.71,
    "time": "amc",
    "revenue": 4375563000,
    "revenueEstimated": 4139350000,
    "updatedFromDate": "2025-04-25",
    "fiscalDateEnding": "2023-12-31"
  },
  {
    "date": "2023-11-08",
    "symbol": "MGM",
    "eps": 0.64,
    "epsEstimated": 0.55,
    "time": "amc",
    "revenue": 3973183000,
    "revenueEstimated": 3867240000,
    "updatedFromDate": "2025-04-25",
    "fiscalDateEnding": "2023-09-30"
  },
  {
    "date": "2023-08-02",
    "symbol": "MGM",
    "eps": 0.59,
    "epsEstimated": 0.54,
    "time": "amc",
    "revenue": 3942207000,
    "revenueEstimated": 3820450000,
    "updatedFromDate": "2025-04-25",
    "fiscalDateEnding": "2023-06-30"
  },
  {
    "date": "2023-05-01",
    "symbol": "MGM",
    "eps": 0.44,
    "epsEstimated": 0.1035,
    "time": "amc",
    "revenue": 3873296000,
    "revenueEstimated": 3588170000,
    "updatedFromDate": "2025-04-25",
    "fiscalDateEnding": "2023-03-31"
  },
  {
    "date": "2023-02-08",
    "symbol": "MGM",
    "eps": 0.69,
    "epsEstimated": -1.6,
    "time": "amc",
    "revenue": 3592216000,
    "revenueEstimated": 3352434884,
    "updatedFromDate": "2025-04-25",
    "fiscalDateEnding": "2022-12-31"
  },
  {
    "date": "2022-11-02",
    "symbol": "MGM",
    "eps": -1.39,
    "epsEstimated": 0.22,
    "time": "amc",
    "revenue": 3416072000,
    "revenueEstimated": 3242179915,
    "updatedFromDate": "2025-04-25",
    "fiscalDateEnding": "2022-09-30"
  },
  {
    "date": "2022-08-03",
    "symbol": "MGM",
    "eps": 0.03,
    "epsEstimated": 0.24,
    "time": "amc",
    "revenue": 3264888000,
    "revenueEstimated": 3028811560,
    "updatedFromDate": "2025-04-25",
    "fiscalDateEnding": "2022-06-30"
  },
  {
    "date": "2022-05-02",
    "symbol": "MGM",
    "eps": 0.01,
    "epsEstimated": -0.09,
    "time": "amc",
    "revenue": 2854309000,
    "revenueEstimated": 2814095351,
    "updatedFromDate": "2025-04-25",
    "fiscalDateEnding": "2022-03-31"
  },
  {
    "date": "2022-02-09",
    "symbol": "MGM",
    "eps": 0.12,
    "epsEstimated": 0.02078,
    "time": "amc",
    "revenue": 3056892000,
    "revenueEstimated": 2771445552,
    "updatedFromDate": "2025-04-25",
    "fiscalDateEnding": "2021-12-31"
  },
  {
    "date": "2021-11-03",
    "symbol": "MGM",
    "eps": 0.03,
    "epsEstimated": 0.00716,
    "time": "amc",
    "revenue": 2707539000,
    "revenueEstimated": 6701159025,
    "updatedFromDate": "2025-04-25",
    "fiscalDateEnding": "2021-09-30"
  },
  {
    "date": "2021-08-04",
    "symbol": "MGM",
    "eps": -0.13,
    "epsEstimated": -0.36,
    "time": "amc",
    "revenue": 2267962000,
    "revenueEstimated": 2278720000,
    "updatedFromDate": "2025-04-25",
    "fiscalDateEnding": "2021-06-30"
  },
  {
    "date": "2021-04-28",
    "symbol": "MGM",
    "eps": -0.68,
    "epsEstimated": -0.86,
    "time": "amc",
    "revenue": 1647747000,
    "revenueEstimated": 1635840000,
    "updatedFromDate": "2025-04-25",
    "fiscalDateEnding": "2021-03-31"
  },
  {
    "date": "2021-02-10",
    "symbol": "MGM",
    "eps": -0.9,
    "epsEstimated": -0.96,
    "time": "amc",
    "revenue": 1493536000,
    "revenueEstimated": 1557040000,
    "updatedFromDate": "2025-04-25",
    "fiscalDateEnding": "2020-12-31"
  },
  {
    "date": "2020-10-29",
    "symbol": "MGM",
    "eps": -1.08,
    "epsEstimated": -1.1,
    "time": "amc",
    "revenue": 1125920000,
    "revenueEstimated": 1084219259,
    "updatedFromDate": "2025-04-25",
    "fiscalDateEnding": "2020-09-30"
  },
  {
    "date": "2020-07-30",
    "symbol": "MGM",
    "eps": -1.52,
    "epsEstimated": -1.65,
    "time": "amc",
    "revenue": 289809000,
    "revenueEstimated": 295015149,
    "updatedFromDate": "2025-04-25",
    "fiscalDateEnding": "2020-06-30"
  },
  {
    "date": "2020-04-30",
    "symbol": "MGM",
    "eps": -0.45,
    "epsEstimated": -0.08,
    "time": "amc",
    "revenue": 2252817000,
    "revenueEstimated": 480784115,
    "updatedFromDate": "2025-04-25",
    "fiscalDateEnding": "2020-03-31"
  },
  {
    "date": "2020-02-12",
    "symbol": "MGM",
    "eps": 0.08,
    "epsEstimated": 0.24,
    "time": "amc",
    "revenue": 3185136000,
    "revenueEstimated": 211799324,
    "updatedFromDate": "2025-04-25",
    "fiscalDateEnding": "2019-12-31"
  },
  {
    "date": "2019-10-30",
    "symbol": "MGM",
    "eps": 0.31,
    "epsEstimated": 0.29,
    "time": "amc",
    "revenue": 3314382000,
    "revenueEstimated": 12014634750,
    "updatedFromDate": "2025-04-25",
    "fiscalDateEnding": "2019-09-30"
  },
  {
    "date": "2019-07-25",
    "symbol": "MGM",
    "eps": 0.23,
    "epsEstimated": 0.25,
    "time": "amc",
    "revenue": 3223243000,
    "revenueEstimated": 10072634374,
    "updatedFromDate": "2025-04-25",
    "fiscalDateEnding": "2019-06-30"
  },
  {
    "date": "2019-04-29",
    "symbol": "MGM",
    "eps": 0.12,
    "epsEstimated": 0.16,
    "time": "amc",
    "revenue": 3176911000,
    "revenueEstimated": 13343026199,
    "updatedFromDate": "2025-04-25",
    "fiscalDateEnding": "2019-03-31"
  },
  {
    "date": "2019-02-13",
    "symbol": "MGM",
    "eps": 0.14,
    "epsEstimated": 0.13,
    "time": "amc",
    "revenue": 3052862000,
    "revenueEstimated": 6614534333,
    "updatedFromDate": "2025-04-25",
    "fiscalDateEnding": "2018-12-31"
  },
  {
    "date": "2018-10-30",
    "symbol": "MGM",
    "eps": 0.25,
    "epsEstimated": 0.19,
    "time": "amc",
    "revenue": 3029302000,
    "revenueEstimated": 2213719230,
    "updatedFromDate": "2025-04-25",
    "fiscalDateEnding": "2018-09-30"
  },
  {
    "date": "2018-08-02",
    "symbol": "MGM",
    "eps": 0.26,
    "epsEstimated": 0.29,
    "time": "bmo",
    "revenue": 2858695000,
    "revenueEstimated": 3947728571,
    "updatedFromDate": "2025-04-25",
    "fiscalDateEnding": "2018-06-30"
  },
  {
    "date": "2018-04-26",
    "symbol": "MGM",
    "eps": 0.33,
    "epsEstimated": 0.29,
    "time": "bmo",
    "revenue": 2822237000,
    "revenueEstimated": 2153784210,
    "updatedFromDate": "2025-04-25",
    "fiscalDateEnding": "2018-03-31"
  },
  {
    "date": "2018-02-20",
    "symbol": "MGM",
    "eps": 2.4,
    "epsEstimated": 0.08,
    "time": "bmo",
    "revenue": 2597248000,
    "revenueEstimated": 66911601600,
    "updatedFromDate": "2025-04-25",
    "fiscalDateEnding": "2017-12-31"
  },
  {
    "date": "2017-11-08",
    "symbol": "MGM",
    "eps": 0.33,
    "epsEstimated": 0.33,
    "time": "bmo",
    "revenue": 2826740000,
    "revenueEstimated": 2830200000,
    "updatedFromDate": "2025-04-25",
    "fiscalDateEnding": "2017-09-30"
  },
  {
    "date": "2017-07-27",
    "symbol": "MGM",
    "eps": 0.3,
    "epsEstimated": 0.3,
    "time": "bmo",
    "revenue": 2641737000,
    "revenueEstimated": 2652100000,
    "updatedFromDate": "2025-04-25",
    "fiscalDateEnding": "2017-06-30"
  },
  {
    "date": "2017-04-27",
    "symbol": "MGM",
    "eps": 0.38,
    "epsEstimated": 0.29,
    "time": "bmo",
    "revenue": 2708179000,
    "revenueEstimated": 2073957894,
    "updatedFromDate": "2025-04-25",
    "fiscalDateEnding": "2017-03-31"
  },
  {
    "date": "2017-02-16",
    "symbol": "MGM",
    "eps": 0.11,
    "epsEstimated": 0.17,
    "time": "bmo",
    "revenue": 2460820000,
    "revenueEstimated": 4697890909,
    "updatedFromDate": "2025-04-25",
    "fiscalDateEnding": "2016-12-31"
  },
  {
    "date": "2016-11-07",
    "symbol": "MGM",
    "eps": 0.58,
    "epsEstimated": 0.08,
    "time": "bmo",
    "revenue": 2515115000,
    "revenueEstimated": 477001724,
    "updatedFromDate": "2025-04-25",
    "fiscalDateEnding": "2016-09-30"
  },
  {
    "date": "2016-08-04",
    "symbol": "MGM",
    "eps": 0.26,
    "epsEstimated": 0.21,
    "time": "bmo",
    "revenue": 2269502000,
    "revenueEstimated": 1739950000,
    "updatedFromDate": "2025-04-25",
    "fiscalDateEnding": "2016-06-30"
  }
]