[
  {
    "date": "2026-04-29",
    "symbol": "MHK",
    "eps": null,
    "epsEstimated": null,
    "time": "amc",
    "revenue": null,
    "revenueEstimated": null,
    "updatedFromDate": "2025-10-01",
    "fiscalDateEnding": "2026-03-28"
  },
  {
    "date": "2026-02-04",
    "symbol": "MHK",
    "eps": null,
    "epsEstimated": null,
    "time": "amc",
    "revenue": null,
    "revenueEstimated": null,
    "updatedFromDate": "2025-10-01",
    "fiscalDateEnding": "2025-12-28"
  },
  {
    "date": "2025-10-23",
    "symbol": "MHK",
    "eps": null,
    "epsEstimated": 2.66,
    "time": "bmo",
    "revenue": null,
    "revenueEstimated": 2725025630,
    "updatedFromDate": "2025-10-01",
    "fiscalDateEnding": "2025-09-28"
  },
  {
    "date": "2025-07-24",
    "symbol": "MHK",
    "eps": 2.77,
    "epsEstimated": 2.62,
    "time": "amc",
    "revenue": 2802100000,
    "revenueEstimated": 2725025630,
    "updatedFromDate": "2025-10-01",
    "fiscalDateEnding": "2025-06-28"
  },
  {
    "date": "2025-05-01",
    "symbol": "MHK",
    "eps": 1.52,
    "epsEstimated": 1.41,
    "time": "amc",
    "revenue": 2525800000,
    "revenueEstimated": 2559710800,
    "updatedFromDate": "2025-08-01",
    "fiscalDateEnding": "2025-03-29"
  },
  {
    "date": "2025-02-06",
    "symbol": "MHK",
    "eps": 1.95,
    "epsEstimated": 1.85,
    "time": "amc",
    "revenue": 2637200000,
    "revenueEstimated": 2536085820,
    "updatedFromDate": "2025-05-06",
    "fiscalDateEnding": "2024-12-31"
  },
  {
    "date": "2024-10-24",
    "symbol": "MHK",
    "eps": 2.9,
    "epsEstimated": 2.89,
    "time": "amc",
    "revenue": 2719000000,
    "revenueEstimated": 2542200000,
    "updatedFromDate": "2025-04-22",
    "fiscalDateEnding": "2024-09-28"
  },
  {
    "date": "2024-07-25",
    "symbol": "MHK",
    "eps": 3,
    "epsEstimated": 2.75,
    "time": "amc",
    "revenue": 2801300000,
    "revenueEstimated": 2735330000,
    "updatedFromDate": "2025-04-22",
    "fiscalDateEnding": "2024-06-29"
  },
  {
    "date": "2024-04-25",
    "symbol": "MHK",
    "eps": 1.86,
    "epsEstimated": 1.68,
    "time": "amc",
    "revenue": 2679400000,
    "revenueEstimated": 2810600000,
    "updatedFromDate": "2025-04-22",
    "fiscalDateEnding": "2024-03-30"
  },
  {
    "date": "2024-02-08",
    "symbol": "MHK",
    "eps": 1.96,
    "epsEstimated": 1.86,
    "time": "amc",
    "revenue": 2612278000,
    "revenueEstimated": 2659160000,
    "updatedFromDate": "2025-04-22",
    "fiscalDateEnding": "2023-12-31"
  },
  {
    "date": "2023-10-26",
    "symbol": "MHK",
    "eps": 2.72,
    "epsEstimated": 2.65,
    "time": "amc",
    "revenue": 2766186000,
    "revenueEstimated": 2745230000,
    "updatedFromDate": "2025-04-22",
    "fiscalDateEnding": "2023-09-30"
  },
  {
    "date": "2023-07-27",
    "symbol": "MHK",
    "eps": 2.76,
    "epsEstimated": 2.64,
    "time": "amc",
    "revenue": 2950428000,
    "revenueEstimated": 2943770000,
    "updatedFromDate": "2025-04-22",
    "fiscalDateEnding": "2023-07-01"
  },
  {
    "date": "2023-04-27",
    "symbol": "MHK",
    "eps": 1.75,
    "epsEstimated": 1.28,
    "time": "amc",
    "revenue": 2806223000,
    "revenueEstimated": 2895380000,
    "updatedFromDate": "2025-04-22",
    "fiscalDateEnding": "2023-04-01"
  },
  {
    "date": "2023-02-09",
    "symbol": "MHK",
    "eps": 1.32,
    "epsEstimated": 1.29,
    "time": "amc",
    "revenue": 2650675000,
    "revenueEstimated": 2686352823,
    "updatedFromDate": "2025-04-22",
    "fiscalDateEnding": "2022-12-31"
  },
  {
    "date": "2022-10-27",
    "symbol": "MHK",
    "eps": 3.34,
    "epsEstimated": 3.34,
    "time": "amc",
    "revenue": 2917539000,
    "revenueEstimated": 3011342212,
    "updatedFromDate": "2025-04-22",
    "fiscalDateEnding": "2022-10-01"
  },
  {
    "date": "2022-07-28",
    "symbol": "MHK",
    "eps": 4.41,
    "epsEstimated": 4.29,
    "time": "amc",
    "revenue": 3153188000,
    "revenueEstimated": 3146688845,
    "updatedFromDate": "2025-04-22",
    "fiscalDateEnding": "2022-07-02"
  },
  {
    "date": "2022-04-28",
    "symbol": "MHK",
    "eps": 3.78,
    "epsEstimated": 2.9,
    "time": "amc",
    "revenue": 3015663000,
    "revenueEstimated": 2850345930,
    "updatedFromDate": "2025-04-22",
    "fiscalDateEnding": "2022-04-02"
  },
  {
    "date": "2022-02-10",
    "symbol": "MHK",
    "eps": 2.95,
    "epsEstimated": 2.87,
    "time": "amc",
    "revenue": 2760737000,
    "revenueEstimated": 2717702217,
    "updatedFromDate": "2025-04-22",
    "fiscalDateEnding": "2021-12-31"
  },
  {
    "date": "2021-10-28",
    "symbol": "MHK",
    "eps": 3.95,
    "epsEstimated": 3.81,
    "time": "amc",
    "revenue": 2817017000,
    "revenueEstimated": 2884080000,
    "updatedFromDate": "2025-04-22",
    "fiscalDateEnding": "2021-10-02"
  },
  {
    "date": "2021-07-29",
    "symbol": "MHK",
    "eps": 4.45,
    "epsEstimated": 3.68,
    "time": "amc",
    "revenue": 2953833000,
    "revenueEstimated": 2739240000,
    "updatedFromDate": "2025-04-22",
    "fiscalDateEnding": "2021-07-03"
  },
  {
    "date": "2021-04-29",
    "symbol": "MHK",
    "eps": 3.49,
    "epsEstimated": 2.81,
    "time": "amc",
    "revenue": 2669026000,
    "revenueEstimated": 2596970000,
    "updatedFromDate": "2025-04-22",
    "fiscalDateEnding": "2021-04-03"
  },
  {
    "date": "2021-02-11",
    "symbol": "MHK",
    "eps": 3.54,
    "epsEstimated": 2.87,
    "time": "amc",
    "revenue": 2641764000,
    "revenueEstimated": 2025045574,
    "updatedFromDate": "2025-04-22",
    "fiscalDateEnding": "2020-12-31"
  },
  {
    "date": "2020-10-29",
    "symbol": "MHK",
    "eps": 3.26,
    "epsEstimated": 2.14,
    "time": "amc",
    "revenue": 2574870000,
    "revenueEstimated": 1690252085,
    "updatedFromDate": "2025-04-22",
    "fiscalDateEnding": "2020-09-26"
  },
  {
    "date": "2020-08-06",
    "symbol": "MHK",
    "eps": 0.37,
    "epsEstimated": -0.08,
    "time": "amc",
    "revenue": 2049800000,
    "revenueEstimated": 498599999,
    "updatedFromDate": "2025-04-22",
    "fiscalDateEnding": "2020-06-27"
  },
  {
    "date": "2020-05-04",
    "symbol": "MHK",
    "eps": 1.66,
    "epsEstimated": 1.66,
    "time": "amc",
    "revenue": 2285763000,
    "revenueEstimated": 2285763000,
    "updatedFromDate": "2025-04-22",
    "fiscalDateEnding": "2020-03-28"
  },
  {
    "date": "2020-02-13",
    "symbol": "MHK",
    "eps": 2.25,
    "epsEstimated": 2.2,
    "time": "amc",
    "revenue": 2424512000,
    "revenueEstimated": 2370633955,
    "updatedFromDate": "2025-04-22",
    "fiscalDateEnding": "2019-12-31"
  },
  {
    "date": "2019-10-24",
    "symbol": "MHK",
    "eps": 2.75,
    "epsEstimated": 2.64,
    "time": "amc",
    "revenue": 2519185000,
    "revenueEstimated": 2418417600,
    "updatedFromDate": "2025-04-22",
    "fiscalDateEnding": "2019-09-28"
  },
  {
    "date": "2019-07-25",
    "symbol": "MHK",
    "eps": 2.89,
    "epsEstimated": 2.87,
    "time": "amc",
    "revenue": 2584485000,
    "revenueEstimated": 2566599290,
    "updatedFromDate": "2025-04-22",
    "fiscalDateEnding": "2019-06-29"
  },
  {
    "date": "2019-04-25",
    "symbol": "MHK",
    "eps": 2.13,
    "epsEstimated": 2.08,
    "time": "amc",
    "revenue": 2442490000,
    "revenueEstimated": 2385154553,
    "updatedFromDate": "2025-04-22",
    "fiscalDateEnding": "2019-03-30"
  },
  {
    "date": "2019-02-07",
    "symbol": "MHK",
    "eps": 2.53,
    "epsEstimated": 2.49,
    "time": "amc",
    "revenue": 2448618000,
    "revenueEstimated": 2419583003,
    "updatedFromDate": "2025-04-22",
    "fiscalDateEnding": "2018-12-31"
  },
  {
    "date": "2018-10-25",
    "symbol": "MHK",
    "eps": 3.29,
    "epsEstimated": 3.58,
    "time": "amc",
    "revenue": 2545800000,
    "revenueEstimated": 2770201823,
    "updatedFromDate": "2025-04-22",
    "fiscalDateEnding": "2018-09-29"
  },
  {
    "date": "2018-07-25",
    "symbol": "MHK",
    "eps": 3.51,
    "epsEstimated": 3.88,
    "time": "amc",
    "revenue": 2577014000,
    "revenueEstimated": 2863333333,
    "updatedFromDate": "2025-04-22",
    "fiscalDateEnding": "2018-06-30"
  },
  {
    "date": "2018-04-26",
    "symbol": "MHK",
    "eps": 3.01,
    "epsEstimated": 3,
    "time": "amc",
    "revenue": 2412202000,
    "revenueEstimated": 2404186046,
    "updatedFromDate": "2025-04-22",
    "fiscalDateEnding": "2018-03-31"
  },
  {
    "date": "2018-02-08",
    "symbol": "MHK",
    "eps": 3.42,
    "epsEstimated": 3.32,
    "time": "amc",
    "revenue": 2369097000,
    "revenueEstimated": 2299828070,
    "updatedFromDate": "2025-04-22",
    "fiscalDateEnding": "2017-12-31"
  },
  {
    "date": "2017-10-26",
    "symbol": "MHK",
    "eps": 3.75,
    "epsEstimated": 3.74,
    "time": "amc",
    "revenue": 2448510000,
    "revenueEstimated": 2441970666,
    "updatedFromDate": "2025-04-22",
    "fiscalDateEnding": "2017-09-30"
  },
  {
    "date": "2017-07-27",
    "symbol": "MHK",
    "eps": 3.72,
    "epsEstimated": 3.6,
    "time": "amc",
    "revenue": 2453038000,
    "revenueEstimated": 2373870967,
    "updatedFromDate": "2025-04-22",
    "fiscalDateEnding": "2017-07-01"
  },
  {
    "date": "2017-04-27",
    "symbol": "MHK",
    "eps": 2.72,
    "epsEstimated": 2.72,
    "time": "amc",
    "revenue": 2220645000,
    "revenueEstimated": 2220600000,
    "updatedFromDate": "2025-04-22",
    "fiscalDateEnding": "2017-04-01"
  },
  {
    "date": "2017-02-09",
    "symbol": "MHK",
    "eps": 3.26,
    "epsEstimated": 3.22,
    "time": "amc",
    "revenue": 2182566000,
    "revenueEstimated": 2155819631,
    "updatedFromDate": "2025-04-22",
    "fiscalDateEnding": "2016-12-31"
  },
  {
    "date": "2016-11-03",
    "symbol": "MHK",
    "eps": 3.5,
    "epsEstimated": 3.46,
    "time": "amc",
    "revenue": 2294139000,
    "revenueEstimated": 2267881714,
    "updatedFromDate": "2025-04-22",
    "fiscalDateEnding": "2016-10-01"
  },
  {
    "date": "2016-08-04",
    "symbol": "MHK",
    "eps": 3.47,
    "epsEstimated": 3.37,
    "time": "amc",
    "revenue": 2310336000,
    "revenueEstimated": 2243720749,
    "updatedFromDate": "2025-04-22",
    "fiscalDateEnding": "2016-07-02"
  }
]