[
  {
    "date": "2026-03-23",
    "symbol": "MKC",
    "eps": null,
    "epsEstimated": null,
    "time": "bmo",
    "revenue": null,
    "revenueEstimated": null,
    "updatedFromDate": "2025-10-02",
    "fiscalDateEnding": "2026-02-28"
  },
  {
    "date": "2026-01-21",
    "symbol": "MKC",
    "eps": null,
    "epsEstimated": null,
    "time": "bmo",
    "revenue": null,
    "revenueEstimated": null,
    "updatedFromDate": "2025-10-02",
    "fiscalDateEnding": "2025-11-30"
  },
  {
    "date": "2025-10-07",
    "symbol": "MKC",
    "eps": null,
    "epsEstimated": 0.81,
    "time": "bmo",
    "revenue": null,
    "revenueEstimated": 1711981360,
    "updatedFromDate": "2025-10-02",
    "fiscalDateEnding": "2025-08-31"
  },
  {
    "date": "2025-06-26",
    "symbol": "MKC",
    "eps": 0.69,
    "epsEstimated": 0.65,
    "time": "bmo",
    "revenue": 1659500000,
    "revenueEstimated": 1658169496,
    "updatedFromDate": "2025-09-26",
    "fiscalDateEnding": "2025-05-31"
  },
  {
    "date": "2025-03-25",
    "symbol": "MKC",
    "eps": 0.6,
    "epsEstimated": 0.643,
    "time": "bmo",
    "revenue": 1605500000,
    "revenueEstimated": 1611935301,
    "updatedFromDate": "2025-06-25",
    "fiscalDateEnding": "2025-02-28"
  },
  {
    "date": "2025-01-23",
    "symbol": "MKC",
    "eps": 0.8,
    "epsEstimated": 0.77,
    "time": "bmo",
    "revenue": 1798000000,
    "revenueEstimated": 1772888508,
    "updatedFromDate": "2025-04-25",
    "fiscalDateEnding": "2024-11-30"
  },
  {
    "date": "2024-10-01",
    "symbol": "MKC",
    "eps": 0.83,
    "epsEstimated": 0.68,
    "time": "bmo",
    "revenue": 1679800000,
    "revenueEstimated": 1667556645,
    "updatedFromDate": "2025-04-25",
    "fiscalDateEnding": "2024-08-31"
  },
  {
    "date": "2024-06-27",
    "symbol": "MKC",
    "eps": 0.69,
    "epsEstimated": 0.59,
    "time": "bmo",
    "revenue": 1643200000,
    "revenueEstimated": 1628810898,
    "updatedFromDate": "2025-04-25",
    "fiscalDateEnding": "2024-05-31"
  },
  {
    "date": "2024-03-26",
    "symbol": "MKC",
    "eps": 0.63,
    "epsEstimated": 0.58,
    "time": "bmo",
    "revenue": 1602700000,
    "revenueEstimated": 1549440350,
    "updatedFromDate": "2025-04-25",
    "fiscalDateEnding": "2024-02-29"
  },
  {
    "date": "2024-01-25",
    "symbol": "MKC",
    "eps": 0.85,
    "epsEstimated": 0.79,
    "time": "bmo",
    "revenue": 1752800000,
    "revenueEstimated": 1794330000,
    "updatedFromDate": "2025-04-25",
    "fiscalDateEnding": "2023-11-30"
  },
  {
    "date": "2023-10-03",
    "symbol": "MKC",
    "eps": 0.65,
    "epsEstimated": 0.65,
    "time": "bmo",
    "revenue": 1684700000,
    "revenueEstimated": 1812370000,
    "updatedFromDate": "2025-04-25",
    "fiscalDateEnding": "2023-08-31"
  },
  {
    "date": "2023-06-29",
    "symbol": "MKC",
    "eps": 0.6,
    "epsEstimated": 0.57,
    "time": "bmo",
    "revenue": 1659200000,
    "revenueEstimated": 1697670000,
    "updatedFromDate": "2025-04-25",
    "fiscalDateEnding": "2023-05-31"
  },
  {
    "date": "2023-03-28",
    "symbol": "MKC",
    "eps": 0.59,
    "epsEstimated": 0.51,
    "time": "bmo",
    "revenue": 1565500000,
    "revenueEstimated": 1541810000,
    "updatedFromDate": "2025-04-25",
    "fiscalDateEnding": "2023-02-28"
  },
  {
    "date": "2023-01-26",
    "symbol": "MKC",
    "eps": 0.73,
    "epsEstimated": 0.86,
    "time": "bmo",
    "revenue": 1695700000,
    "revenueEstimated": 1766764570,
    "updatedFromDate": "2025-04-25",
    "fiscalDateEnding": "2022-11-30"
  },
  {
    "date": "2022-10-06",
    "symbol": "MKC",
    "eps": 0.69,
    "epsEstimated": 0.76,
    "time": "bmo",
    "revenue": 1595600000,
    "revenueEstimated": 1599328002,
    "updatedFromDate": "2025-04-25",
    "fiscalDateEnding": "2022-08-31"
  },
  {
    "date": "2022-06-29",
    "symbol": "MKC",
    "eps": 0.48,
    "epsEstimated": 0.65,
    "time": "bmo",
    "revenue": 1536800000,
    "revenueEstimated": 1606126441,
    "updatedFromDate": "2025-04-25",
    "fiscalDateEnding": "2022-05-31"
  },
  {
    "date": "2022-03-29",
    "symbol": "MKC",
    "eps": 0.63,
    "epsEstimated": 0.62,
    "time": "bmo",
    "revenue": 1522400000,
    "revenueEstimated": 1468368809,
    "updatedFromDate": "2025-04-25",
    "fiscalDateEnding": "2022-02-28"
  },
  {
    "date": "2022-01-27",
    "symbol": "MKC",
    "eps": 0.84,
    "epsEstimated": 0.8,
    "time": "bmo",
    "revenue": 1730300000,
    "revenueEstimated": 1469190000,
    "updatedFromDate": "2025-04-25",
    "fiscalDateEnding": "2021-11-30"
  },
  {
    "date": "2021-09-30",
    "symbol": "MKC",
    "eps": 0.8,
    "epsEstimated": 0.72,
    "time": "bmo",
    "revenue": 1549400000,
    "revenueEstimated": 1533050000,
    "updatedFromDate": "2025-04-25",
    "fiscalDateEnding": "2021-08-31"
  },
  {
    "date": "2021-07-01",
    "symbol": "MKC",
    "eps": 0.69,
    "epsEstimated": 0.62,
    "time": "bmo",
    "revenue": 1556700000,
    "revenueEstimated": 1467770000,
    "updatedFromDate": "2025-04-25",
    "fiscalDateEnding": "2021-05-31"
  },
  {
    "date": "2021-03-30",
    "symbol": "MKC",
    "eps": 0.72,
    "epsEstimated": 0.59,
    "time": "bmo",
    "revenue": 1481500000,
    "revenueEstimated": 1374740000,
    "updatedFromDate": "2025-04-25",
    "fiscalDateEnding": "2021-02-28"
  },
  {
    "date": "2021-01-28",
    "symbol": "MKC",
    "eps": 0.79,
    "epsEstimated": 0.81,
    "time": "bmo",
    "revenue": 1557900000,
    "revenueEstimated": 1596366666,
    "updatedFromDate": "2025-04-25",
    "fiscalDateEnding": "2020-11-30"
  },
  {
    "date": "2020-09-29",
    "symbol": "MKC",
    "eps": 0.77,
    "epsEstimated": 0.76,
    "time": "bmo",
    "revenue": 1430300000,
    "revenueEstimated": 1420951633,
    "updatedFromDate": "2025-04-25",
    "fiscalDateEnding": "2020-08-31"
  },
  {
    "date": "2020-06-25",
    "symbol": "MKC",
    "eps": 0.74,
    "epsEstimated": 0.58,
    "time": "bmo",
    "revenue": 1401100000,
    "revenueEstimated": 1105629931,
    "updatedFromDate": "2025-04-25",
    "fiscalDateEnding": "2020-05-31"
  },
  {
    "date": "2020-03-31",
    "symbol": "MKC",
    "eps": 0.54,
    "epsEstimated": 0.52,
    "time": "bmo",
    "revenue": 1212000000,
    "revenueEstimated": 1155888888,
    "updatedFromDate": "2025-04-25",
    "fiscalDateEnding": "2020-02-29"
  },
  {
    "date": "2020-01-28",
    "symbol": "MKC",
    "eps": 0.81,
    "epsEstimated": 0.81,
    "time": "bmo",
    "revenue": 1484800000,
    "revenueEstimated": 1484800000,
    "updatedFromDate": "2025-04-25",
    "fiscalDateEnding": "2019-11-30"
  },
  {
    "date": "2019-10-01",
    "symbol": "MKC",
    "eps": 0.73,
    "epsEstimated": 0.64,
    "time": "bmo",
    "revenue": 1329200000,
    "revenueEstimated": 1174430136,
    "updatedFromDate": "2025-04-25",
    "fiscalDateEnding": "2019-08-31"
  },
  {
    "date": "2019-06-27",
    "symbol": "MKC",
    "eps": 0.58,
    "epsEstimated": 0.54,
    "time": "bmo",
    "revenue": 1301900000,
    "revenueEstimated": 1212113793,
    "updatedFromDate": "2025-04-25",
    "fiscalDateEnding": "2019-05-31"
  },
  {
    "date": "2019-03-26",
    "symbol": "MKC",
    "eps": 0.56,
    "epsEstimated": 0.52,
    "time": "bmo",
    "revenue": 1231500000,
    "revenueEstimated": 1132540178,
    "updatedFromDate": "2025-04-25",
    "fiscalDateEnding": "2019-02-28"
  },
  {
    "date": "2019-01-24",
    "symbol": "MKC",
    "eps": 0.84,
    "epsEstimated": 0.85,
    "time": "bmo",
    "revenue": 1499200000,
    "revenueEstimated": 1494269461,
    "updatedFromDate": "2025-04-25",
    "fiscalDateEnding": "2018-11-30"
  },
  {
    "date": "2018-09-27",
    "symbol": "MKC",
    "eps": 0.64,
    "epsEstimated": 0.64,
    "time": "bmo",
    "revenue": 1318200000,
    "revenueEstimated": 1307901562,
    "updatedFromDate": "2025-04-25",
    "fiscalDateEnding": "2018-08-31"
  },
  {
    "date": "2018-06-28",
    "symbol": "MKC",
    "eps": 0.51,
    "epsEstimated": 0.46,
    "time": "bmo",
    "revenue": 1301300000,
    "revenueEstimated": 1186479411,
    "updatedFromDate": "2025-04-25",
    "fiscalDateEnding": "2018-05-31"
  },
  {
    "date": "2018-03-27",
    "symbol": "MKC",
    "eps": 0.5,
    "epsEstimated": 0.46,
    "time": "bmo",
    "revenue": 1215400000,
    "revenueEstimated": 1106014000,
    "updatedFromDate": "2025-04-25",
    "fiscalDateEnding": "2018-02-28"
  },
  {
    "date": "2018-01-25",
    "symbol": "MKC",
    "eps": 0.77,
    "epsEstimated": 0.76,
    "time": "bmo",
    "revenue": 1490900000,
    "revenueEstimated": 1471537662,
    "updatedFromDate": "2025-04-25",
    "fiscalDateEnding": "2017-11-30"
  },
  {
    "date": "2017-09-28",
    "symbol": "MKC",
    "eps": 0.56,
    "epsEstimated": 0.53,
    "time": "bmo",
    "revenue": 1185200000,
    "revenueEstimated": 1111125000,
    "updatedFromDate": "2025-04-25",
    "fiscalDateEnding": "2017-08-31"
  },
  {
    "date": "2017-06-29",
    "symbol": "MKC",
    "eps": 0.41,
    "epsEstimated": 0.38,
    "time": "bmo",
    "revenue": 1114300000,
    "revenueEstimated": 1032765853,
    "updatedFromDate": "2025-04-25",
    "fiscalDateEnding": "2017-05-31"
  },
  {
    "date": "2017-03-28",
    "symbol": "MKC",
    "eps": 0.38,
    "epsEstimated": 0.37,
    "time": "bmo",
    "revenue": 1043700000,
    "revenueEstimated": 1016234210,
    "updatedFromDate": "2025-04-25",
    "fiscalDateEnding": "2017-02-28"
  },
  {
    "date": "2017-01-25",
    "symbol": "MKC",
    "eps": 0.64,
    "epsEstimated": 0.64,
    "time": "bmo",
    "revenue": 1227000000,
    "revenueEstimated": 1227000000,
    "updatedFromDate": "2025-04-25",
    "fiscalDateEnding": "2016-11-30"
  },
  {
    "date": "2016-09-30",
    "symbol": "MKC",
    "eps": 0.52,
    "epsEstimated": 0.47,
    "time": "bmo",
    "revenue": 1091000000,
    "revenueEstimated": 995669902,
    "updatedFromDate": "2025-04-25",
    "fiscalDateEnding": "2016-08-31"
  },
  {
    "date": "2016-06-30",
    "symbol": "MKC",
    "eps": 0.38,
    "epsEstimated": 0.37,
    "time": "bmo",
    "revenue": 1063300000,
    "revenueEstimated": 1049122666,
    "updatedFromDate": "2025-04-25",
    "fiscalDateEnding": "2016-05-31"
  }
]