[
  {
    "date": "2026-04-28",
    "symbol": "MLM",
    "eps": null,
    "epsEstimated": null,
    "time": "bmo",
    "revenue": null,
    "revenueEstimated": null,
    "updatedFromDate": "2025-10-02",
    "fiscalDateEnding": "2026-03-30"
  },
  {
    "date": "2026-02-10",
    "symbol": "MLM",
    "eps": null,
    "epsEstimated": null,
    "time": "bmo",
    "revenue": null,
    "revenueEstimated": null,
    "updatedFromDate": "2025-10-02",
    "fiscalDateEnding": "2025-12-30"
  },
  {
    "date": "2025-10-29",
    "symbol": "MLM",
    "eps": null,
    "epsEstimated": 6.62,
    "time": "bmo",
    "revenue": null,
    "revenueEstimated": 2063046750,
    "updatedFromDate": "2025-10-02",
    "fiscalDateEnding": "2025-09-30"
  },
  {
    "date": "2025-08-07",
    "symbol": "MLM",
    "eps": 5.43,
    "epsEstimated": 5.31,
    "time": "bmo",
    "revenue": 1811000000,
    "revenueEstimated": 1873510800,
    "updatedFromDate": "2025-10-02",
    "fiscalDateEnding": "2025-06-30"
  },
  {
    "date": "2025-04-30",
    "symbol": "MLM",
    "eps": 1.9,
    "epsEstimated": 1.88,
    "time": "bmo",
    "revenue": 1353000000,
    "revenueEstimated": 1356698754,
    "updatedFromDate": "2025-07-30",
    "fiscalDateEnding": "2025-03-31"
  },
  {
    "date": "2025-02-12",
    "symbol": "MLM",
    "eps": 4.79,
    "epsEstimated": 4.62,
    "time": "bmo",
    "revenue": 1631000000,
    "revenueEstimated": 1646861361,
    "updatedFromDate": "2025-05-12",
    "fiscalDateEnding": "2024-12-31"
  },
  {
    "date": "2024-10-30",
    "symbol": "MLM",
    "eps": 5.91,
    "epsEstimated": 6.28,
    "time": "bmo",
    "revenue": 1889000000,
    "revenueEstimated": 1929921379,
    "updatedFromDate": "2025-04-25",
    "fiscalDateEnding": "2024-09-30"
  },
  {
    "date": "2024-08-08",
    "symbol": "MLM",
    "eps": 4.76,
    "epsEstimated": 5.36,
    "time": "bmo",
    "revenue": 1764000000,
    "revenueEstimated": 1834682564,
    "updatedFromDate": "2025-04-25",
    "fiscalDateEnding": "2024-06-30"
  },
  {
    "date": "2024-04-30",
    "symbol": "MLM",
    "eps": 1.93,
    "epsEstimated": 1.86,
    "time": "bmo",
    "revenue": 1251000000,
    "revenueEstimated": 1311216605,
    "updatedFromDate": "2025-04-25",
    "fiscalDateEnding": "2024-03-31"
  },
  {
    "date": "2024-02-14",
    "symbol": "MLM",
    "eps": 4.63,
    "epsEstimated": 3.99,
    "time": "bmo",
    "revenue": 1608200000,
    "revenueEstimated": 1631660000,
    "updatedFromDate": "2025-04-25",
    "fiscalDateEnding": "2023-12-31"
  },
  {
    "date": "2023-11-01",
    "symbol": "MLM",
    "eps": 6.94,
    "epsEstimated": 6.06,
    "time": "bmo",
    "revenue": 1994100000,
    "revenueEstimated": 1999320000,
    "updatedFromDate": "2025-04-25",
    "fiscalDateEnding": "2023-09-30"
  },
  {
    "date": "2023-07-27",
    "symbol": "MLM",
    "eps": 5.6,
    "epsEstimated": 4.86,
    "time": "bmo",
    "revenue": 1820800000,
    "revenueEstimated": 2001310000,
    "updatedFromDate": "2025-04-25",
    "fiscalDateEnding": "2023-06-30"
  },
  {
    "date": "2023-05-04",
    "symbol": "MLM",
    "eps": 2.16,
    "epsEstimated": 0.98,
    "time": "bmo",
    "revenue": 1354100000,
    "revenueEstimated": 1221830000,
    "updatedFromDate": "2025-04-25",
    "fiscalDateEnding": "2023-03-31"
  },
  {
    "date": "2023-02-15",
    "symbol": "MLM",
    "eps": 3.04,
    "epsEstimated": 3.07,
    "time": "bmo",
    "revenue": 1476500000,
    "revenueEstimated": 1439558008,
    "updatedFromDate": "2025-04-25",
    "fiscalDateEnding": "2022-12-31"
  },
  {
    "date": "2022-11-02",
    "symbol": "MLM",
    "eps": 4.69,
    "epsEstimated": 4.63,
    "time": "bmo",
    "revenue": 1811700000,
    "revenueEstimated": 1659195728,
    "updatedFromDate": "2025-04-25",
    "fiscalDateEnding": "2022-09-30"
  },
  {
    "date": "2022-07-28",
    "symbol": "MLM",
    "eps": 3.96,
    "epsEstimated": 3.72,
    "time": "bmo",
    "revenue": 1641700000,
    "revenueEstimated": 1491478560,
    "updatedFromDate": "2025-04-25",
    "fiscalDateEnding": "2022-06-30"
  },
  {
    "date": "2022-05-03",
    "symbol": "MLM",
    "eps": 0.41,
    "epsEstimated": 0.67,
    "time": "bmo",
    "revenue": 1230800000,
    "revenueEstimated": 1073055323,
    "updatedFromDate": "2025-04-25",
    "fiscalDateEnding": "2022-03-31"
  },
  {
    "date": "2022-02-10",
    "symbol": "MLM",
    "eps": 3.15,
    "epsEstimated": 2.91,
    "time": "bmo",
    "revenue": 1496400000,
    "revenueEstimated": 1348625961,
    "updatedFromDate": "2025-04-25",
    "fiscalDateEnding": "2021-12-31"
  },
  {
    "date": "2021-11-02",
    "symbol": "MLM",
    "eps": 4.25,
    "epsEstimated": 4.24,
    "time": "bmo",
    "revenue": 1557300000,
    "revenueEstimated": 1420660000,
    "updatedFromDate": "2025-04-25",
    "fiscalDateEnding": "2021-09-30"
  },
  {
    "date": "2021-07-29",
    "symbol": "MLM",
    "eps": 3.81,
    "epsEstimated": 3.84,
    "time": "bmo",
    "revenue": 1377900000,
    "revenueEstimated": 1297510000,
    "updatedFromDate": "2025-04-25",
    "fiscalDateEnding": "2021-06-30"
  },
  {
    "date": "2021-05-04",
    "symbol": "MLM",
    "eps": 1.04,
    "epsEstimated": 0.5,
    "time": "bmo",
    "revenue": 982400000,
    "revenueEstimated": 656488800,
    "updatedFromDate": "2025-04-25",
    "fiscalDateEnding": "2021-03-31"
  },
  {
    "date": "2021-02-09",
    "symbol": "MLM",
    "eps": 2.93,
    "epsEstimated": 2.3,
    "time": "bmo",
    "revenue": 1179600000,
    "revenueEstimated": 1014970000,
    "updatedFromDate": "2025-04-25",
    "fiscalDateEnding": "2020-12-31"
  },
  {
    "date": "2020-10-29",
    "symbol": "MLM",
    "eps": 3.85,
    "epsEstimated": 3.76,
    "time": "bmo",
    "revenue": 1321400000,
    "revenueEstimated": 1055354564,
    "updatedFromDate": "2025-04-25",
    "fiscalDateEnding": "2020-09-30"
  },
  {
    "date": "2020-07-28",
    "symbol": "MLM",
    "eps": 3.49,
    "epsEstimated": 3.02,
    "time": "bmo",
    "revenue": 1270600000,
    "revenueEstimated": 1099487679,
    "updatedFromDate": "2025-04-25",
    "fiscalDateEnding": "2020-06-30"
  },
  {
    "date": "2020-05-05",
    "symbol": "MLM",
    "eps": 0.41,
    "epsEstimated": 0.49,
    "time": "bmo",
    "revenue": 958200000,
    "revenueEstimated": 1145165853,
    "updatedFromDate": "2025-04-25",
    "fiscalDateEnding": "2020-03-31"
  },
  {
    "date": "2020-02-11",
    "symbol": "MLM",
    "eps": 2.09,
    "epsEstimated": 2.19,
    "time": "bmo",
    "revenue": 1100430000,
    "revenueEstimated": 1153084248,
    "updatedFromDate": "2025-04-25",
    "fiscalDateEnding": "2019-12-31"
  },
  {
    "date": "2019-10-29",
    "symbol": "MLM",
    "eps": 3.96,
    "epsEstimated": 3.51,
    "time": "bmo",
    "revenue": 1420246000,
    "revenueEstimated": 1258854409,
    "updatedFromDate": "2025-04-25",
    "fiscalDateEnding": "2019-09-30"
  },
  {
    "date": "2019-07-30",
    "symbol": "MLM",
    "eps": 3.2,
    "epsEstimated": 3.18,
    "time": "bmo",
    "revenue": 1279468000,
    "revenueEstimated": 2343714936,
    "updatedFromDate": "2025-04-25",
    "fiscalDateEnding": "2019-06-30"
  },
  {
    "date": "2019-04-30",
    "symbol": "MLM",
    "eps": 0.68,
    "epsEstimated": 0.29,
    "time": "bmo",
    "revenue": 938955000,
    "revenueEstimated": 469477500,
    "updatedFromDate": "2025-04-25",
    "fiscalDateEnding": "2019-03-31"
  },
  {
    "date": "2019-02-12",
    "symbol": "MLM",
    "eps": 1.5,
    "epsEstimated": 1.74,
    "time": "bmo",
    "revenue": 1020218000,
    "revenueEstimated": 1183452880,
    "updatedFromDate": "2025-04-25",
    "fiscalDateEnding": "2018-12-31"
  },
  {
    "date": "2018-11-06",
    "symbol": "MLM",
    "eps": 3.06,
    "epsEstimated": 2.78,
    "time": "bmo",
    "revenue": 1219640000,
    "revenueEstimated": 1189644912,
    "updatedFromDate": "2025-04-25",
    "fiscalDateEnding": "2018-09-30"
  },
  {
    "date": "2018-07-26",
    "symbol": "MLM",
    "eps": 3.04,
    "epsEstimated": 2.85,
    "time": "bmo",
    "revenue": 1202403000,
    "revenueEstimated": 1173575342,
    "updatedFromDate": "2025-04-25",
    "fiscalDateEnding": "2018-06-30"
  },
  {
    "date": "2018-05-08",
    "symbol": "MLM",
    "eps": 0.16,
    "epsEstimated": 0.22,
    "time": "bmo",
    "revenue": 802004000,
    "revenueEstimated": 1102750000,
    "updatedFromDate": "2025-04-25",
    "fiscalDateEnding": "2018-03-31"
  },
  {
    "date": "2018-02-13",
    "symbol": "MLM",
    "eps": 1.88,
    "epsEstimated": 1.42,
    "time": "bmo",
    "revenue": 970500000,
    "revenueEstimated": 758848404,
    "updatedFromDate": "2025-04-25",
    "fiscalDateEnding": "2017-12-31"
  },
  {
    "date": "2017-11-02",
    "symbol": "MLM",
    "eps": 2.39,
    "epsEstimated": 2.45,
    "time": "bmo",
    "revenue": 1087732000,
    "revenueEstimated": 1115006276,
    "updatedFromDate": "2025-04-25",
    "fiscalDateEnding": "2017-09-30"
  },
  {
    "date": "2017-08-01",
    "symbol": "MLM",
    "eps": 2.25,
    "epsEstimated": 2.36,
    "time": "bmo",
    "revenue": 1063524000,
    "revenueEstimated": 1115493333,
    "updatedFromDate": "2025-04-25",
    "fiscalDateEnding": "2017-06-30"
  },
  {
    "date": "2017-05-02",
    "symbol": "MLM",
    "eps": 0.67,
    "epsEstimated": 0.4,
    "time": "bmo",
    "revenue": 843900000,
    "revenueEstimated": 678779082,
    "updatedFromDate": "2025-04-25",
    "fiscalDateEnding": "2017-03-31"
  },
  {
    "date": "2017-02-14",
    "symbol": "MLM",
    "eps": 1.55,
    "epsEstimated": 1.62,
    "time": "bmo",
    "revenue": 948800000,
    "revenueEstimated": 991649032,
    "updatedFromDate": "2025-04-25",
    "fiscalDateEnding": "2016-12-31"
  },
  {
    "date": "2016-11-01",
    "symbol": "MLM",
    "eps": 2.49,
    "epsEstimated": 2.61,
    "time": "bmo",
    "revenue": 1103900000,
    "revenueEstimated": 1157100000,
    "updatedFromDate": "2025-04-25",
    "fiscalDateEnding": "2016-09-30"
  },
  {
    "date": "2016-08-02",
    "symbol": "MLM",
    "eps": 1.9,
    "epsEstimated": 2,
    "time": "bmo",
    "revenue": 977300000,
    "revenueEstimated": 1028736842,
    "updatedFromDate": "2025-04-25",
    "fiscalDateEnding": "2016-06-30"
  }
]