[
  {
    "date": "2026-04-15",
    "symbol": "MMC",
    "eps": null,
    "epsEstimated": null,
    "time": "bmo",
    "revenue": null,
    "revenueEstimated": null,
    "updatedFromDate": "2025-10-02",
    "fiscalDateEnding": "2026-03-30"
  },
  {
    "date": "2026-01-28",
    "symbol": "MMC",
    "eps": null,
    "epsEstimated": null,
    "time": "bmo",
    "revenue": null,
    "revenueEstimated": null,
    "updatedFromDate": "2025-10-02",
    "fiscalDateEnding": "2025-12-30"
  },
  {
    "date": "2025-10-16",
    "symbol": "MMC",
    "eps": null,
    "epsEstimated": 1.8,
    "time": "bmo",
    "revenue": null,
    "revenueEstimated": 6334788000,
    "updatedFromDate": "2025-10-02",
    "fiscalDateEnding": "2025-09-30"
  },
  {
    "date": "2025-07-17",
    "symbol": "MMC",
    "eps": 2.72,
    "epsEstimated": 2.67,
    "time": "bmo",
    "revenue": 6974000000,
    "revenueEstimated": 6938890576,
    "updatedFromDate": "2025-10-02",
    "fiscalDateEnding": "2025-06-30"
  },
  {
    "date": "2025-04-17",
    "symbol": "MMC",
    "eps": 3.06,
    "epsEstimated": 3.02,
    "time": "bmo",
    "revenue": 7061000000,
    "revenueEstimated": 7076856938,
    "updatedFromDate": "2025-07-17",
    "fiscalDateEnding": "2025-03-31"
  },
  {
    "date": "2025-01-30",
    "symbol": "MMC",
    "eps": 1.87,
    "epsEstimated": 1.76,
    "time": "bmo",
    "revenue": 6067000000,
    "revenueEstimated": 5960837807,
    "updatedFromDate": "2025-04-30",
    "fiscalDateEnding": "2024-12-31"
  },
  {
    "date": "2024-10-17",
    "symbol": "MMC",
    "eps": 1.63,
    "epsEstimated": 1.61,
    "time": "bmo",
    "revenue": 5697000000,
    "revenueEstimated": 5710287724,
    "updatedFromDate": "2025-04-24",
    "fiscalDateEnding": "2024-09-30"
  },
  {
    "date": "2024-07-18",
    "symbol": "MMC",
    "eps": 2.41,
    "epsEstimated": 2.4,
    "time": "bmo",
    "revenue": 6222000000,
    "revenueEstimated": 6306700567,
    "updatedFromDate": "2025-04-24",
    "fiscalDateEnding": "2024-06-30"
  },
  {
    "date": "2024-04-18",
    "symbol": "MMC",
    "eps": 2.89,
    "epsEstimated": 2.8,
    "time": "bmo",
    "revenue": 6474000000,
    "revenueEstimated": 6384363959,
    "updatedFromDate": "2025-04-24",
    "fiscalDateEnding": "2024-03-31"
  },
  {
    "date": "2024-01-25",
    "symbol": "MMC",
    "eps": 1.68,
    "epsEstimated": 1.63,
    "time": "bmo",
    "revenue": 5554000000,
    "revenueEstimated": 5540050000,
    "updatedFromDate": "2025-04-24",
    "fiscalDateEnding": "2023-12-31"
  },
  {
    "date": "2023-10-19",
    "symbol": "MMC",
    "eps": 1.47,
    "epsEstimated": 1.39,
    "time": "bmo",
    "revenue": 5382000000,
    "revenueEstimated": 5524730000,
    "updatedFromDate": "2025-04-24",
    "fiscalDateEnding": "2023-09-30"
  },
  {
    "date": "2023-07-20",
    "symbol": "MMC",
    "eps": 2.2,
    "epsEstimated": 2.12,
    "time": "bmo",
    "revenue": 5876000000,
    "revenueEstimated": 5760530000,
    "updatedFromDate": "2025-04-24",
    "fiscalDateEnding": "2023-06-30"
  },
  {
    "date": "2023-04-20",
    "symbol": "MMC",
    "eps": 2.53,
    "epsEstimated": 2.47,
    "time": "bmo",
    "revenue": 5924000000,
    "revenueEstimated": 5866180000,
    "updatedFromDate": "2025-04-24",
    "fiscalDateEnding": "2023-03-31"
  },
  {
    "date": "2023-01-26",
    "symbol": "MMC",
    "eps": 1.47,
    "epsEstimated": 1.4,
    "time": "bmo",
    "revenue": 5022000000,
    "revenueEstimated": 5227430202,
    "updatedFromDate": "2025-04-24",
    "fiscalDateEnding": "2022-12-31"
  },
  {
    "date": "2022-10-20",
    "symbol": "MMC",
    "eps": 1.18,
    "epsEstimated": 1.14,
    "time": "bmo",
    "revenue": 4770000000,
    "revenueEstimated": 4875203297,
    "updatedFromDate": "2025-04-24",
    "fiscalDateEnding": "2022-09-30"
  },
  {
    "date": "2022-07-21",
    "symbol": "MMC",
    "eps": 1.89,
    "epsEstimated": 1.86,
    "time": "bmo",
    "revenue": 5379000000,
    "revenueEstimated": 5335884797,
    "updatedFromDate": "2025-04-24",
    "fiscalDateEnding": "2022-06-30"
  },
  {
    "date": "2022-04-21",
    "symbol": "MMC",
    "eps": 2.3,
    "epsEstimated": 2.14,
    "time": "bmo",
    "revenue": 5549000000,
    "revenueEstimated": 5488693312,
    "updatedFromDate": "2025-04-24",
    "fiscalDateEnding": "2022-03-31"
  },
  {
    "date": "2022-01-27",
    "symbol": "MMC",
    "eps": 1.36,
    "epsEstimated": 1.34,
    "time": "bmo",
    "revenue": 5137000000,
    "revenueEstimated": 5527170000,
    "updatedFromDate": "2025-04-24",
    "fiscalDateEnding": "2021-12-31"
  },
  {
    "date": "2021-10-21",
    "symbol": "MMC",
    "eps": 1.08,
    "epsEstimated": 0.98,
    "time": "bmo",
    "revenue": 4583000000,
    "revenueEstimated": 4430000000,
    "updatedFromDate": "2025-04-24",
    "fiscalDateEnding": "2021-09-30"
  },
  {
    "date": "2021-07-22",
    "symbol": "MMC",
    "eps": 1.75,
    "epsEstimated": 1.43,
    "time": "bmo",
    "revenue": 5017000000,
    "revenueEstimated": 4430000000,
    "updatedFromDate": "2025-04-24",
    "fiscalDateEnding": "2021-06-30"
  },
  {
    "date": "2021-04-27",
    "symbol": "MMC",
    "eps": 1.99,
    "epsEstimated": 1.71,
    "time": "bmo",
    "revenue": 5083000000,
    "revenueEstimated": 4790830000,
    "updatedFromDate": "2025-04-24",
    "fiscalDateEnding": "2021-03-31"
  },
  {
    "date": "2021-01-28",
    "symbol": "MMC",
    "eps": 1.19,
    "epsEstimated": 1.14,
    "time": "bmo",
    "revenue": 4416000000,
    "revenueEstimated": 4181522123,
    "updatedFromDate": "2025-04-24",
    "fiscalDateEnding": "2020-12-31"
  },
  {
    "date": "2020-10-29",
    "symbol": "MMC",
    "eps": 0.82,
    "epsEstimated": 0.74,
    "time": "bmo",
    "revenue": 3968000000,
    "revenueEstimated": 3532487804,
    "updatedFromDate": "2025-04-24",
    "fiscalDateEnding": "2020-09-30"
  },
  {
    "date": "2020-07-30",
    "symbol": "MMC",
    "eps": 1.32,
    "epsEstimated": 1.13,
    "time": "bmo",
    "revenue": 4189000000,
    "revenueEstimated": 3586037878,
    "updatedFromDate": "2025-04-24",
    "fiscalDateEnding": "2020-06-30"
  },
  {
    "date": "2020-04-30",
    "symbol": "MMC",
    "eps": 1.64,
    "epsEstimated": 1.57,
    "time": "bmo",
    "revenue": 4651000000,
    "revenueEstimated": 4452481707,
    "updatedFromDate": "2025-04-24",
    "fiscalDateEnding": "2020-03-31"
  },
  {
    "date": "2020-01-30",
    "symbol": "MMC",
    "eps": 1.19,
    "epsEstimated": 1.18,
    "time": "bmo",
    "revenue": 4264000000,
    "revenueEstimated": 4228168067,
    "updatedFromDate": "2025-04-24",
    "fiscalDateEnding": "2019-12-31"
  },
  {
    "date": "2019-10-29",
    "symbol": "MMC",
    "eps": 0.77,
    "epsEstimated": 0.7,
    "time": "bmo",
    "revenue": 3968000000,
    "revenueEstimated": 3607272727,
    "updatedFromDate": "2025-04-24",
    "fiscalDateEnding": "2019-09-30"
  },
  {
    "date": "2019-07-30",
    "symbol": "MMC",
    "eps": 1.18,
    "epsEstimated": 1.13,
    "time": "bmo",
    "revenue": 4349000000,
    "revenueEstimated": 4164720338,
    "updatedFromDate": "2025-04-24",
    "fiscalDateEnding": "2019-06-30"
  },
  {
    "date": "2019-04-25",
    "symbol": "MMC",
    "eps": 1.52,
    "epsEstimated": 1.45,
    "time": "bmo",
    "revenue": 4071000000,
    "revenueEstimated": 3883519736,
    "updatedFromDate": "2025-04-24",
    "fiscalDateEnding": "2019-03-31"
  },
  {
    "date": "2019-01-31",
    "symbol": "MMC",
    "eps": 1.09,
    "epsEstimated": 1.03,
    "time": "bmo",
    "revenue": 3712000000,
    "revenueEstimated": 3541724770,
    "updatedFromDate": "2025-04-24",
    "fiscalDateEnding": "2018-12-31"
  },
  {
    "date": "2018-10-25",
    "symbol": "MMC",
    "eps": 0.78,
    "epsEstimated": 0.75,
    "time": "bmo",
    "revenue": 3504000000,
    "revenueEstimated": 3369230769,
    "updatedFromDate": "2025-04-24",
    "fiscalDateEnding": "2018-09-30"
  },
  {
    "date": "2018-07-26",
    "symbol": "MMC",
    "eps": 1.1,
    "epsEstimated": 1.11,
    "time": "bmo",
    "revenue": 3734000000,
    "revenueEstimated": 3767945454,
    "updatedFromDate": "2025-04-24",
    "fiscalDateEnding": "2018-06-30"
  },
  {
    "date": "2018-04-26",
    "symbol": "MMC",
    "eps": 1.38,
    "epsEstimated": 1.3,
    "time": "bmo",
    "revenue": 4000000000,
    "revenueEstimated": 3768115942,
    "updatedFromDate": "2025-04-24",
    "fiscalDateEnding": "2018-03-31"
  },
  {
    "date": "2018-02-01",
    "symbol": "MMC",
    "eps": 1.05,
    "epsEstimated": 0.95,
    "time": "bmo",
    "revenue": 3685000000,
    "revenueEstimated": 3298952380,
    "updatedFromDate": "2025-04-24",
    "fiscalDateEnding": "2017-12-31"
  },
  {
    "date": "2017-10-26",
    "symbol": "MMC",
    "eps": 0.79,
    "epsEstimated": 0.78,
    "time": "bmo",
    "revenue": 3341000000,
    "revenueEstimated": 3298708860,
    "updatedFromDate": "2025-04-24",
    "fiscalDateEnding": "2017-09-30"
  },
  {
    "date": "2017-07-27",
    "symbol": "MMC",
    "eps": 1,
    "epsEstimated": 1,
    "time": "bmo",
    "revenue": 3495000000,
    "revenueEstimated": 3495000000,
    "updatedFromDate": "2025-04-24",
    "fiscalDateEnding": "2017-06-30"
  },
  {
    "date": "2017-04-27",
    "symbol": "MMC",
    "eps": 1,
    "epsEstimated": 0.98,
    "time": "bmo",
    "revenue": 3503000000,
    "revenueEstimated": 3178648148,
    "updatedFromDate": "2025-04-24",
    "fiscalDateEnding": "2017-03-31"
  },
  {
    "date": "2017-02-02",
    "symbol": "MMC",
    "eps": 0.89,
    "epsEstimated": 0.84,
    "time": "bmo",
    "revenue": 3364000000,
    "revenueEstimated": 3175011235,
    "updatedFromDate": "2025-04-24",
    "fiscalDateEnding": "2016-12-31"
  },
  {
    "date": "2016-10-25",
    "symbol": "MMC",
    "eps": 0.69,
    "epsEstimated": 0.68,
    "time": "bmo",
    "revenue": 3135000000,
    "revenueEstimated": 3089565217,
    "updatedFromDate": "2025-04-24",
    "fiscalDateEnding": "2016-09-30"
  },
  {
    "date": "2016-07-28",
    "symbol": "MMC",
    "eps": 0.91,
    "epsEstimated": 0.9,
    "time": "bmo",
    "revenue": 3376000000,
    "revenueEstimated": 3338901098,
    "updatedFromDate": "2025-04-24",
    "fiscalDateEnding": "2016-06-30"
  }
]