[
  {
    "date": "2026-04-20",
    "symbol": "MMM",
    "eps": null,
    "epsEstimated": null,
    "time": "bmo",
    "revenue": null,
    "revenueEstimated": null,
    "updatedFromDate": "2025-10-02",
    "fiscalDateEnding": "2026-03-30"
  },
  {
    "date": "2026-01-19",
    "symbol": "MMM",
    "eps": null,
    "epsEstimated": null,
    "time": "bmo",
    "revenue": null,
    "revenueEstimated": null,
    "updatedFromDate": "2025-10-02",
    "fiscalDateEnding": "2025-12-30"
  },
  {
    "date": "2025-10-28",
    "symbol": "MMM",
    "eps": null,
    "epsEstimated": 2.07,
    "time": "bmo",
    "revenue": null,
    "revenueEstimated": 6250522170,
    "updatedFromDate": "2025-10-02",
    "fiscalDateEnding": "2025-09-30"
  },
  {
    "date": "2025-07-18",
    "symbol": "MMM",
    "eps": 2.16,
    "epsEstimated": 2.01,
    "time": "bmo",
    "revenue": 6344000000,
    "revenueEstimated": 6117954033,
    "updatedFromDate": "2025-10-02",
    "fiscalDateEnding": "2025-06-30"
  },
  {
    "date": "2025-04-22",
    "symbol": "MMM",
    "eps": 1.88,
    "epsEstimated": 1.78,
    "time": "bmo",
    "revenue": 5954000000,
    "revenueEstimated": 5760788223,
    "updatedFromDate": "2025-07-22",
    "fiscalDateEnding": "2025-03-31"
  },
  {
    "date": "2025-01-21",
    "symbol": "MMM",
    "eps": 1.68,
    "epsEstimated": 1.67,
    "time": "bmo",
    "revenue": 6010000000,
    "revenueEstimated": 5783453427,
    "updatedFromDate": "2025-04-25",
    "fiscalDateEnding": "2024-12-31"
  },
  {
    "date": "2024-10-22",
    "symbol": "MMM",
    "eps": 1.98,
    "epsEstimated": 1.91,
    "time": "bmo",
    "revenue": 6294000000,
    "revenueEstimated": 6059797240,
    "updatedFromDate": "2025-04-25",
    "fiscalDateEnding": "2024-09-30"
  },
  {
    "date": "2024-07-26",
    "symbol": "MMM",
    "eps": 1.93,
    "epsEstimated": 1.68,
    "time": "bmo",
    "revenue": 6255000000,
    "revenueEstimated": 5854012822,
    "updatedFromDate": "2025-04-25",
    "fiscalDateEnding": "2024-06-30"
  },
  {
    "date": "2024-04-30",
    "symbol": "MMM",
    "eps": 2.39,
    "epsEstimated": 2.1,
    "time": "bmo",
    "revenue": 8003000000,
    "revenueEstimated": 7628358076,
    "updatedFromDate": "2025-04-25",
    "fiscalDateEnding": "2024-03-31"
  },
  {
    "date": "2024-01-23",
    "symbol": "MMM",
    "eps": 2.42,
    "epsEstimated": 2.31,
    "time": "bmo",
    "revenue": 8013000000,
    "revenueEstimated": 7701980000,
    "updatedFromDate": "2025-04-25",
    "fiscalDateEnding": "2023-12-31"
  },
  {
    "date": "2023-10-24",
    "symbol": "MMM",
    "eps": 2.68,
    "epsEstimated": 2.34,
    "time": "bmo",
    "revenue": 8312000000,
    "revenueEstimated": 7992916008,
    "updatedFromDate": "2025-04-25",
    "fiscalDateEnding": "2023-09-30"
  },
  {
    "date": "2023-07-25",
    "symbol": "MMM",
    "eps": 2.17,
    "epsEstimated": 1.65,
    "time": "bmo",
    "revenue": 8325000000,
    "revenueEstimated": 7865870000,
    "updatedFromDate": "2025-04-25",
    "fiscalDateEnding": "2023-06-30"
  },
  {
    "date": "2023-04-25",
    "symbol": "MMM",
    "eps": 1.97,
    "epsEstimated": 1.58,
    "time": "bmo",
    "revenue": 8031000000,
    "revenueEstimated": 7486580000,
    "updatedFromDate": "2025-04-25",
    "fiscalDateEnding": "2023-03-31"
  },
  {
    "date": "2023-01-24",
    "symbol": "MMM",
    "eps": 2.28,
    "epsEstimated": 2.34,
    "time": "bmo",
    "revenue": 8079000000,
    "revenueEstimated": 8047322265,
    "updatedFromDate": "2025-04-25",
    "fiscalDateEnding": "2022-12-31"
  },
  {
    "date": "2022-10-25",
    "symbol": "MMM",
    "eps": 2.69,
    "epsEstimated": 2.61,
    "time": "bmo",
    "revenue": 8619000000,
    "revenueEstimated": 8711374798,
    "updatedFromDate": "2025-04-25",
    "fiscalDateEnding": "2022-09-30"
  },
  {
    "date": "2022-07-26",
    "symbol": "MMM",
    "eps": 2.48,
    "epsEstimated": 2.41,
    "time": "bmo",
    "revenue": 8702000000,
    "revenueEstimated": 8569706643,
    "updatedFromDate": "2025-04-25",
    "fiscalDateEnding": "2022-06-30"
  },
  {
    "date": "2022-04-26",
    "symbol": "MMM",
    "eps": 2.65,
    "epsEstimated": 2.31,
    "time": "bmo",
    "revenue": 8829000000,
    "revenueEstimated": 8749120457,
    "updatedFromDate": "2025-04-25",
    "fiscalDateEnding": "2022-03-31"
  },
  {
    "date": "2022-01-25",
    "symbol": "MMM",
    "eps": 2.31,
    "epsEstimated": 2.01,
    "time": "bmo",
    "revenue": 8612000000,
    "revenueEstimated": 9049660000,
    "updatedFromDate": "2025-04-25",
    "fiscalDateEnding": "2021-12-31"
  },
  {
    "date": "2021-10-26",
    "symbol": "MMM",
    "eps": 2.45,
    "epsEstimated": 2.2,
    "time": "bmo",
    "revenue": 8942000000,
    "revenueEstimated": 8824480000,
    "updatedFromDate": "2025-04-25",
    "fiscalDateEnding": "2021-09-30"
  },
  {
    "date": "2021-07-27",
    "symbol": "MMM",
    "eps": 2.59,
    "epsEstimated": 2.28,
    "time": "bmo",
    "revenue": 8950000000,
    "revenueEstimated": 8825040000,
    "updatedFromDate": "2025-04-25",
    "fiscalDateEnding": "2021-06-30"
  },
  {
    "date": "2021-04-27",
    "symbol": "MMM",
    "eps": 2.77,
    "epsEstimated": 2.29,
    "time": "bmo",
    "revenue": 8851000000,
    "revenueEstimated": 8495830000,
    "updatedFromDate": "2025-04-25",
    "fiscalDateEnding": "2021-03-31"
  },
  {
    "date": "2021-01-26",
    "symbol": "MMM",
    "eps": 2.38,
    "epsEstimated": 2.15,
    "time": "bmo",
    "revenue": 8583000000,
    "revenueEstimated": 7664818604,
    "updatedFromDate": "2025-04-25",
    "fiscalDateEnding": "2020-12-31"
  },
  {
    "date": "2020-10-27",
    "symbol": "MMM",
    "eps": 2.43,
    "epsEstimated": 2.26,
    "time": "bmo",
    "revenue": 8350000000,
    "revenueEstimated": 7765843621,
    "updatedFromDate": "2025-04-25",
    "fiscalDateEnding": "2020-09-30"
  },
  {
    "date": "2020-07-28",
    "symbol": "MMM",
    "eps": 1.78,
    "epsEstimated": 1.8,
    "time": "bmo",
    "revenue": 7176000000,
    "revenueEstimated": 7256629213,
    "updatedFromDate": "2025-04-25",
    "fiscalDateEnding": "2020-06-30"
  },
  {
    "date": "2020-04-28",
    "symbol": "MMM",
    "eps": 2.16,
    "epsEstimated": 2.03,
    "time": "bmo",
    "revenue": 8075000000,
    "revenueEstimated": 7589004629,
    "updatedFromDate": "2025-04-25",
    "fiscalDateEnding": "2020-03-31"
  },
  {
    "date": "2020-01-28",
    "symbol": "MMM",
    "eps": 2.15,
    "epsEstimated": 2.1,
    "time": "bmo",
    "revenue": 8111000000,
    "revenueEstimated": 7922372093,
    "updatedFromDate": "2025-04-25",
    "fiscalDateEnding": "2019-12-31"
  },
  {
    "date": "2019-10-24",
    "symbol": "MMM",
    "eps": 2.58,
    "epsEstimated": 2.49,
    "time": "bmo",
    "revenue": 7991000000,
    "revenueEstimated": 7712244186,
    "updatedFromDate": "2025-04-25",
    "fiscalDateEnding": "2019-09-30"
  },
  {
    "date": "2019-07-25",
    "symbol": "MMM",
    "eps": 2.2,
    "epsEstimated": 2.05,
    "time": "bmo",
    "revenue": 8171000000,
    "revenueEstimated": 7864107981,
    "updatedFromDate": "2025-04-25",
    "fiscalDateEnding": "2019-06-30"
  },
  {
    "date": "2019-04-25",
    "symbol": "MMM",
    "eps": 2.23,
    "epsEstimated": 2.5,
    "time": "bmo",
    "revenue": 7863000000,
    "revenueEstimated": 8779762331,
    "updatedFromDate": "2025-04-25",
    "fiscalDateEnding": "2019-03-31"
  },
  {
    "date": "2019-01-29",
    "symbol": "MMM",
    "eps": 2.31,
    "epsEstimated": 2.28,
    "time": "bmo",
    "revenue": 7945000000,
    "revenueEstimated": 7841818181,
    "updatedFromDate": "2025-04-25",
    "fiscalDateEnding": "2018-12-31"
  },
  {
    "date": "2018-10-23",
    "symbol": "MMM",
    "eps": 2.58,
    "epsEstimated": 2.7,
    "time": "bmo",
    "revenue": 8152000000,
    "revenueEstimated": 8531162790,
    "updatedFromDate": "2025-04-25",
    "fiscalDateEnding": "2018-09-30"
  },
  {
    "date": "2018-07-24",
    "symbol": "MMM",
    "eps": 2.59,
    "epsEstimated": 2.58,
    "time": "bmo",
    "revenue": 8390000000,
    "revenueEstimated": 8357606177,
    "updatedFromDate": "2025-04-25",
    "fiscalDateEnding": "2018-06-30"
  },
  {
    "date": "2018-04-24",
    "symbol": "MMM",
    "eps": 2.5,
    "epsEstimated": 2.5,
    "time": "bmo",
    "revenue": 8278000000,
    "revenueEstimated": 8278000000,
    "updatedFromDate": "2025-04-25",
    "fiscalDateEnding": "2018-03-31"
  },
  {
    "date": "2018-01-25",
    "symbol": "MMM",
    "eps": 2.1,
    "epsEstimated": 2.03,
    "time": "bmo",
    "revenue": 7990000000,
    "revenueEstimated": 7647571428,
    "updatedFromDate": "2025-04-25",
    "fiscalDateEnding": "2017-12-31"
  },
  {
    "date": "2017-10-24",
    "symbol": "MMM",
    "eps": 2.33,
    "epsEstimated": 2.21,
    "time": "bmo",
    "revenue": 8172000000,
    "revenueEstimated": 7751124463,
    "updatedFromDate": "2025-04-25",
    "fiscalDateEnding": "2017-09-30"
  },
  {
    "date": "2017-07-25",
    "symbol": "MMM",
    "eps": 2.25,
    "epsEstimated": 2.54,
    "time": "bmo",
    "revenue": 7810000000,
    "revenueEstimated": 7688914728,
    "updatedFromDate": "2025-04-25",
    "fiscalDateEnding": "2017-06-30"
  },
  {
    "date": "2017-04-25",
    "symbol": "MMM",
    "eps": 2.16,
    "epsEstimated": 2.06,
    "time": "bmo",
    "revenue": 7685000000,
    "revenueEstimated": 7329212962,
    "updatedFromDate": "2025-04-25",
    "fiscalDateEnding": "2017-03-31"
  },
  {
    "date": "2017-01-24",
    "symbol": "MMM",
    "eps": 1.88,
    "epsEstimated": 1.87,
    "time": "bmo",
    "revenue": 7329000000,
    "revenueEstimated": 7290015957,
    "updatedFromDate": "2025-04-25",
    "fiscalDateEnding": "2016-12-31"
  },
  {
    "date": "2016-10-25",
    "symbol": "MMM",
    "eps": 2.15,
    "epsEstimated": 2.14,
    "time": "bmo",
    "revenue": 7709000000,
    "revenueEstimated": 7673144186,
    "updatedFromDate": "2025-04-25",
    "fiscalDateEnding": "2016-09-30"
  },
  {
    "date": "2016-07-26",
    "symbol": "MMM",
    "eps": 2.08,
    "epsEstimated": 2.07,
    "time": "bmo",
    "revenue": 7662000000,
    "revenueEstimated": 7625163461,
    "updatedFromDate": "2025-04-25",
    "fiscalDateEnding": "2016-06-30"
  }
]