[
  {
    "date": "2026-05-06",
    "symbol": "MNST",
    "eps": null,
    "epsEstimated": null,
    "time": "amc",
    "revenue": null,
    "revenueEstimated": null,
    "updatedFromDate": "2025-10-02",
    "fiscalDateEnding": "2026-03-30"
  },
  {
    "date": "2026-02-25",
    "symbol": "MNST",
    "eps": null,
    "epsEstimated": null,
    "time": "amc",
    "revenue": null,
    "revenueEstimated": null,
    "updatedFromDate": "2025-10-02",
    "fiscalDateEnding": "2025-12-30"
  },
  {
    "date": "2025-11-06",
    "symbol": "MNST",
    "eps": null,
    "epsEstimated": 0.48,
    "time": "bmo",
    "revenue": null,
    "revenueEstimated": 2107701720,
    "updatedFromDate": "2025-10-02",
    "fiscalDateEnding": "2025-09-30"
  },
  {
    "date": "2025-08-07",
    "symbol": "MNST",
    "eps": 0.52,
    "epsEstimated": 0.4805,
    "time": "amc",
    "revenue": 2111593000,
    "revenueEstimated": 2082477735,
    "updatedFromDate": "2025-10-02",
    "fiscalDateEnding": "2025-06-30"
  },
  {
    "date": "2025-05-08",
    "symbol": "MNST",
    "eps": 0.47,
    "epsEstimated": 0.4589,
    "time": "amc",
    "revenue": 1854558000,
    "revenueEstimated": 1977920481,
    "updatedFromDate": "2025-08-08",
    "fiscalDateEnding": "2025-03-31"
  },
  {
    "date": "2025-02-27",
    "symbol": "MNST",
    "eps": 0.38,
    "epsEstimated": 0.4,
    "time": "amc",
    "revenue": 1812041000,
    "revenueEstimated": 1793577818,
    "updatedFromDate": "2025-05-27",
    "fiscalDateEnding": "2024-12-31"
  },
  {
    "date": "2024-11-07",
    "symbol": "MNST",
    "eps": 0.4,
    "epsEstimated": 0.43,
    "time": "amc",
    "revenue": 1880973000,
    "revenueEstimated": 1906064821,
    "updatedFromDate": "2025-04-25",
    "fiscalDateEnding": "2024-09-30"
  },
  {
    "date": "2024-08-07",
    "symbol": "MNST",
    "eps": 0.41,
    "epsEstimated": 0.45,
    "time": "amc",
    "revenue": 1900597000,
    "revenueEstimated": 2011283720,
    "updatedFromDate": "2025-04-25",
    "fiscalDateEnding": "2024-06-30"
  },
  {
    "date": "2024-05-02",
    "symbol": "MNST",
    "eps": 0.42,
    "epsEstimated": 0.43,
    "time": "amc",
    "revenue": 1899098000,
    "revenueEstimated": 1899463536,
    "updatedFromDate": "2025-04-25",
    "fiscalDateEnding": "2024-03-31"
  },
  {
    "date": "2024-02-28",
    "symbol": "MNST",
    "eps": 0.38,
    "epsEstimated": 0.38,
    "time": "amc",
    "revenue": 1730108000,
    "revenueEstimated": 1755477223,
    "updatedFromDate": "2025-04-25",
    "fiscalDateEnding": "2023-12-31"
  },
  {
    "date": "2023-11-02",
    "symbol": "MNST",
    "eps": 0.41,
    "epsEstimated": 0.4,
    "time": "amc",
    "revenue": 1856028000,
    "revenueEstimated": 1760010000,
    "updatedFromDate": "2025-04-25",
    "fiscalDateEnding": "2023-09-30"
  },
  {
    "date": "2023-08-03",
    "symbol": "MNST",
    "eps": 0.39,
    "epsEstimated": 0.39,
    "time": "amc",
    "revenue": 1854961000,
    "revenueEstimated": 1870490000,
    "updatedFromDate": "2025-04-25",
    "fiscalDateEnding": "2023-06-30"
  },
  {
    "date": "2023-05-04",
    "symbol": "MNST",
    "eps": 0.38,
    "epsEstimated": 0.34,
    "time": "amc",
    "revenue": 1698930000,
    "revenueEstimated": 1694650000,
    "updatedFromDate": "2025-04-25",
    "fiscalDateEnding": "2023-03-31"
  },
  {
    "date": "2023-02-28",
    "symbol": "MNST",
    "eps": 0.29,
    "epsEstimated": 0.31,
    "time": "amc",
    "revenue": 1512931000,
    "revenueEstimated": 1601112657,
    "updatedFromDate": "2025-04-25",
    "fiscalDateEnding": "2022-12-31"
  },
  {
    "date": "2022-11-03",
    "symbol": "MNST",
    "eps": 0.3,
    "epsEstimated": 0.29,
    "time": "amc",
    "revenue": 1624286000,
    "revenueEstimated": 1652993331,
    "updatedFromDate": "2025-04-25",
    "fiscalDateEnding": "2022-09-30"
  },
  {
    "date": "2022-08-04",
    "symbol": "MNST",
    "eps": 0.26,
    "epsEstimated": 0.34,
    "time": "amc",
    "revenue": 1655260000,
    "revenueEstimated": 1611019061,
    "updatedFromDate": "2025-04-25",
    "fiscalDateEnding": "2022-06-30"
  },
  {
    "date": "2022-05-05",
    "symbol": "MNST",
    "eps": 0.28,
    "epsEstimated": 0.3,
    "time": "amc",
    "revenue": 1518574000,
    "revenueEstimated": 1427927963,
    "updatedFromDate": "2025-04-25",
    "fiscalDateEnding": "2022-03-31"
  },
  {
    "date": "2022-02-24",
    "symbol": "MNST",
    "eps": 0.3,
    "epsEstimated": 0.3,
    "time": "amc",
    "revenue": 1425044000,
    "revenueEstimated": 1329328732,
    "updatedFromDate": "2025-04-25",
    "fiscalDateEnding": "2021-12-31"
  },
  {
    "date": "2021-11-04",
    "symbol": "MNST",
    "eps": 0.32,
    "epsEstimated": 0.33,
    "time": "amc",
    "revenue": 1410557000,
    "revenueEstimated": 1385440000,
    "updatedFromDate": "2025-04-25",
    "fiscalDateEnding": "2021-09-30"
  },
  {
    "date": "2021-08-05",
    "symbol": "MNST",
    "eps": 0.38,
    "epsEstimated": 0.34,
    "time": "amc",
    "revenue": 1461934000,
    "revenueEstimated": 1398080000,
    "updatedFromDate": "2025-04-25",
    "fiscalDateEnding": "2021-06-30"
  },
  {
    "date": "2021-05-06",
    "symbol": "MNST",
    "eps": 0.3,
    "epsEstimated": 0.31,
    "time": "amc",
    "revenue": 1243816000,
    "revenueEstimated": 1218340000,
    "updatedFromDate": "2025-04-25",
    "fiscalDateEnding": "2021-03-31"
  },
  {
    "date": "2021-02-25",
    "symbol": "MNST",
    "eps": 0.31,
    "epsEstimated": 0.3,
    "time": "amc",
    "revenue": 1196283000,
    "revenueEstimated": 1128070000,
    "updatedFromDate": "2025-04-25",
    "fiscalDateEnding": "2020-12-31"
  },
  {
    "date": "2020-11-05",
    "symbol": "MNST",
    "eps": 0.33,
    "epsEstimated": 0.32,
    "time": "amc",
    "revenue": 1246362000,
    "revenueEstimated": 1208012400,
    "updatedFromDate": "2025-04-25",
    "fiscalDateEnding": "2020-09-30"
  },
  {
    "date": "2020-08-04",
    "symbol": "MNST",
    "eps": 0.3,
    "epsEstimated": 0.24,
    "time": "amc",
    "revenue": 1093896000,
    "revenueEstimated": 908489898,
    "updatedFromDate": "2025-04-25",
    "fiscalDateEnding": "2020-06-30"
  },
  {
    "date": "2020-05-07",
    "symbol": "MNST",
    "eps": 0.26,
    "epsEstimated": 0.24,
    "time": "amc",
    "revenue": 1062097000,
    "revenueEstimated": 980397230,
    "updatedFromDate": "2025-04-25",
    "fiscalDateEnding": "2020-03-31"
  },
  {
    "date": "2020-02-27",
    "symbol": "MNST",
    "eps": 0.24,
    "epsEstimated": 0.23,
    "time": "amc",
    "revenue": 1017206000,
    "revenueEstimated": 1017206000,
    "updatedFromDate": "2025-04-25",
    "fiscalDateEnding": "2019-12-31"
  },
  {
    "date": "2019-11-07",
    "symbol": "MNST",
    "eps": 0.28,
    "epsEstimated": 0.27,
    "time": "amc",
    "revenue": 1133577000,
    "revenueEstimated": 1112966509,
    "updatedFromDate": "2025-04-25",
    "fiscalDateEnding": "2019-09-30"
  },
  {
    "date": "2019-08-07",
    "symbol": "MNST",
    "eps": 0.27,
    "epsEstimated": 0.28,
    "time": "amc",
    "revenue": 1104045000,
    "revenueEstimated": 1166538113,
    "updatedFromDate": "2025-04-25",
    "fiscalDateEnding": "2019-06-30"
  },
  {
    "date": "2019-05-02",
    "symbol": "MNST",
    "eps": 0.24,
    "epsEstimated": 0.22,
    "time": "amc",
    "revenue": 945991000,
    "revenueEstimated": 794632440,
    "updatedFromDate": "2025-04-25",
    "fiscalDateEnding": "2019-03-31"
  },
  {
    "date": "2019-02-27",
    "symbol": "MNST",
    "eps": 0.22,
    "epsEstimated": 0.2,
    "time": "amc",
    "revenue": 924230000,
    "revenueEstimated": 881242558,
    "updatedFromDate": "2025-04-25",
    "fiscalDateEnding": "2018-12-31"
  },
  {
    "date": "2018-11-07",
    "symbol": "MNST",
    "eps": 0.25,
    "epsEstimated": 0.23,
    "time": "amc",
    "revenue": 1016160000,
    "revenueEstimated": 934867200,
    "updatedFromDate": "2025-04-25",
    "fiscalDateEnding": "2018-09-30"
  },
  {
    "date": "2018-08-08",
    "symbol": "MNST",
    "eps": 0.24,
    "epsEstimated": 0.24,
    "time": "amc",
    "revenue": 1015873000,
    "revenueEstimated": 994735416,
    "updatedFromDate": "2025-04-25",
    "fiscalDateEnding": "2018-06-30"
  },
  {
    "date": "2018-05-08",
    "symbol": "MNST",
    "eps": 0.2,
    "epsEstimated": 0.2,
    "time": "amc",
    "revenue": 850921000,
    "revenueEstimated": 850900000,
    "updatedFromDate": "2025-04-25",
    "fiscalDateEnding": "2018-03-31"
  },
  {
    "date": "2018-02-28",
    "symbol": "MNST",
    "eps": 0.18,
    "epsEstimated": 0.19,
    "time": "amc",
    "revenue": 810355000,
    "revenueEstimated": 1070885714,
    "updatedFromDate": "2025-04-25",
    "fiscalDateEnding": "2017-12-31"
  },
  {
    "date": "2017-11-08",
    "symbol": "MNST",
    "eps": 0.2,
    "epsEstimated": 0.2,
    "time": "amc",
    "revenue": 909476000,
    "revenueEstimated": 909500000,
    "updatedFromDate": "2025-04-25",
    "fiscalDateEnding": "2017-09-30"
  },
  {
    "date": "2017-08-08",
    "symbol": "MNST",
    "eps": 0.2,
    "epsEstimated": 0.2,
    "time": "amc",
    "revenue": 907068000,
    "revenueEstimated": 930358974,
    "updatedFromDate": "2025-04-25",
    "fiscalDateEnding": "2017-06-30"
  },
  {
    "date": "2017-05-04",
    "symbol": "MNST",
    "eps": 0.17,
    "epsEstimated": 0.16,
    "time": "amc",
    "revenue": 742146000,
    "revenueEstimated": 719612121,
    "updatedFromDate": "2025-04-25",
    "fiscalDateEnding": "2017-03-31"
  },
  {
    "date": "2017-03-01",
    "symbol": "MNST",
    "eps": 0.18,
    "epsEstimated": 0.15,
    "time": "amc",
    "revenue": 753765000,
    "revenueEstimated": 628166666,
    "updatedFromDate": "2025-04-25",
    "fiscalDateEnding": "2016-12-31"
  },
  {
    "date": "2016-11-03",
    "symbol": "MNST",
    "eps": 0.17,
    "epsEstimated": 0.19,
    "time": "amc",
    "revenue": 787954000,
    "revenueEstimated": 857529411,
    "updatedFromDate": "2025-04-25",
    "fiscalDateEnding": "2016-09-30"
  },
  {
    "date": "2016-08-04",
    "symbol": "MNST",
    "eps": 0.17,
    "epsEstimated": 0.17,
    "time": "bmo",
    "revenue": 827488000,
    "revenueEstimated": 852575757,
    "updatedFromDate": "2025-04-25",
    "fiscalDateEnding": "2016-06-30"
  }
]