[
  {
    "date": "2026-04-27",
    "symbol": "MO",
    "eps": null,
    "epsEstimated": null,
    "time": "bmo",
    "revenue": null,
    "revenueEstimated": null,
    "updatedFromDate": "2025-10-02",
    "fiscalDateEnding": "2026-03-30"
  },
  {
    "date": "2026-01-28",
    "symbol": "MO",
    "eps": null,
    "epsEstimated": null,
    "time": "bmo",
    "revenue": null,
    "revenueEstimated": null,
    "updatedFromDate": "2025-10-02",
    "fiscalDateEnding": "2025-12-30"
  },
  {
    "date": "2025-10-30",
    "symbol": "MO",
    "eps": null,
    "epsEstimated": 1.44,
    "time": "bmo",
    "revenue": null,
    "revenueEstimated": 5307707730,
    "updatedFromDate": "2025-10-02",
    "fiscalDateEnding": "2025-09-30"
  },
  {
    "date": "2025-07-30",
    "symbol": "MO",
    "eps": 1.44,
    "epsEstimated": 1.39,
    "time": "bmo",
    "revenue": 5290000000,
    "revenueEstimated": 5189356502,
    "updatedFromDate": "2025-10-02",
    "fiscalDateEnding": "2025-06-30"
  },
  {
    "date": "2025-04-29",
    "symbol": "MO",
    "eps": 1.23,
    "epsEstimated": 1.19,
    "time": "bmo",
    "revenue": 4519000000,
    "revenueEstimated": 4615234771,
    "updatedFromDate": "2025-07-29",
    "fiscalDateEnding": "2025-03-31"
  },
  {
    "date": "2025-01-30",
    "symbol": "MO",
    "eps": 1.29,
    "epsEstimated": 1.28,
    "time": "bmo",
    "revenue": 5106000000,
    "revenueEstimated": 5046315441,
    "updatedFromDate": "2025-04-29",
    "fiscalDateEnding": "2024-12-31"
  },
  {
    "date": "2024-10-31",
    "symbol": "MO",
    "eps": 1.38,
    "epsEstimated": 1.35,
    "time": "bmo",
    "revenue": 5344000000,
    "revenueEstimated": 5326202924,
    "updatedFromDate": "2025-04-24",
    "fiscalDateEnding": "2024-09-30"
  },
  {
    "date": "2024-07-31",
    "symbol": "MO",
    "eps": 1.31,
    "epsEstimated": 1.34,
    "time": "bmo",
    "revenue": 5277000000,
    "revenueEstimated": 5392377611,
    "updatedFromDate": "2025-04-24",
    "fiscalDateEnding": "2024-06-30"
  },
  {
    "date": "2024-04-25",
    "symbol": "MO",
    "eps": 1.15,
    "epsEstimated": 1.15,
    "time": "bmo",
    "revenue": 4717000000,
    "revenueEstimated": 4712428124,
    "updatedFromDate": "2025-04-24",
    "fiscalDateEnding": "2024-03-31"
  },
  {
    "date": "2024-02-01",
    "symbol": "MO",
    "eps": 1.18,
    "epsEstimated": 1.17,
    "time": "bmo",
    "revenue": 5024000000,
    "revenueEstimated": 4665220000,
    "updatedFromDate": "2025-04-24",
    "fiscalDateEnding": "2023-12-31"
  },
  {
    "date": "2023-10-26",
    "symbol": "MO",
    "eps": 1.28,
    "epsEstimated": 1.29,
    "time": "bmo",
    "revenue": 5277000000,
    "revenueEstimated": 5118370000,
    "updatedFromDate": "2025-04-24",
    "fiscalDateEnding": "2023-09-30"
  },
  {
    "date": "2023-08-01",
    "symbol": "MO",
    "eps": 1.31,
    "epsEstimated": 1.3,
    "time": "bmo",
    "revenue": 5438000000,
    "revenueEstimated": 5426420000,
    "updatedFromDate": "2025-04-24",
    "fiscalDateEnding": "2023-06-30"
  },
  {
    "date": "2023-04-27",
    "symbol": "MO",
    "eps": 1.18,
    "epsEstimated": 1.18,
    "time": "bmo",
    "revenue": 4763000000,
    "revenueEstimated": 4903850000,
    "updatedFromDate": "2025-04-24",
    "fiscalDateEnding": "2023-03-31"
  },
  {
    "date": "2023-02-01",
    "symbol": "MO",
    "eps": 1.18,
    "epsEstimated": 1.17,
    "time": "bmo",
    "revenue": 5083000000,
    "revenueEstimated": 5148120304,
    "updatedFromDate": "2025-04-24",
    "fiscalDateEnding": "2022-12-31"
  },
  {
    "date": "2022-10-27",
    "symbol": "MO",
    "eps": 1.28,
    "epsEstimated": 1.31,
    "time": "bmo",
    "revenue": 5412000000,
    "revenueEstimated": 5586515596,
    "updatedFromDate": "2025-04-24",
    "fiscalDateEnding": "2022-09-30"
  },
  {
    "date": "2022-07-28",
    "symbol": "MO",
    "eps": 1.26,
    "epsEstimated": 1.25,
    "time": "bmo",
    "revenue": 5374000000,
    "revenueEstimated": 5411284907,
    "updatedFromDate": "2025-04-24",
    "fiscalDateEnding": "2022-06-30"
  },
  {
    "date": "2022-04-28",
    "symbol": "MO",
    "eps": 1.12,
    "epsEstimated": 1.09,
    "time": "bmo",
    "revenue": 4819000000,
    "revenueEstimated": 4875682597,
    "updatedFromDate": "2025-04-24",
    "fiscalDateEnding": "2022-03-31"
  },
  {
    "date": "2022-01-27",
    "symbol": "MO",
    "eps": 1.09,
    "epsEstimated": 1.08,
    "time": "bmo",
    "revenue": 5086000000,
    "revenueEstimated": 4997935927,
    "updatedFromDate": "2025-04-24",
    "fiscalDateEnding": "2021-12-31"
  },
  {
    "date": "2021-10-28",
    "symbol": "MO",
    "eps": 1.22,
    "epsEstimated": 1.26,
    "time": "bmo",
    "revenue": 5531000000,
    "revenueEstimated": 4962380000,
    "updatedFromDate": "2025-04-24",
    "fiscalDateEnding": "2021-09-30"
  },
  {
    "date": "2021-07-29",
    "symbol": "MO",
    "eps": 1.23,
    "epsEstimated": 1.18,
    "time": "bmo",
    "revenue": 5614000000,
    "revenueEstimated": 5378040000,
    "updatedFromDate": "2025-04-24",
    "fiscalDateEnding": "2021-06-30"
  },
  {
    "date": "2021-04-29",
    "symbol": "MO",
    "eps": 1.07,
    "epsEstimated": 1.04,
    "time": "bmo",
    "revenue": 4880000000,
    "revenueEstimated": 4787047619,
    "updatedFromDate": "2025-04-24",
    "fiscalDateEnding": "2021-03-31"
  },
  {
    "date": "2021-01-28",
    "symbol": "MO",
    "eps": 0.99,
    "epsEstimated": 1.02,
    "time": "bmo",
    "revenue": 5055000000,
    "revenueEstimated": 4977570000,
    "updatedFromDate": "2025-04-24",
    "fiscalDateEnding": "2020-12-31"
  },
  {
    "date": "2020-10-30",
    "symbol": "MO",
    "eps": 1.19,
    "epsEstimated": 1.15,
    "time": "bmo",
    "revenue": 5678000000,
    "revenueEstimated": 6943428571,
    "updatedFromDate": "2025-04-24",
    "fiscalDateEnding": "2020-09-30"
  },
  {
    "date": "2020-07-28",
    "symbol": "MO",
    "eps": 1.09,
    "epsEstimated": 1.06,
    "time": "bmo",
    "revenue": 5062000000,
    "revenueEstimated": 6191761467,
    "updatedFromDate": "2025-04-24",
    "fiscalDateEnding": "2020-06-30"
  },
  {
    "date": "2020-04-30",
    "symbol": "MO",
    "eps": 1.09,
    "epsEstimated": 0.97,
    "time": "bmo",
    "revenue": 5046000000,
    "revenueEstimated": 5717266055,
    "updatedFromDate": "2025-04-24",
    "fiscalDateEnding": "2020-03-31"
  },
  {
    "date": "2020-01-30",
    "symbol": "MO",
    "eps": 1.02,
    "epsEstimated": 1.01,
    "time": "bmo",
    "revenue": 4802000000,
    "revenueEstimated": 6007000000,
    "updatedFromDate": "2025-04-24",
    "fiscalDateEnding": "2019-12-31"
  },
  {
    "date": "2019-10-31",
    "symbol": "MO",
    "eps": 1.08,
    "epsEstimated": 1.14,
    "time": "bmo",
    "revenue": 5412000000,
    "revenueEstimated": 6625546218,
    "updatedFromDate": "2025-04-24",
    "fiscalDateEnding": "2019-09-30"
  },
  {
    "date": "2019-07-30",
    "symbol": "MO",
    "eps": 1.1,
    "epsEstimated": 1.11,
    "time": "bmo",
    "revenue": 5193000000,
    "revenueEstimated": 6679172727,
    "updatedFromDate": "2025-04-24",
    "fiscalDateEnding": "2019-06-30"
  },
  {
    "date": "2019-04-25",
    "symbol": "MO",
    "eps": 0.9,
    "epsEstimated": 0.92,
    "time": "bmo",
    "revenue": 4389000000,
    "revenueEstimated": 5753066666,
    "updatedFromDate": "2025-04-24",
    "fiscalDateEnding": "2019-03-31"
  },
  {
    "date": "2019-01-31",
    "symbol": "MO",
    "eps": 0.95,
    "epsEstimated": 0.94,
    "time": "bmo",
    "revenue": 4786000000,
    "revenueEstimated": 6114000000,
    "updatedFromDate": "2025-04-24",
    "fiscalDateEnding": "2018-12-31"
  },
  {
    "date": "2018-10-25",
    "symbol": "MO",
    "eps": 1.08,
    "epsEstimated": 1.07,
    "time": "bmo",
    "revenue": 5292000000,
    "revenueEstimated": 6773694444,
    "updatedFromDate": "2025-04-24",
    "fiscalDateEnding": "2018-09-30"
  },
  {
    "date": "2018-07-26",
    "symbol": "MO",
    "eps": 1.01,
    "epsEstimated": 1,
    "time": "bmo",
    "revenue": 4879000000,
    "revenueEstimated": 6242574257,
    "updatedFromDate": "2025-04-24",
    "fiscalDateEnding": "2018-06-30"
  },
  {
    "date": "2018-04-26",
    "symbol": "MO",
    "eps": 0.95,
    "epsEstimated": 0.92,
    "time": "bmo",
    "revenue": 4670000000,
    "revenueEstimated": 5979410526,
    "updatedFromDate": "2025-04-24",
    "fiscalDateEnding": "2018-03-31"
  },
  {
    "date": "2018-02-01",
    "symbol": "MO",
    "eps": 0.91,
    "epsEstimated": 0.8,
    "time": "bmo",
    "revenue": 4714000000,
    "revenueEstimated": 5363516483,
    "updatedFromDate": "2025-04-24",
    "fiscalDateEnding": "2017-12-31"
  },
  {
    "date": "2017-10-26",
    "symbol": "MO",
    "eps": 0.9,
    "epsEstimated": 0.87,
    "time": "bmo",
    "revenue": 5123000000,
    "revenueEstimated": 6504700000,
    "updatedFromDate": "2025-04-24",
    "fiscalDateEnding": "2017-09-30"
  },
  {
    "date": "2017-07-27",
    "symbol": "MO",
    "eps": 0.85,
    "epsEstimated": 0.86,
    "time": "bmo",
    "revenue": 5068000000,
    "revenueEstimated": 6741388235,
    "updatedFromDate": "2025-04-24",
    "fiscalDateEnding": "2017-06-30"
  },
  {
    "date": "2017-05-02",
    "symbol": "MO",
    "eps": 0.73,
    "epsEstimated": 0.74,
    "time": "bmo",
    "revenue": 4589000000,
    "revenueEstimated": 6166328767,
    "updatedFromDate": "2025-04-24",
    "fiscalDateEnding": "2017-03-31"
  },
  {
    "date": "2017-02-01",
    "symbol": "MO",
    "eps": 0.68,
    "epsEstimated": 0.67,
    "time": "bmo",
    "revenue": 4733000000,
    "revenueEstimated": 6160058823,
    "updatedFromDate": "2025-04-24",
    "fiscalDateEnding": "2016-12-31"
  },
  {
    "date": "2016-10-27",
    "symbol": "MO",
    "eps": 0.82,
    "epsEstimated": 0.81,
    "time": "bmo",
    "revenue": 5193000000,
    "revenueEstimated": 6736585365,
    "updatedFromDate": "2025-04-24",
    "fiscalDateEnding": "2016-09-30"
  },
  {
    "date": "2016-07-27",
    "symbol": "MO",
    "eps": 0.81,
    "epsEstimated": 0.8,
    "time": "bmo",
    "revenue": 4881000000,
    "revenueEstimated": 6440493827,
    "updatedFromDate": "2025-04-24",
    "fiscalDateEnding": "2016-06-30"
  }
]