[
  {
    "date": "2026-04-21",
    "symbol": "MOH",
    "eps": null,
    "epsEstimated": null,
    "time": "amc",
    "revenue": null,
    "revenueEstimated": null,
    "updatedFromDate": "2025-10-02",
    "fiscalDateEnding": "2026-03-30"
  },
  {
    "date": "2026-02-03",
    "symbol": "MOH",
    "eps": null,
    "epsEstimated": null,
    "time": "amc",
    "revenue": null,
    "revenueEstimated": null,
    "updatedFromDate": "2025-10-02",
    "fiscalDateEnding": "2025-12-30"
  },
  {
    "date": "2025-10-22",
    "symbol": "MOH",
    "eps": null,
    "epsEstimated": 3.97,
    "time": "amc",
    "revenue": null,
    "revenueEstimated": 10955421510,
    "updatedFromDate": "2025-10-02",
    "fiscalDateEnding": "2025-09-30"
  },
  {
    "date": "2025-07-23",
    "symbol": "MOH",
    "eps": 5.48,
    "epsEstimated": 5.62,
    "time": "amc",
    "revenue": 11427000000,
    "revenueEstimated": 10952259345,
    "updatedFromDate": "2025-10-02",
    "fiscalDateEnding": "2025-06-30"
  },
  {
    "date": "2025-04-23",
    "symbol": "MOH",
    "eps": 6.08,
    "epsEstimated": 5.97,
    "time": "amc",
    "revenue": 11147000000,
    "revenueEstimated": 10844002310,
    "updatedFromDate": "2025-07-23",
    "fiscalDateEnding": "2025-03-31"
  },
  {
    "date": "2025-02-05",
    "symbol": "MOH",
    "eps": 5.05,
    "epsEstimated": 5.74,
    "time": "amc",
    "revenue": 10499000000,
    "revenueEstimated": 10283596457,
    "updatedFromDate": "2025-05-05",
    "fiscalDateEnding": "2024-12-31"
  },
  {
    "date": "2024-10-23",
    "symbol": "MOH",
    "eps": 6.01,
    "epsEstimated": 5.81,
    "time": "amc",
    "revenue": 10340000000,
    "revenueEstimated": 9910621767,
    "updatedFromDate": "2025-04-25",
    "fiscalDateEnding": "2024-09-30"
  },
  {
    "date": "2024-07-24",
    "symbol": "MOH",
    "eps": 5.86,
    "epsEstimated": 5.5,
    "time": "amc",
    "revenue": 9859000000,
    "revenueEstimated": 9746082786,
    "updatedFromDate": "2025-04-25",
    "fiscalDateEnding": "2024-06-30"
  },
  {
    "date": "2024-04-24",
    "symbol": "MOH",
    "eps": 5.73,
    "epsEstimated": 5.59,
    "time": "amc",
    "revenue": 9931000000,
    "revenueEstimated": 9447066660,
    "updatedFromDate": "2025-04-25",
    "fiscalDateEnding": "2024-03-31"
  },
  {
    "date": "2024-02-07",
    "symbol": "MOH",
    "eps": 4.38,
    "epsEstimated": 4.35,
    "time": "amc",
    "revenue": 9048000000,
    "revenueEstimated": 8368440000,
    "updatedFromDate": "2025-04-25",
    "fiscalDateEnding": "2023-12-31"
  },
  {
    "date": "2023-10-25",
    "symbol": "MOH",
    "eps": 5.05,
    "epsEstimated": 4.88,
    "time": "amc",
    "revenue": 8548000000,
    "revenueEstimated": 8243450000,
    "updatedFromDate": "2025-04-25",
    "fiscalDateEnding": "2023-09-30"
  },
  {
    "date": "2023-07-26",
    "symbol": "MOH",
    "eps": 5.65,
    "epsEstimated": 5.1,
    "time": "amc",
    "revenue": 8327000000,
    "revenueEstimated": 8251880000,
    "updatedFromDate": "2025-04-25",
    "fiscalDateEnding": "2023-06-30"
  },
  {
    "date": "2023-04-26",
    "symbol": "MOH",
    "eps": 5.81,
    "epsEstimated": 5.12,
    "time": "amc",
    "revenue": 8149000000,
    "revenueEstimated": 8329710000,
    "updatedFromDate": "2025-04-25",
    "fiscalDateEnding": "2023-03-31"
  },
  {
    "date": "2023-02-08",
    "symbol": "MOH",
    "eps": 4.1,
    "epsEstimated": 4.06,
    "time": "amc",
    "revenue": 8223000000,
    "revenueEstimated": 7871363463,
    "updatedFromDate": "2025-04-25",
    "fiscalDateEnding": "2022-12-31"
  },
  {
    "date": "2022-10-26",
    "symbol": "MOH",
    "eps": 4.36,
    "epsEstimated": 4.21,
    "time": "amc",
    "revenue": 7927000000,
    "revenueEstimated": 7814719788,
    "updatedFromDate": "2025-04-25",
    "fiscalDateEnding": "2022-09-30"
  },
  {
    "date": "2022-07-27",
    "symbol": "MOH",
    "eps": 4.55,
    "epsEstimated": 4.29,
    "time": "amc",
    "revenue": 8054000000,
    "revenueEstimated": 7687172702,
    "updatedFromDate": "2025-04-25",
    "fiscalDateEnding": "2022-06-30"
  },
  {
    "date": "2022-04-27",
    "symbol": "MOH",
    "eps": 4.9,
    "epsEstimated": 4.66,
    "time": "amc",
    "revenue": 7770000000,
    "revenueEstimated": 7521154514,
    "updatedFromDate": "2025-04-25",
    "fiscalDateEnding": "2022-03-31"
  },
  {
    "date": "2022-02-09",
    "symbol": "MOH",
    "eps": 2.88,
    "epsEstimated": 2.82,
    "time": "amc",
    "revenue": 7409000000,
    "revenueEstimated": 7190262487,
    "updatedFromDate": "2025-04-25",
    "fiscalDateEnding": "2021-12-31"
  },
  {
    "date": "2021-10-27",
    "symbol": "MOH",
    "eps": 2.83,
    "epsEstimated": 2.79,
    "time": "amc",
    "revenue": 7040000000,
    "revenueEstimated": 6556930000,
    "updatedFromDate": "2025-04-25",
    "fiscalDateEnding": "2021-09-30"
  },
  {
    "date": "2021-07-28",
    "symbol": "MOH",
    "eps": 3.4,
    "epsEstimated": 3.38,
    "time": "amc",
    "revenue": 6800000000,
    "revenueEstimated": 6800000000,
    "updatedFromDate": "2025-04-25",
    "fiscalDateEnding": "2021-06-30"
  },
  {
    "date": "2021-04-28",
    "symbol": "MOH",
    "eps": 4.44,
    "epsEstimated": 3.68,
    "time": "amc",
    "revenue": 6522000000,
    "revenueEstimated": 5175065217,
    "updatedFromDate": "2025-04-25",
    "fiscalDateEnding": "2021-03-31"
  },
  {
    "date": "2021-02-10",
    "symbol": "MOH",
    "eps": -0.51,
    "epsEstimated": -0.5,
    "time": "amc",
    "revenue": 5235000000,
    "revenueEstimated": 12088112359,
    "updatedFromDate": "2025-04-25",
    "fiscalDateEnding": "2020-12-31"
  },
  {
    "date": "2020-10-28",
    "symbol": "MOH",
    "eps": 3.36,
    "epsEstimated": 2.24,
    "time": "amc",
    "revenue": 5021000000,
    "revenueEstimated": 3233687499,
    "updatedFromDate": "2025-04-25",
    "fiscalDateEnding": "2020-09-30"
  },
  {
    "date": "2020-07-30",
    "symbol": "MOH",
    "eps": 4.79,
    "epsEstimated": 4.57,
    "time": "amc",
    "revenue": 4618000000,
    "revenueEstimated": 4542379958,
    "updatedFromDate": "2025-04-25",
    "fiscalDateEnding": "2020-06-30"
  },
  {
    "date": "2020-04-30",
    "symbol": "MOH",
    "eps": 3.02,
    "epsEstimated": 2.95,
    "time": "amc",
    "revenue": 4549000000,
    "revenueEstimated": 4415231788,
    "updatedFromDate": "2025-04-25",
    "fiscalDateEnding": "2020-03-31"
  },
  {
    "date": "2020-02-10",
    "symbol": "MOH",
    "eps": 2.73,
    "epsEstimated": 2.65,
    "time": "amc",
    "revenue": 4274000000,
    "revenueEstimated": 4120604395,
    "updatedFromDate": "2025-04-25",
    "fiscalDateEnding": "2019-12-31"
  },
  {
    "date": "2019-10-29",
    "symbol": "MOH",
    "eps": 2.8,
    "epsEstimated": 2.72,
    "time": "amc",
    "revenue": 4243000000,
    "revenueEstimated": 4082914285,
    "updatedFromDate": "2025-04-25",
    "fiscalDateEnding": "2019-09-30"
  },
  {
    "date": "2019-07-30",
    "symbol": "MOH",
    "eps": 3.11,
    "epsEstimated": 2.66,
    "time": "amc",
    "revenue": 4193000000,
    "revenueEstimated": 3557215434,
    "updatedFromDate": "2025-04-25",
    "fiscalDateEnding": "2019-06-30"
  },
  {
    "date": "2019-04-29",
    "symbol": "MOH",
    "eps": 3.04,
    "epsEstimated": 2.44,
    "time": "amc",
    "revenue": 4119000000,
    "revenueEstimated": 3282763157,
    "updatedFromDate": "2025-04-25",
    "fiscalDateEnding": "2019-03-31"
  },
  {
    "date": "2019-02-11",
    "symbol": "MOH",
    "eps": 3.07,
    "epsEstimated": 1.52,
    "time": "amc",
    "revenue": 4664000000,
    "revenueEstimated": 3865985584,
    "updatedFromDate": "2025-04-25",
    "fiscalDateEnding": "2018-12-31"
  },
  {
    "date": "2018-10-31",
    "symbol": "MOH",
    "eps": 2.55,
    "epsEstimated": 1.64,
    "time": "amc",
    "revenue": 4697000000,
    "revenueEstimated": 3270169206,
    "updatedFromDate": "2025-04-25",
    "fiscalDateEnding": "2018-09-30"
  },
  {
    "date": "2018-07-31",
    "symbol": "MOH",
    "eps": 2.25,
    "epsEstimated": 1.09,
    "time": "amc",
    "revenue": 4883000000,
    "revenueEstimated": 1701000000,
    "updatedFromDate": "2025-04-25",
    "fiscalDateEnding": "2018-06-30"
  },
  {
    "date": "2018-04-30",
    "symbol": "MOH",
    "eps": 1.33,
    "epsEstimated": 0.77,
    "time": "bmo",
    "revenue": 4646000000,
    "revenueEstimated": 3788389284,
    "updatedFromDate": "2025-04-25",
    "fiscalDateEnding": "2018-03-31"
  },
  {
    "date": "2018-02-12",
    "symbol": "MOH",
    "eps": 0.34,
    "epsEstimated": 0.23,
    "time": "amc",
    "revenue": 4949000000,
    "revenueEstimated": 259315789,
    "updatedFromDate": "2025-04-25",
    "fiscalDateEnding": "2017-12-31"
  },
  {
    "date": "2017-11-02",
    "symbol": "MOH",
    "eps": 1.13,
    "epsEstimated": 0.23,
    "time": "amc",
    "revenue": 5031000000,
    "revenueEstimated": 618888888,
    "updatedFromDate": "2025-04-25",
    "fiscalDateEnding": "2017-09-30"
  },
  {
    "date": "2017-08-02",
    "symbol": "MOH",
    "eps": -0.01,
    "epsEstimated": 0.86,
    "time": "amc",
    "revenue": 4999000000,
    "revenueEstimated": 1043820448,
    "updatedFromDate": "2025-04-25",
    "fiscalDateEnding": "2017-06-30"
  },
  {
    "date": "2017-05-02",
    "symbol": "MOH",
    "eps": 1.47,
    "epsEstimated": 0.57,
    "time": "amc",
    "revenue": 4904000000,
    "revenueEstimated": 1929387755,
    "updatedFromDate": "2025-04-25",
    "fiscalDateEnding": "2017-03-31"
  },
  {
    "date": "2017-02-15",
    "symbol": "MOH",
    "eps": 0.63,
    "epsEstimated": 0.75,
    "time": "amc",
    "revenue": 4463000000,
    "revenueEstimated": 2201785714,
    "updatedFromDate": "2025-04-25",
    "fiscalDateEnding": "2016-12-31"
  },
  {
    "date": "2016-10-27",
    "symbol": "MOH",
    "eps": 0.85,
    "epsEstimated": 0.76,
    "time": "amc",
    "revenue": 4546000000,
    "revenueEstimated": 4056611764,
    "updatedFromDate": "2025-04-25",
    "fiscalDateEnding": "2016-09-30"
  },
  {
    "date": "2016-07-27",
    "symbol": "MOH",
    "eps": 0.67,
    "epsEstimated": 0.49,
    "time": "amc",
    "revenue": 4359000000,
    "revenueEstimated": 3182074626,
    "updatedFromDate": "2025-04-25",
    "fiscalDateEnding": "2016-06-30"
  }
]