[
  {
    "date": "2026-05-04",
    "symbol": "MOS",
    "eps": null,
    "epsEstimated": null,
    "time": "amc",
    "revenue": null,
    "revenueEstimated": null,
    "updatedFromDate": "2025-10-02",
    "fiscalDateEnding": "2026-03-30"
  },
  {
    "date": "2026-02-25",
    "symbol": "MOS",
    "eps": null,
    "epsEstimated": null,
    "time": "amc",
    "revenue": null,
    "revenueEstimated": null,
    "updatedFromDate": "2025-10-02",
    "fiscalDateEnding": "2025-12-30"
  },
  {
    "date": "2025-11-11",
    "symbol": "MOS",
    "eps": null,
    "epsEstimated": 1.06,
    "time": "bmo",
    "revenue": null,
    "revenueEstimated": 3889148930,
    "updatedFromDate": "2025-10-02",
    "fiscalDateEnding": "2025-09-30"
  },
  {
    "date": "2025-08-05",
    "symbol": "MOS",
    "eps": 0.51,
    "epsEstimated": 0.67,
    "time": "amc",
    "revenue": 3005700000,
    "revenueEstimated": 3889148930,
    "updatedFromDate": "2025-10-02",
    "fiscalDateEnding": "2025-06-30"
  },
  {
    "date": "2025-05-06",
    "symbol": "MOS",
    "eps": 0.49,
    "epsEstimated": 0.4496,
    "time": "amc",
    "revenue": 2620900000,
    "revenueEstimated": 2686346328,
    "updatedFromDate": "2025-08-26",
    "fiscalDateEnding": "2025-03-31"
  },
  {
    "date": "2025-02-27",
    "symbol": "MOS",
    "eps": 0.45,
    "epsEstimated": 0.53,
    "time": "amc",
    "revenue": 2815900000,
    "revenueEstimated": 2918328760,
    "updatedFromDate": "2025-08-26",
    "fiscalDateEnding": "2024-12-31"
  },
  {
    "date": "2024-11-12",
    "symbol": "MOS",
    "eps": 0.34,
    "epsEstimated": 0.54,
    "time": "bmo",
    "revenue": 2810900000,
    "revenueEstimated": 3165591198,
    "updatedFromDate": "2025-08-26",
    "fiscalDateEnding": "2024-09-30"
  },
  {
    "date": "2024-08-06",
    "symbol": "MOS",
    "eps": 0.54,
    "epsEstimated": 0.68,
    "time": "amc",
    "revenue": 2816600000,
    "revenueEstimated": 2934040000,
    "updatedFromDate": "2025-08-26",
    "fiscalDateEnding": "2024-06-30"
  },
  {
    "date": "2024-05-01",
    "symbol": "MOS",
    "eps": 0.65,
    "epsEstimated": 0.6,
    "time": "amc",
    "revenue": 2679400000,
    "revenueEstimated": 2846620000,
    "updatedFromDate": "2025-08-26",
    "fiscalDateEnding": "2024-03-31"
  },
  {
    "date": "2024-02-21",
    "symbol": "MOS",
    "eps": 0.71,
    "epsEstimated": 0.82,
    "time": "amc",
    "revenue": 3149500000,
    "revenueEstimated": 3149500000,
    "updatedFromDate": "2025-08-26",
    "fiscalDateEnding": "2023-12-31"
  },
  {
    "date": "2023-11-07",
    "symbol": "MOS",
    "eps": 0.68,
    "epsEstimated": 0.8,
    "time": "amc",
    "revenue": 3548300000,
    "revenueEstimated": 3232010000,
    "updatedFromDate": "2025-08-26",
    "fiscalDateEnding": "2023-09-30"
  },
  {
    "date": "2023-08-01",
    "symbol": "MOS",
    "eps": 1.04,
    "epsEstimated": 1.12,
    "time": "amc",
    "revenue": 3394000000,
    "revenueEstimated": 3214250000,
    "updatedFromDate": "2025-08-26",
    "fiscalDateEnding": "2023-06-30"
  },
  {
    "date": "2023-05-03",
    "symbol": "MOS",
    "eps": 1.14,
    "epsEstimated": 1.29,
    "time": "amc",
    "revenue": 3604300000,
    "revenueEstimated": 3644290000,
    "updatedFromDate": "2025-08-26",
    "fiscalDateEnding": "2023-03-31"
  },
  {
    "date": "2023-02-22",
    "symbol": "MOS",
    "eps": 1.74,
    "epsEstimated": 2.26,
    "time": "amc",
    "revenue": 4481300000,
    "revenueEstimated": 4170736058,
    "updatedFromDate": "2025-08-26",
    "fiscalDateEnding": "2022-12-31"
  },
  {
    "date": "2022-11-07",
    "symbol": "MOS",
    "eps": 3.22,
    "epsEstimated": 3.52,
    "time": "amc",
    "revenue": 5348500000,
    "revenueEstimated": 5818181877,
    "updatedFromDate": "2025-08-26",
    "fiscalDateEnding": "2022-09-30"
  },
  {
    "date": "2022-08-01",
    "symbol": "MOS",
    "eps": 3.64,
    "epsEstimated": 4.04,
    "time": "amc",
    "revenue": 5373100000,
    "revenueEstimated": 5722469583,
    "updatedFromDate": "2025-08-26",
    "fiscalDateEnding": "2022-06-30"
  },
  {
    "date": "2022-05-02",
    "symbol": "MOS",
    "eps": 2.41,
    "epsEstimated": 2.4,
    "time": "amc",
    "revenue": 3922300000,
    "revenueEstimated": 4094347685,
    "updatedFromDate": "2025-08-26",
    "fiscalDateEnding": "2022-03-31"
  },
  {
    "date": "2022-02-22",
    "symbol": "MOS",
    "eps": 1.95,
    "epsEstimated": 1.98,
    "time": "amc",
    "revenue": 3841000000,
    "revenueEstimated": 3900577376,
    "updatedFromDate": "2025-08-26",
    "fiscalDateEnding": "2021-12-31"
  },
  {
    "date": "2021-11-01",
    "symbol": "MOS",
    "eps": 1.35,
    "epsEstimated": 1.59,
    "time": "amc",
    "revenue": 3418600000,
    "revenueEstimated": 3777660000,
    "updatedFromDate": "2025-08-26",
    "fiscalDateEnding": "2021-09-30"
  },
  {
    "date": "2021-08-02",
    "symbol": "MOS",
    "eps": 1.17,
    "epsEstimated": 0.98,
    "time": "amc",
    "revenue": 2800700000,
    "revenueEstimated": 2800700000,
    "updatedFromDate": "2025-08-26",
    "fiscalDateEnding": "2021-06-30"
  },
  {
    "date": "2021-05-03",
    "symbol": "MOS",
    "eps": 0.57,
    "epsEstimated": 0.5,
    "time": "amc",
    "revenue": 2297100000,
    "revenueEstimated": 2123733962,
    "updatedFromDate": "2025-08-26",
    "fiscalDateEnding": "2021-03-31"
  },
  {
    "date": "2021-02-17",
    "symbol": "MOS",
    "eps": 0.57,
    "epsEstimated": 0.24,
    "time": "amc",
    "revenue": 2457400000,
    "revenueEstimated": 2170150000,
    "updatedFromDate": "2025-08-26",
    "fiscalDateEnding": "2020-12-31"
  },
  {
    "date": "2020-11-02",
    "symbol": "MOS",
    "eps": 0.23,
    "epsEstimated": 0.22,
    "time": "amc",
    "revenue": 2381500000,
    "revenueEstimated": 1760239130,
    "updatedFromDate": "2025-08-26",
    "fiscalDateEnding": "2020-09-30"
  },
  {
    "date": "2020-08-03",
    "symbol": "MOS",
    "eps": 0.11,
    "epsEstimated": 0.00933,
    "time": "amc",
    "revenue": 2044700000,
    "revenueEstimated": 185881818,
    "updatedFromDate": "2025-08-26",
    "fiscalDateEnding": "2020-06-30"
  },
  {
    "date": "2020-05-04",
    "symbol": "MOS",
    "eps": -0.06,
    "epsEstimated": -0.05,
    "time": "amc",
    "revenue": 1798100000,
    "revenueEstimated": 2397466666,
    "updatedFromDate": "2025-08-26",
    "fiscalDateEnding": "2020-03-31"
  },
  {
    "date": "2020-02-19",
    "symbol": "MOS",
    "eps": -0.29,
    "epsEstimated": -0.05253,
    "time": "amc",
    "revenue": 2076300000,
    "revenueEstimated": 357982758,
    "updatedFromDate": "2025-08-26",
    "fiscalDateEnding": "2019-12-31"
  },
  {
    "date": "2019-11-04",
    "symbol": "MOS",
    "eps": 0.08,
    "epsEstimated": 0.27,
    "time": "amc",
    "revenue": 2753400000,
    "revenueEstimated": 7916025000,
    "updatedFromDate": "2025-08-26",
    "fiscalDateEnding": "2019-09-30"
  },
  {
    "date": "2019-08-06",
    "symbol": "MOS",
    "eps": 0.12,
    "epsEstimated": 0.3,
    "time": "bmo",
    "revenue": 2176900000,
    "revenueEstimated": 5260841666,
    "updatedFromDate": "2025-08-26",
    "fiscalDateEnding": "2019-06-30"
  },
  {
    "date": "2019-05-06",
    "symbol": "MOS",
    "eps": 0.25,
    "epsEstimated": 0.24,
    "time": "amc",
    "revenue": 1899700000,
    "revenueEstimated": 1823712000,
    "updatedFromDate": "2025-08-26",
    "fiscalDateEnding": "2019-03-31"
  },
  {
    "date": "2019-02-25",
    "symbol": "MOS",
    "eps": 0.77,
    "epsEstimated": 0.57,
    "time": "amc",
    "revenue": 2520500000,
    "revenueEstimated": 1865824675,
    "updatedFromDate": "2025-08-26",
    "fiscalDateEnding": "2018-12-31"
  },
  {
    "date": "2018-11-05",
    "symbol": "MOS",
    "eps": 0.75,
    "epsEstimated": 0.65,
    "time": "amc",
    "revenue": 2928100000,
    "revenueEstimated": 2537686666,
    "updatedFromDate": "2025-08-26",
    "fiscalDateEnding": "2018-09-30"
  },
  {
    "date": "2018-08-06",
    "symbol": "MOS",
    "eps": 0.4,
    "epsEstimated": 0.39,
    "time": "amc",
    "revenue": 2205000000,
    "revenueEstimated": 2094750000,
    "updatedFromDate": "2025-08-26",
    "fiscalDateEnding": "2018-06-30"
  },
  {
    "date": "2018-05-07",
    "symbol": "MOS",
    "eps": 0.2,
    "epsEstimated": 0.24,
    "time": "amc",
    "revenue": 1933700000,
    "revenueEstimated": 2707180000,
    "updatedFromDate": "2025-08-26",
    "fiscalDateEnding": "2018-03-31"
  },
  {
    "date": "2018-02-19",
    "symbol": "MOS",
    "eps": 0.34,
    "epsEstimated": 0.27,
    "time": "amc",
    "revenue": 2091900000,
    "revenueEstimated": 1722741176,
    "updatedFromDate": "2025-08-26",
    "fiscalDateEnding": "2017-12-31"
  },
  {
    "date": "2017-10-31",
    "symbol": "MOS",
    "eps": 0.43,
    "epsEstimated": 0.25,
    "time": "bmo",
    "revenue": 1984800000,
    "revenueEstimated": 830846511,
    "updatedFromDate": "2025-08-26",
    "fiscalDateEnding": "2017-09-30"
  },
  {
    "date": "2017-08-01",
    "symbol": "MOS",
    "eps": 0.29,
    "epsEstimated": 0.23,
    "time": "bmo",
    "revenue": 1754600000,
    "revenueEstimated": 1391579310,
    "updatedFromDate": "2025-08-26",
    "fiscalDateEnding": "2017-06-30"
  },
  {
    "date": "2017-05-02",
    "symbol": "MOS",
    "eps": 0.04,
    "epsEstimated": 0.19,
    "time": "bmo",
    "revenue": 1578100000,
    "revenueEstimated": 9074075000,
    "updatedFromDate": "2025-08-26",
    "fiscalDateEnding": "2017-03-31"
  },
  {
    "date": "2017-02-07",
    "symbol": "MOS",
    "eps": 0.26,
    "epsEstimated": 0.12,
    "time": "bmo",
    "revenue": 1862100000,
    "revenueEstimated": 931050000,
    "updatedFromDate": "2025-08-26",
    "fiscalDateEnding": "2016-12-31"
  },
  {
    "date": "2016-11-01",
    "symbol": "MOS",
    "eps": 0.33,
    "epsEstimated": 0.11,
    "time": "bmo",
    "revenue": 1952200000,
    "revenueEstimated": 476146341,
    "updatedFromDate": "2025-08-26",
    "fiscalDateEnding": "2016-09-30"
  },
  {
    "date": "2016-08-02",
    "symbol": "MOS",
    "eps": 0.06,
    "epsEstimated": 0.18,
    "time": "bmo",
    "revenue": 1674600000,
    "revenueEstimated": 3349200000,
    "updatedFromDate": "2025-08-26",
    "fiscalDateEnding": "2016-06-30"
  }
]