[
  {
    "date": "2026-05-04",
    "symbol": "MPC",
    "eps": null,
    "epsEstimated": null,
    "time": "bmo",
    "revenue": null,
    "revenueEstimated": null,
    "updatedFromDate": "2025-10-02",
    "fiscalDateEnding": "2026-03-30"
  },
  {
    "date": "2026-02-02",
    "symbol": "MPC",
    "eps": null,
    "epsEstimated": null,
    "time": "bmo",
    "revenue": null,
    "revenueEstimated": null,
    "updatedFromDate": "2025-10-02",
    "fiscalDateEnding": "2025-12-30"
  },
  {
    "date": "2025-11-04",
    "symbol": "MPC",
    "eps": null,
    "epsEstimated": 3,
    "time": "bmo",
    "revenue": null,
    "revenueEstimated": 31062447300,
    "updatedFromDate": "2025-10-02",
    "fiscalDateEnding": "2025-09-30"
  },
  {
    "date": "2025-08-05",
    "symbol": "MPC",
    "eps": 3.96,
    "epsEstimated": 3.24,
    "time": "bmo",
    "revenue": 33660000000,
    "revenueEstimated": 33321606730,
    "updatedFromDate": "2025-10-02",
    "fiscalDateEnding": "2025-06-30"
  },
  {
    "date": "2025-05-06",
    "symbol": "MPC",
    "eps": -0.24,
    "epsEstimated": -0.54225,
    "time": "bmo",
    "revenue": 31850000000,
    "revenueEstimated": 31869089406,
    "updatedFromDate": "2025-08-06",
    "fiscalDateEnding": "2025-03-31"
  },
  {
    "date": "2025-02-04",
    "symbol": "MPC",
    "eps": 0.77,
    "epsEstimated": 0.02199,
    "time": "bmo",
    "revenue": 33466000000,
    "revenueEstimated": 33140962219,
    "updatedFromDate": "2025-05-04",
    "fiscalDateEnding": "2024-12-31"
  },
  {
    "date": "2024-11-05",
    "symbol": "MPC",
    "eps": 1.87,
    "epsEstimated": 0.98,
    "time": "bmo",
    "revenue": 35373000000,
    "revenueEstimated": 34342726082,
    "updatedFromDate": "2025-04-25",
    "fiscalDateEnding": "2024-09-30"
  },
  {
    "date": "2024-08-06",
    "symbol": "MPC",
    "eps": 4.12,
    "epsEstimated": 3.09,
    "time": "bmo",
    "revenue": 37759000000,
    "revenueEstimated": 36655673911,
    "updatedFromDate": "2025-04-25",
    "fiscalDateEnding": "2024-06-30"
  },
  {
    "date": "2024-04-30",
    "symbol": "MPC",
    "eps": 2.58,
    "epsEstimated": 2.42,
    "time": "bmo",
    "revenue": 32706000000,
    "revenueEstimated": 32071573397,
    "updatedFromDate": "2025-04-25",
    "fiscalDateEnding": "2024-03-31"
  },
  {
    "date": "2024-01-30",
    "symbol": "MPC",
    "eps": 3.98,
    "epsEstimated": 2.2,
    "time": "bmo",
    "revenue": 36334000000,
    "revenueEstimated": 34659700000,
    "updatedFromDate": "2025-04-25",
    "fiscalDateEnding": "2023-12-31"
  },
  {
    "date": "2023-10-31",
    "symbol": "MPC",
    "eps": 8.14,
    "epsEstimated": 7.75,
    "time": "bmo",
    "revenue": 41032000000,
    "revenueEstimated": 40047700000,
    "updatedFromDate": "2025-04-25",
    "fiscalDateEnding": "2023-09-30"
  },
  {
    "date": "2023-08-01",
    "symbol": "MPC",
    "eps": 5.32,
    "epsEstimated": 4.59,
    "time": "bmo",
    "revenue": 36385000000,
    "revenueEstimated": 34109000000,
    "updatedFromDate": "2025-04-25",
    "fiscalDateEnding": "2023-06-30"
  },
  {
    "date": "2023-05-02",
    "symbol": "MPC",
    "eps": 6.09,
    "epsEstimated": 5.74,
    "time": "bmo",
    "revenue": 34864000000,
    "revenueEstimated": 35571000000,
    "updatedFromDate": "2025-04-25",
    "fiscalDateEnding": "2023-03-31"
  },
  {
    "date": "2023-01-31",
    "symbol": "MPC",
    "eps": 6.65,
    "epsEstimated": 5.67,
    "time": "bmo",
    "revenue": 39918000000,
    "revenueEstimated": 33925034667,
    "updatedFromDate": "2025-04-25",
    "fiscalDateEnding": "2022-12-31"
  },
  {
    "date": "2022-11-01",
    "symbol": "MPC",
    "eps": 7.81,
    "epsEstimated": 7.07,
    "time": "bmo",
    "revenue": 45787000000,
    "revenueEstimated": 35849384000,
    "updatedFromDate": "2025-04-25",
    "fiscalDateEnding": "2022-09-30"
  },
  {
    "date": "2022-08-02",
    "symbol": "MPC",
    "eps": 10.61,
    "epsEstimated": 8.04,
    "time": "bmo",
    "revenue": 54238000000,
    "revenueEstimated": 40342661400,
    "updatedFromDate": "2025-04-25",
    "fiscalDateEnding": "2022-06-30"
  },
  {
    "date": "2022-05-03",
    "symbol": "MPC",
    "eps": 1.49,
    "epsEstimated": 1.11,
    "time": "bmo",
    "revenue": 38384000000,
    "revenueEstimated": 30825524750,
    "updatedFromDate": "2025-04-25",
    "fiscalDateEnding": "2022-03-31"
  },
  {
    "date": "2022-02-02",
    "symbol": "MPC",
    "eps": 1.3,
    "epsEstimated": 0.56,
    "time": "bmo",
    "revenue": 35438000000,
    "revenueEstimated": 21163216000,
    "updatedFromDate": "2025-04-25",
    "fiscalDateEnding": "2021-12-31"
  },
  {
    "date": "2021-11-02",
    "symbol": "MPC",
    "eps": 0.73,
    "epsEstimated": 0.72,
    "time": "bmo",
    "revenue": 32491000000,
    "revenueEstimated": 23133300000,
    "updatedFromDate": "2025-04-25",
    "fiscalDateEnding": "2021-09-30"
  },
  {
    "date": "2021-08-04",
    "symbol": "MPC",
    "eps": 0.67,
    "epsEstimated": 0.45,
    "time": "bmo",
    "revenue": 29734000000,
    "revenueEstimated": 21822500000,
    "updatedFromDate": "2025-04-25",
    "fiscalDateEnding": "2021-06-30"
  },
  {
    "date": "2021-05-04",
    "symbol": "MPC",
    "eps": -0.2,
    "epsEstimated": -0.72,
    "time": "bmo",
    "revenue": 22788000000,
    "revenueEstimated": 19273300000,
    "updatedFromDate": "2025-04-25",
    "fiscalDateEnding": "2021-03-31"
  },
  {
    "date": "2021-02-02",
    "symbol": "MPC",
    "eps": -0.94,
    "epsEstimated": -1.42,
    "time": "bmo",
    "revenue": 18020000000,
    "revenueEstimated": 23962666666,
    "updatedFromDate": "2025-04-25",
    "fiscalDateEnding": "2020-12-31"
  },
  {
    "date": "2020-11-02",
    "symbol": "MPC",
    "eps": -1,
    "epsEstimated": -1.75,
    "time": "bmo",
    "revenue": 17430000000,
    "revenueEstimated": 29593600000,
    "updatedFromDate": "2025-04-25",
    "fiscalDateEnding": "2020-09-30"
  },
  {
    "date": "2020-08-03",
    "symbol": "MPC",
    "eps": -1.33,
    "epsEstimated": -1.86,
    "time": "bmo",
    "revenue": 12219000000,
    "revenueEstimated": 19768421052,
    "updatedFromDate": "2025-04-25",
    "fiscalDateEnding": "2020-06-30"
  },
  {
    "date": "2020-05-05",
    "symbol": "MPC",
    "eps": -0.16,
    "epsEstimated": -0.24,
    "time": "bmo",
    "revenue": 22227000000,
    "revenueEstimated": 48854062500,
    "updatedFromDate": "2025-04-25",
    "fiscalDateEnding": "2020-03-31"
  },
  {
    "date": "2020-01-29",
    "symbol": "MPC",
    "eps": 1.56,
    "epsEstimated": 0.85,
    "time": "bmo",
    "revenue": 28042000000,
    "revenueEstimated": 21475172091,
    "updatedFromDate": "2025-04-25",
    "fiscalDateEnding": "2019-12-31"
  },
  {
    "date": "2019-10-31",
    "symbol": "MPC",
    "eps": 1.63,
    "epsEstimated": 1.38,
    "time": "bmo",
    "revenue": 27582000000,
    "revenueEstimated": 26281803680,
    "updatedFromDate": "2025-04-25",
    "fiscalDateEnding": "2019-09-30"
  },
  {
    "date": "2019-08-01",
    "symbol": "MPC",
    "eps": 1.73,
    "epsEstimated": 1.33,
    "time": "bmo",
    "revenue": 27363000000,
    "revenueEstimated": 25790468208,
    "updatedFromDate": "2025-04-25",
    "fiscalDateEnding": "2019-06-30"
  },
  {
    "date": "2019-05-08",
    "symbol": "MPC",
    "eps": -0.09,
    "epsEstimated": -0.0238,
    "time": "bmo",
    "revenue": 28288000000,
    "revenueEstimated": 15703888888,
    "updatedFromDate": "2025-04-25",
    "fiscalDateEnding": "2019-03-31"
  },
  {
    "date": "2019-02-07",
    "symbol": "MPC",
    "eps": 2.41,
    "epsEstimated": 1.98,
    "time": "bmo",
    "revenue": 32413000000,
    "revenueEstimated": 28546252252,
    "updatedFromDate": "2025-04-25",
    "fiscalDateEnding": "2018-12-31"
  },
  {
    "date": "2018-11-01",
    "symbol": "MPC",
    "eps": 1.62,
    "epsEstimated": 1.7,
    "time": "bmo",
    "revenue": 23035000000,
    "revenueEstimated": 24123209876,
    "updatedFromDate": "2025-04-25",
    "fiscalDateEnding": "2018-09-30"
  },
  {
    "date": "2018-07-26",
    "symbol": "MPC",
    "eps": 2.27,
    "epsEstimated": 2.03,
    "time": "bmo",
    "revenue": 22362000000,
    "revenueEstimated": 19957493392,
    "updatedFromDate": "2025-04-25",
    "fiscalDateEnding": "2018-06-30"
  },
  {
    "date": "2018-04-30",
    "symbol": "MPC",
    "eps": 0.08,
    "epsEstimated": 0.14,
    "time": "bmo",
    "revenue": 18896000000,
    "revenueEstimated": 37732000000,
    "updatedFromDate": "2025-04-25",
    "fiscalDateEnding": "2018-03-31"
  },
  {
    "date": "2018-02-01",
    "symbol": "MPC",
    "eps": 1.05,
    "epsEstimated": 0.96,
    "time": "bmo",
    "revenue": 21156000000,
    "revenueEstimated": 19419660194,
    "updatedFromDate": "2025-04-25",
    "fiscalDateEnding": "2017-12-31"
  },
  {
    "date": "2017-10-26",
    "symbol": "MPC",
    "eps": 1.77,
    "epsEstimated": 1.48,
    "time": "bmo",
    "revenue": 19302000000,
    "revenueEstimated": 16171129943,
    "updatedFromDate": "2025-04-25",
    "fiscalDateEnding": "2017-09-30"
  },
  {
    "date": "2017-07-27",
    "symbol": "MPC",
    "eps": 1.03,
    "epsEstimated": 1.07,
    "time": "bmo",
    "revenue": 18264000000,
    "revenueEstimated": 18886019417,
    "updatedFromDate": "2025-04-25",
    "fiscalDateEnding": "2017-06-30"
  },
  {
    "date": "2017-04-27",
    "symbol": "MPC",
    "eps": 0.06,
    "epsEstimated": -0.05,
    "time": "bmo",
    "revenue": 16331000000,
    "revenueEstimated": 13573333333,
    "updatedFromDate": "2025-04-25",
    "fiscalDateEnding": "2017-03-31"
  },
  {
    "date": "2017-02-01",
    "symbol": "MPC",
    "eps": 0.43,
    "epsEstimated": 0.26,
    "time": "bmo",
    "revenue": 15354000000,
    "revenueEstimated": 14697216344,
    "updatedFromDate": "2025-04-25",
    "fiscalDateEnding": "2016-12-31"
  },
  {
    "date": "2016-10-27",
    "symbol": "MPC",
    "eps": 0.58,
    "epsEstimated": 0.78,
    "time": "bmo",
    "revenue": 14753000000,
    "revenueEstimated": 23207896551,
    "updatedFromDate": "2025-04-25",
    "fiscalDateEnding": "2016-09-30"
  },
  {
    "date": "2016-07-28",
    "symbol": "MPC",
    "eps": 1.07,
    "epsEstimated": 0.97,
    "time": "bmo",
    "revenue": 14947000000,
    "revenueEstimated": 15239878504,
    "updatedFromDate": "2025-04-25",
    "fiscalDateEnding": "2016-06-30"
  }
]