[
  {
    "date": "2026-04-29",
    "symbol": "MPWR",
    "eps": null,
    "epsEstimated": null,
    "time": "amc",
    "revenue": null,
    "revenueEstimated": null,
    "updatedFromDate": "2025-10-02",
    "fiscalDateEnding": "2026-03-30"
  },
  {
    "date": "2026-02-04",
    "symbol": "MPWR",
    "eps": null,
    "epsEstimated": null,
    "time": "amc",
    "revenue": null,
    "revenueEstimated": null,
    "updatedFromDate": "2025-10-02",
    "fiscalDateEnding": "2025-12-30"
  },
  {
    "date": "2025-10-29",
    "symbol": "MPWR",
    "eps": null,
    "epsEstimated": 4.62,
    "time": "bmo",
    "revenue": null,
    "revenueEstimated": 720655580,
    "updatedFromDate": "2025-10-02",
    "fiscalDateEnding": "2025-09-30"
  },
  {
    "date": "2025-07-31",
    "symbol": "MPWR",
    "eps": 4.21,
    "epsEstimated": 4.12,
    "time": "amc",
    "revenue": 664574000,
    "revenueEstimated": 651994014,
    "updatedFromDate": "2025-10-02",
    "fiscalDateEnding": "2025-06-30"
  },
  {
    "date": "2025-05-01",
    "symbol": "MPWR",
    "eps": 4.04,
    "epsEstimated": 4.01,
    "time": "amc",
    "revenue": 637554000,
    "revenueEstimated": 634204286,
    "updatedFromDate": "2025-08-01",
    "fiscalDateEnding": "2025-03-31"
  },
  {
    "date": "2025-02-06",
    "symbol": "MPWR",
    "eps": 4.09,
    "epsEstimated": 4.01,
    "time": "amc",
    "revenue": 621665000,
    "revenueEstimated": 608068934,
    "updatedFromDate": "2025-02-13",
    "fiscalDateEnding": "2024-12-30"
  },
  {
    "date": "2024-10-30",
    "symbol": "MPWR",
    "eps": 4.06,
    "epsEstimated": 3.97,
    "time": "amc",
    "revenue": 620119000,
    "revenueEstimated": 600596445,
    "updatedFromDate": "2025-04-25",
    "fiscalDateEnding": "2024-09-30"
  },
  {
    "date": "2024-08-01",
    "symbol": "MPWR",
    "eps": 3.17,
    "epsEstimated": 3.07,
    "time": "amc",
    "revenue": 507431000,
    "revenueEstimated": 490656796,
    "updatedFromDate": "2025-04-25",
    "fiscalDateEnding": "2024-06-30"
  },
  {
    "date": "2024-05-01",
    "symbol": "MPWR",
    "eps": 2.81,
    "epsEstimated": 2.66,
    "time": "amc",
    "revenue": 457885000,
    "revenueEstimated": 447686550,
    "updatedFromDate": "2025-04-25",
    "fiscalDateEnding": "2024-03-31"
  },
  {
    "date": "2024-02-07",
    "symbol": "MPWR",
    "eps": 2.88,
    "epsEstimated": 2.85,
    "time": "amc",
    "revenue": 454012000,
    "revenueEstimated": 452082617,
    "updatedFromDate": "2025-04-25",
    "fiscalDateEnding": "2023-12-31"
  },
  {
    "date": "2023-10-30",
    "symbol": "MPWR",
    "eps": 3.08,
    "epsEstimated": 3.07,
    "time": "amc",
    "revenue": 474867000,
    "revenueEstimated": 474120000,
    "updatedFromDate": "2025-04-25",
    "fiscalDateEnding": "2023-09-30"
  },
  {
    "date": "2023-07-31",
    "symbol": "MPWR",
    "eps": 2.82,
    "epsEstimated": 2.81,
    "time": "amc",
    "revenue": 441128000,
    "revenueEstimated": 440330000,
    "updatedFromDate": "2025-04-25",
    "fiscalDateEnding": "2023-06-30"
  },
  {
    "date": "2023-05-04",
    "symbol": "MPWR",
    "eps": 3,
    "epsEstimated": 2.96,
    "time": "amc",
    "revenue": 451065000,
    "revenueEstimated": 449270000,
    "updatedFromDate": "2025-04-25",
    "fiscalDateEnding": "2023-03-31"
  },
  {
    "date": "2023-02-08",
    "symbol": "MPWR",
    "eps": 3.17,
    "epsEstimated": 3.15,
    "time": "amc",
    "revenue": 460012000,
    "revenueEstimated": 459957337,
    "updatedFromDate": "2025-04-25",
    "fiscalDateEnding": "2022-12-31"
  },
  {
    "date": "2022-10-27",
    "symbol": "MPWR",
    "eps": 3.53,
    "epsEstimated": 3.49,
    "time": "amc",
    "revenue": 495418000,
    "revenueEstimated": 491210818,
    "updatedFromDate": "2025-04-25",
    "fiscalDateEnding": "2022-09-30"
  },
  {
    "date": "2022-08-01",
    "symbol": "MPWR",
    "eps": 3.25,
    "epsEstimated": 2.94,
    "time": "amc",
    "revenue": 461004000,
    "revenueEstimated": 430626797,
    "updatedFromDate": "2025-04-25",
    "fiscalDateEnding": "2022-06-30"
  },
  {
    "date": "2022-05-02",
    "symbol": "MPWR",
    "eps": 2.45,
    "epsEstimated": 2.26,
    "time": "amc",
    "revenue": 377714000,
    "revenueEstimated": 360498531,
    "updatedFromDate": "2025-04-25",
    "fiscalDateEnding": "2022-03-31"
  },
  {
    "date": "2022-02-10",
    "symbol": "MPWR",
    "eps": 2.12,
    "epsEstimated": 1.87,
    "time": "amc",
    "revenue": 336504000,
    "revenueEstimated": 321296586,
    "updatedFromDate": "2025-04-25",
    "fiscalDateEnding": "2021-12-31"
  },
  {
    "date": "2021-10-28",
    "symbol": "MPWR",
    "eps": 2.06,
    "epsEstimated": 2,
    "time": "amc",
    "revenue": 323522000,
    "revenueEstimated": 314580000,
    "updatedFromDate": "2025-04-25",
    "fiscalDateEnding": "2021-09-30"
  },
  {
    "date": "2021-07-27",
    "symbol": "MPWR",
    "eps": 1.81,
    "epsEstimated": 1.69,
    "time": "amc",
    "revenue": 293317000,
    "revenueEstimated": 314580000,
    "updatedFromDate": "2025-04-25",
    "fiscalDateEnding": "2021-06-30"
  },
  {
    "date": "2021-05-04",
    "symbol": "MPWR",
    "eps": 1.46,
    "epsEstimated": 1.33,
    "time": "amc",
    "revenue": 254455000,
    "revenueEstimated": 242760000,
    "updatedFromDate": "2025-04-25",
    "fiscalDateEnding": "2021-03-31"
  },
  {
    "date": "2021-02-04",
    "symbol": "MPWR",
    "eps": 1.31,
    "epsEstimated": 1.24,
    "time": "amc",
    "revenue": 233043000,
    "revenueEstimated": 225000000,
    "updatedFromDate": "2025-04-25",
    "fiscalDateEnding": "2020-12-31"
  },
  {
    "date": "2020-10-29",
    "symbol": "MPWR",
    "eps": 1.69,
    "epsEstimated": 1.68,
    "time": "amc",
    "revenue": 259422000,
    "revenueEstimated": 257886958,
    "updatedFromDate": "2025-04-25",
    "fiscalDateEnding": "2020-09-30"
  },
  {
    "date": "2020-07-28",
    "symbol": "MPWR",
    "eps": 1.08,
    "epsEstimated": 1,
    "time": "amc",
    "revenue": 186209000,
    "revenueEstimated": 172415740,
    "updatedFromDate": "2025-04-25",
    "fiscalDateEnding": "2020-06-30"
  },
  {
    "date": "2020-04-28",
    "symbol": "MPWR",
    "eps": 0.95,
    "epsEstimated": 0.94,
    "time": "amc",
    "revenue": 165778000,
    "revenueEstimated": 164032968,
    "updatedFromDate": "2025-04-25",
    "fiscalDateEnding": "2020-03-31"
  },
  {
    "date": "2020-02-05",
    "symbol": "MPWR",
    "eps": 1.04,
    "epsEstimated": 1.03,
    "time": "amc",
    "revenue": 166738000,
    "revenueEstimated": 165134750,
    "updatedFromDate": "2025-04-25",
    "fiscalDateEnding": "2019-12-31"
  },
  {
    "date": "2019-10-22",
    "symbol": "MPWR",
    "eps": 1.08,
    "epsEstimated": 1.06,
    "time": "amc",
    "revenue": 168813000,
    "revenueEstimated": 167249916,
    "updatedFromDate": "2025-04-25",
    "fiscalDateEnding": "2019-09-30"
  },
  {
    "date": "2019-07-31",
    "symbol": "MPWR",
    "eps": 0.92,
    "epsEstimated": 0.92,
    "time": "amc",
    "revenue": 151007000,
    "revenueEstimated": 151007000,
    "updatedFromDate": "2025-04-25",
    "fiscalDateEnding": "2019-06-30"
  },
  {
    "date": "2019-05-02",
    "symbol": "MPWR",
    "eps": 0.84,
    "epsEstimated": 0.84,
    "time": "amc",
    "revenue": 141363000,
    "revenueEstimated": 141363000,
    "updatedFromDate": "2025-04-25",
    "fiscalDateEnding": "2019-03-31"
  },
  {
    "date": "2019-02-12",
    "symbol": "MPWR",
    "eps": 0.99,
    "epsEstimated": 0.99,
    "time": "amc",
    "revenue": 153497000,
    "revenueEstimated": 151946525,
    "updatedFromDate": "2025-04-25",
    "fiscalDateEnding": "2018-12-31"
  },
  {
    "date": "2018-10-25",
    "symbol": "MPWR",
    "eps": 1.06,
    "epsEstimated": 1.05,
    "time": "amc",
    "revenue": 159975000,
    "revenueEstimated": 158465801,
    "updatedFromDate": "2025-04-25",
    "fiscalDateEnding": "2018-09-30"
  },
  {
    "date": "2018-07-25",
    "symbol": "MPWR",
    "eps": 0.9,
    "epsEstimated": 0.9,
    "time": "amc",
    "revenue": 139761000,
    "revenueEstimated": 139761000,
    "updatedFromDate": "2025-04-25",
    "fiscalDateEnding": "2018-06-30"
  },
  {
    "date": "2018-04-30",
    "symbol": "MPWR",
    "eps": 0.79,
    "epsEstimated": 0.77,
    "time": "amc",
    "revenue": 129150000,
    "revenueEstimated": 125880379,
    "updatedFromDate": "2025-04-25",
    "fiscalDateEnding": "2018-03-31"
  },
  {
    "date": "2018-02-08",
    "symbol": "MPWR",
    "eps": 0.82,
    "epsEstimated": 0.81,
    "time": "amc",
    "revenue": 129430000,
    "revenueEstimated": 126273170,
    "updatedFromDate": "2025-04-25",
    "fiscalDateEnding": "2017-12-31"
  },
  {
    "date": "2017-10-26",
    "symbol": "MPWR",
    "eps": 0.84,
    "epsEstimated": 0.82,
    "time": "amc",
    "revenue": 128939000,
    "revenueEstimated": 125869023,
    "updatedFromDate": "2025-04-25",
    "fiscalDateEnding": "2017-09-30"
  },
  {
    "date": "2017-07-26",
    "symbol": "MPWR",
    "eps": 0.68,
    "epsEstimated": 0.67,
    "time": "amc",
    "revenue": 112198000,
    "revenueEstimated": 110548029,
    "updatedFromDate": "2025-04-25",
    "fiscalDateEnding": "2017-06-30"
  },
  {
    "date": "2017-04-26",
    "symbol": "MPWR",
    "eps": 0.58,
    "epsEstimated": 0.57,
    "time": "amc",
    "revenue": 100362000,
    "revenueEstimated": 98631620,
    "updatedFromDate": "2025-04-25",
    "fiscalDateEnding": "2017-03-31"
  },
  {
    "date": "2017-02-09",
    "symbol": "MPWR",
    "eps": 0.65,
    "epsEstimated": 0.63,
    "time": "amc",
    "revenue": 103618000,
    "revenueEstimated": 100429753,
    "updatedFromDate": "2025-04-25",
    "fiscalDateEnding": "2016-12-31"
  },
  {
    "date": "2016-10-31",
    "symbol": "MPWR",
    "eps": 0.66,
    "epsEstimated": 0.65,
    "time": "amc",
    "revenue": 106456000,
    "revenueEstimated": 104843030,
    "updatedFromDate": "2025-04-25",
    "fiscalDateEnding": "2016-09-30"
  },
  {
    "date": "2016-07-25",
    "symbol": "MPWR",
    "eps": 0.54,
    "epsEstimated": 0.54,
    "time": "amc",
    "revenue": 94079000,
    "revenueEstimated": 94079000,
    "updatedFromDate": "2025-04-25",
    "fiscalDateEnding": "2016-06-30"
  }
]