[
  {
    "date": "2026-04-29",
    "symbol": "MRNA",
    "eps": null,
    "epsEstimated": null,
    "time": "bmo",
    "revenue": null,
    "revenueEstimated": null,
    "updatedFromDate": "2025-10-02",
    "fiscalDateEnding": "2026-03-30"
  },
  {
    "date": "2026-02-12",
    "symbol": "MRNA",
    "eps": null,
    "epsEstimated": null,
    "time": "bmo",
    "revenue": null,
    "revenueEstimated": null,
    "updatedFromDate": "2025-10-02",
    "fiscalDateEnding": "2025-12-30"
  },
  {
    "date": "2025-11-06",
    "symbol": "MRNA",
    "eps": null,
    "epsEstimated": -1.95,
    "time": "bmo",
    "revenue": null,
    "revenueEstimated": 893285660,
    "updatedFromDate": "2025-10-02",
    "fiscalDateEnding": "2025-09-30"
  },
  {
    "date": "2025-08-01",
    "symbol": "MRNA",
    "eps": -2.13,
    "epsEstimated": -2.99,
    "time": "bmo",
    "revenue": 142000000,
    "revenueEstimated": 893285660,
    "updatedFromDate": "2025-10-02",
    "fiscalDateEnding": "2025-06-30"
  },
  {
    "date": "2025-05-01",
    "symbol": "MRNA",
    "eps": -2.52,
    "epsEstimated": -2.92,
    "time": "bmo",
    "revenue": 107000000,
    "revenueEstimated": 116748440,
    "updatedFromDate": "2025-08-01",
    "fiscalDateEnding": "2025-03-31"
  },
  {
    "date": "2025-02-14",
    "symbol": "MRNA",
    "eps": -2.5,
    "epsEstimated": -2.68,
    "time": "bmo",
    "revenue": 956000000,
    "revenueEstimated": 942815665,
    "updatedFromDate": "2025-05-14",
    "fiscalDateEnding": "2024-12-31"
  },
  {
    "date": "2024-11-07",
    "symbol": "MRNA",
    "eps": 0.03,
    "epsEstimated": -1.91,
    "time": "bmo",
    "revenue": 1855000000,
    "revenueEstimated": 1250085927,
    "updatedFromDate": "2025-04-25",
    "fiscalDateEnding": "2024-09-30"
  },
  {
    "date": "2024-08-01",
    "symbol": "MRNA",
    "eps": -3.33,
    "epsEstimated": -3.35,
    "time": "bmo",
    "revenue": 241000000,
    "revenueEstimated": 128411145,
    "updatedFromDate": "2025-04-25",
    "fiscalDateEnding": "2024-06-30"
  },
  {
    "date": "2024-05-02",
    "symbol": "MRNA",
    "eps": -3.07,
    "epsEstimated": -3.56,
    "time": "bmo",
    "revenue": 167000000,
    "revenueEstimated": 93261430,
    "updatedFromDate": "2025-04-25",
    "fiscalDateEnding": "2024-03-31"
  },
  {
    "date": "2024-02-22",
    "symbol": "MRNA",
    "eps": 0.55,
    "epsEstimated": -0.97,
    "time": "bmo",
    "revenue": 2813000000,
    "revenueEstimated": 2511092100,
    "updatedFromDate": "2025-04-25",
    "fiscalDateEnding": "2023-12-31"
  },
  {
    "date": "2023-11-02",
    "symbol": "MRNA",
    "eps": -1.39,
    "epsEstimated": -2.01,
    "time": "bmo",
    "revenue": 1831000000,
    "revenueEstimated": 1324180000,
    "updatedFromDate": "2025-04-25",
    "fiscalDateEnding": "2023-09-30"
  },
  {
    "date": "2023-08-03",
    "symbol": "MRNA",
    "eps": -3.62,
    "epsEstimated": -3.84,
    "time": "bmo",
    "revenue": 344000000,
    "revenueEstimated": 319640000,
    "updatedFromDate": "2025-04-25",
    "fiscalDateEnding": "2023-06-30"
  },
  {
    "date": "2023-05-04",
    "symbol": "MRNA",
    "eps": 0.19,
    "epsEstimated": -1.77,
    "time": "bmo",
    "revenue": 1838000000,
    "revenueEstimated": 1178100000,
    "updatedFromDate": "2025-04-25",
    "fiscalDateEnding": "2023-03-31"
  },
  {
    "date": "2023-02-23",
    "symbol": "MRNA",
    "eps": 3.61,
    "epsEstimated": 4.68,
    "time": "bmo",
    "revenue": 5084000000,
    "revenueEstimated": 5017358621,
    "updatedFromDate": "2025-04-25",
    "fiscalDateEnding": "2022-12-31"
  },
  {
    "date": "2022-11-03",
    "symbol": "MRNA",
    "eps": 2.53,
    "epsEstimated": 3.29,
    "time": "bmo",
    "revenue": 3220000000,
    "revenueEstimated": 3526558444,
    "updatedFromDate": "2025-04-25",
    "fiscalDateEnding": "2022-09-30"
  },
  {
    "date": "2022-08-03",
    "symbol": "MRNA",
    "eps": 5.24,
    "epsEstimated": 4.55,
    "time": "bmo",
    "revenue": 4566000000,
    "revenueEstimated": 4097025659,
    "updatedFromDate": "2025-04-25",
    "fiscalDateEnding": "2022-06-30"
  },
  {
    "date": "2022-05-04",
    "symbol": "MRNA",
    "eps": 8.58,
    "epsEstimated": 5.21,
    "time": "bmo",
    "revenue": 5940000000,
    "revenueEstimated": 4203904799,
    "updatedFromDate": "2025-04-25",
    "fiscalDateEnding": "2022-03-31"
  },
  {
    "date": "2022-02-24",
    "symbol": "MRNA",
    "eps": 11.29,
    "epsEstimated": 9.9,
    "time": "bmo",
    "revenue": 6949000000,
    "revenueEstimated": 6797736038,
    "updatedFromDate": "2025-04-25",
    "fiscalDateEnding": "2021-12-31"
  },
  {
    "date": "2021-11-04",
    "symbol": "MRNA",
    "eps": 7.7,
    "epsEstimated": 9.05,
    "time": "bmo",
    "revenue": 4829000000,
    "revenueEstimated": 6446210000,
    "updatedFromDate": "2025-04-25",
    "fiscalDateEnding": "2021-09-30"
  },
  {
    "date": "2021-08-05",
    "symbol": "MRNA",
    "eps": 6.46,
    "epsEstimated": 5.96,
    "time": "bmo",
    "revenue": 4215000000,
    "revenueEstimated": 4207420000,
    "updatedFromDate": "2025-04-25",
    "fiscalDateEnding": "2021-06-30"
  },
  {
    "date": "2021-05-06",
    "symbol": "MRNA",
    "eps": 2.84,
    "epsEstimated": 2.39,
    "time": "bmo",
    "revenue": 1743000000,
    "revenueEstimated": 2414080000,
    "updatedFromDate": "2025-04-25",
    "fiscalDateEnding": "2021-03-31"
  },
  {
    "date": "2021-02-25",
    "symbol": "MRNA",
    "eps": -0.69,
    "epsEstimated": -0.25,
    "time": "bmo",
    "revenue": 229375000,
    "revenueEstimated": 459723631,
    "updatedFromDate": "2025-04-25",
    "fiscalDateEnding": "2020-12-31"
  },
  {
    "date": "2020-10-29",
    "symbol": "MRNA",
    "eps": -0.59,
    "epsEstimated": -0.43,
    "time": "bmo",
    "revenue": 12216000,
    "revenueEstimated": 115086949,
    "updatedFromDate": "2025-04-25",
    "fiscalDateEnding": "2020-09-30"
  },
  {
    "date": "2020-08-05",
    "symbol": "MRNA",
    "eps": -0.31,
    "epsEstimated": -0.36,
    "time": "bmo",
    "revenue": 28442000,
    "revenueEstimated": 74912419,
    "updatedFromDate": "2025-04-25",
    "fiscalDateEnding": "2020-06-30"
  },
  {
    "date": "2020-05-07",
    "symbol": "MRNA",
    "eps": -0.35,
    "epsEstimated": -0.37,
    "time": "bmo",
    "revenue": 4457000,
    "revenueEstimated": 8389000,
    "updatedFromDate": "2025-04-25",
    "fiscalDateEnding": "2020-03-31"
  },
  {
    "date": "2020-02-26",
    "symbol": "MRNA",
    "eps": -0.37,
    "epsEstimated": -0.43,
    "time": "bmo",
    "revenue": 10553000,
    "revenueEstimated": 15954324,
    "updatedFromDate": "2025-04-25",
    "fiscalDateEnding": "2019-12-31"
  },
  {
    "date": "2019-11-06",
    "symbol": "MRNA",
    "eps": -0.37,
    "epsEstimated": -0.43,
    "time": "bmo",
    "revenue": 13338000,
    "revenueEstimated": 19810216,
    "updatedFromDate": "2025-04-25",
    "fiscalDateEnding": "2019-09-30"
  },
  {
    "date": "2019-08-07",
    "symbol": "MRNA",
    "eps": -0.41,
    "epsEstimated": -0.42,
    "time": "bmo",
    "revenue": 10030000,
    "revenueEstimated": 14040292,
    "updatedFromDate": "2025-04-25",
    "fiscalDateEnding": "2019-06-30"
  },
  {
    "date": "2019-05-09",
    "symbol": "MRNA",
    "eps": -0.4,
    "epsEstimated": -0.35,
    "time": "bmo",
    "revenue": 14115000,
    "revenueEstimated": 14422499,
    "updatedFromDate": "2025-04-25",
    "fiscalDateEnding": "2019-03-31"
  },
  {
    "date": "2019-03-06",
    "symbol": "MRNA",
    "eps": -1.78,
    "epsEstimated": -0.36,
    "time": "bmo",
    "revenue": 32816000,
    "revenueEstimated": null,
    "updatedFromDate": "2025-04-25",
    "fiscalDateEnding": "2018-12-31"
  },
  {
    "date": "2018-12-07",
    "symbol": "MRNA",
    "eps": -0.22937,
    "epsEstimated": null,
    "time": "bmo",
    "revenue": 25831000,
    "revenueEstimated": null,
    "updatedFromDate": "2025-04-25",
    "fiscalDateEnding": "2018-06-30"
  },
  {
    "date": "2018-09-29",
    "symbol": "MRNA",
    "eps": -0.24762,
    "epsEstimated": null,
    "time": "bmo",
    "revenue": 36662000,
    "revenueEstimated": null,
    "updatedFromDate": "2025-04-25",
    "fiscalDateEnding": "2018-09-30"
  },
  {
    "date": "2018-03-30",
    "symbol": "MRNA",
    "eps": -0.18323,
    "epsEstimated": null,
    "time": "bmo",
    "revenue": 27460000,
    "revenueEstimated": null,
    "updatedFromDate": "2025-04-25",
    "fiscalDateEnding": "2018-03-31"
  },
  {
    "date": "2017-12-30",
    "symbol": "MRNA",
    "eps": -0.12789,
    "epsEstimated": null,
    "time": "bmo",
    "revenue": 88416000,
    "revenueEstimated": null,
    "updatedFromDate": "2025-04-25",
    "fiscalDateEnding": "2017-12-31"
  },
  {
    "date": "2017-09-29",
    "symbol": "MRNA",
    "eps": -1.05483,
    "epsEstimated": null,
    "time": "bmo",
    "revenue": 42473000,
    "revenueEstimated": null,
    "updatedFromDate": "2025-04-25",
    "fiscalDateEnding": "2017-09-30"
  },
  {
    "date": "2017-06-29",
    "symbol": "MRNA",
    "eps": -1.24935,
    "epsEstimated": null,
    "time": "bmo",
    "revenue": 35724000,
    "revenueEstimated": null,
    "updatedFromDate": "2025-04-25",
    "fiscalDateEnding": "2017-06-30"
  },
  {
    "date": "2017-03-30",
    "symbol": "MRNA",
    "eps": -1.24935,
    "epsEstimated": null,
    "time": "bmo",
    "revenue": 35724000,
    "revenueEstimated": null,
    "updatedFromDate": "2025-04-25",
    "fiscalDateEnding": "2017-03-31"
  }
]