[
  {
    "date": "2026-04-09",
    "symbol": "MS",
    "eps": null,
    "epsEstimated": null,
    "time": "bmo",
    "revenue": null,
    "revenueEstimated": null,
    "updatedFromDate": "2025-10-02",
    "fiscalDateEnding": "2026-03-30"
  },
  {
    "date": "2026-01-14",
    "symbol": "MS",
    "eps": null,
    "epsEstimated": null,
    "time": "bmo",
    "revenue": null,
    "revenueEstimated": null,
    "updatedFromDate": "2025-10-02",
    "fiscalDateEnding": "2025-12-30"
  },
  {
    "date": "2025-10-15",
    "symbol": "MS",
    "eps": null,
    "epsEstimated": 2.03,
    "time": "bmo",
    "revenue": null,
    "revenueEstimated": 16446448530,
    "updatedFromDate": "2025-10-02",
    "fiscalDateEnding": "2025-09-30"
  },
  {
    "date": "2025-07-16",
    "symbol": "MS",
    "eps": 2.13,
    "epsEstimated": 1.98,
    "time": "bmo",
    "revenue": 28162000000,
    "revenueEstimated": 16065942127,
    "updatedFromDate": "2025-10-02",
    "fiscalDateEnding": "2025-06-30"
  },
  {
    "date": "2025-04-11",
    "symbol": "MS",
    "eps": 2.6,
    "epsEstimated": 2.21,
    "time": "bmo",
    "revenue": 27912000000,
    "revenueEstimated": 16537162273,
    "updatedFromDate": "2025-07-11",
    "fiscalDateEnding": "2025-03-31"
  },
  {
    "date": "2025-01-16",
    "symbol": "MS",
    "eps": 2.22,
    "epsEstimated": 1.62,
    "time": "bmo",
    "revenue": 16108000000,
    "revenueEstimated": 15026274337,
    "updatedFromDate": "2025-04-25",
    "fiscalDateEnding": "2024-12-31"
  },
  {
    "date": "2024-10-16",
    "symbol": "MS",
    "eps": 1.88,
    "epsEstimated": 1.58,
    "time": "bmo",
    "revenue": 13187000000,
    "revenueEstimated": 14351246105,
    "updatedFromDate": "2025-04-25",
    "fiscalDateEnding": "2024-09-30"
  },
  {
    "date": "2024-07-16",
    "symbol": "MS",
    "eps": 1.82,
    "epsEstimated": 1.65,
    "time": "bmo",
    "revenue": 14943000000,
    "revenueEstimated": 14321768455,
    "updatedFromDate": "2025-04-25",
    "fiscalDateEnding": "2024-06-30"
  },
  {
    "date": "2024-04-16",
    "symbol": "MS",
    "eps": 2.02,
    "epsEstimated": 1.66,
    "time": "bmo",
    "revenue": 15142000000,
    "revenueEstimated": 14400093397,
    "updatedFromDate": "2025-04-25",
    "fiscalDateEnding": "2024-03-31"
  },
  {
    "date": "2024-01-16",
    "symbol": "MS",
    "eps": 0.99,
    "epsEstimated": 1.01,
    "time": "bmo",
    "revenue": 12893000000,
    "revenueEstimated": 12746200000,
    "updatedFromDate": "2025-04-25",
    "fiscalDateEnding": "2023-12-31"
  },
  {
    "date": "2023-10-18",
    "symbol": "MS",
    "eps": 1.38,
    "epsEstimated": 1.28,
    "time": "bmo",
    "revenue": 13139000000,
    "revenueEstimated": 12575400000,
    "updatedFromDate": "2025-04-25",
    "fiscalDateEnding": "2023-09-30"
  },
  {
    "date": "2023-07-18",
    "symbol": "MS",
    "eps": 1.24,
    "epsEstimated": 1.15,
    "time": "bmo",
    "revenue": 13296000000,
    "revenueEstimated": 13083600000,
    "updatedFromDate": "2025-04-25",
    "fiscalDateEnding": "2023-06-30"
  },
  {
    "date": "2023-04-19",
    "symbol": "MS",
    "eps": 1.7,
    "epsEstimated": 1.62,
    "time": "bmo",
    "revenue": 13636000000,
    "revenueEstimated": 13923800000,
    "updatedFromDate": "2025-04-25",
    "fiscalDateEnding": "2023-03-31"
  },
  {
    "date": "2023-01-17",
    "symbol": "MS",
    "eps": 1.26,
    "epsEstimated": 1.19,
    "time": "bmo",
    "revenue": 12662000000,
    "revenueEstimated": 12541137865,
    "updatedFromDate": "2025-04-25",
    "fiscalDateEnding": "2022-12-31"
  },
  {
    "date": "2022-10-14",
    "symbol": "MS",
    "eps": 1.47,
    "epsEstimated": 1.49,
    "time": "bmo",
    "revenue": 12951000000,
    "revenueEstimated": 13291549304,
    "updatedFromDate": "2025-04-25",
    "fiscalDateEnding": "2022-09-30"
  },
  {
    "date": "2022-07-14",
    "symbol": "MS",
    "eps": 1.39,
    "epsEstimated": 1.53,
    "time": "bmo",
    "revenue": 13031000000,
    "revenueEstimated": 13385850489,
    "updatedFromDate": "2025-04-25",
    "fiscalDateEnding": "2022-06-30"
  },
  {
    "date": "2022-04-14",
    "symbol": "MS",
    "eps": 2.02,
    "epsEstimated": 1.68,
    "time": "bmo",
    "revenue": 14744000000,
    "revenueEstimated": 14246792366,
    "updatedFromDate": "2025-04-25",
    "fiscalDateEnding": "2022-03-31"
  },
  {
    "date": "2022-01-19",
    "symbol": "MS",
    "eps": 2.01,
    "epsEstimated": 1.91,
    "time": "bmo",
    "revenue": 14519000000,
    "revenueEstimated": 315547000000,
    "updatedFromDate": "2025-04-25",
    "fiscalDateEnding": "2021-12-31"
  },
  {
    "date": "2021-10-14",
    "symbol": "MS",
    "eps": 1.98,
    "epsEstimated": 1.68,
    "time": "bmo",
    "revenue": 14729000000,
    "revenueEstimated": 13657200000,
    "updatedFromDate": "2025-04-25",
    "fiscalDateEnding": "2021-09-30"
  },
  {
    "date": "2021-07-15",
    "symbol": "MS",
    "eps": 1.85,
    "epsEstimated": 1.65,
    "time": "bmo",
    "revenue": 14686000000,
    "revenueEstimated": 14088500000,
    "updatedFromDate": "2025-04-25",
    "fiscalDateEnding": "2021-06-30"
  },
  {
    "date": "2021-04-16",
    "symbol": "MS",
    "eps": 2.19,
    "epsEstimated": 1.7,
    "time": "bmo",
    "revenue": 15817000000,
    "revenueEstimated": 10540523529,
    "updatedFromDate": "2025-04-25",
    "fiscalDateEnding": "2021-03-31"
  },
  {
    "date": "2021-01-20",
    "symbol": "MS",
    "eps": 1.92,
    "epsEstimated": 1.27,
    "time": "bmo",
    "revenue": 13593000000,
    "revenueEstimated": 12200541732,
    "updatedFromDate": "2025-04-25",
    "fiscalDateEnding": "2020-12-31"
  },
  {
    "date": "2020-10-15",
    "symbol": "MS",
    "eps": 1.66,
    "epsEstimated": 1.28,
    "time": "bmo",
    "revenue": 11610000000,
    "revenueEstimated": 8451084337,
    "updatedFromDate": "2025-04-25",
    "fiscalDateEnding": "2020-09-30"
  },
  {
    "date": "2020-07-16",
    "symbol": "MS",
    "eps": 1.96,
    "epsEstimated": 1.12,
    "time": "bmo",
    "revenue": 13421000000,
    "revenueEstimated": 11785331250,
    "updatedFromDate": "2025-04-25",
    "fiscalDateEnding": "2020-06-30"
  },
  {
    "date": "2020-04-16",
    "symbol": "MS",
    "eps": 1.01,
    "epsEstimated": 1.14,
    "time": "bmo",
    "revenue": 9372000000,
    "revenueEstimated": 9872851485,
    "updatedFromDate": "2025-04-25",
    "fiscalDateEnding": "2020-03-31"
  },
  {
    "date": "2020-01-16",
    "symbol": "MS",
    "eps": 1.3,
    "epsEstimated": 1,
    "time": "bmo",
    "revenue": 10857000000,
    "revenueEstimated": 7864615384,
    "updatedFromDate": "2025-04-25",
    "fiscalDateEnding": "2019-12-31"
  },
  {
    "date": "2019-10-17",
    "symbol": "MS",
    "eps": 1.27,
    "epsEstimated": 1.11,
    "time": "bmo",
    "revenue": 10032000000,
    "revenueEstimated": 8211377952,
    "updatedFromDate": "2025-04-25",
    "fiscalDateEnding": "2019-09-30"
  },
  {
    "date": "2019-07-18",
    "symbol": "MS",
    "eps": 1.23,
    "epsEstimated": 1.14,
    "time": "bmo",
    "revenue": 10244000000,
    "revenueEstimated": 8910536585,
    "updatedFromDate": "2025-04-25",
    "fiscalDateEnding": "2019-06-30"
  },
  {
    "date": "2019-04-17",
    "symbol": "MS",
    "eps": 1.39,
    "epsEstimated": 1.17,
    "time": "bmo",
    "revenue": 10286000000,
    "revenueEstimated": 8158856115,
    "updatedFromDate": "2025-04-25",
    "fiscalDateEnding": "2019-03-31"
  },
  {
    "date": "2019-01-17",
    "symbol": "MS",
    "eps": 0.8,
    "epsEstimated": 0.89,
    "time": "bmo",
    "revenue": 8548000000,
    "revenueEstimated": 8844375000,
    "updatedFromDate": "2025-04-25",
    "fiscalDateEnding": "2018-12-31"
  },
  {
    "date": "2018-10-16",
    "symbol": "MS",
    "eps": 1.17,
    "epsEstimated": 1.01,
    "time": "bmo",
    "revenue": 9872000000,
    "revenueEstimated": 8039427350,
    "updatedFromDate": "2025-04-25",
    "fiscalDateEnding": "2018-09-30"
  },
  {
    "date": "2018-07-18",
    "symbol": "MS",
    "eps": 1.25,
    "epsEstimated": 1.11,
    "time": "bmo",
    "revenue": 10610000000,
    "revenueEstimated": 8539315384,
    "updatedFromDate": "2025-04-25",
    "fiscalDateEnding": "2018-06-30"
  },
  {
    "date": "2018-04-18",
    "symbol": "MS",
    "eps": 1.45,
    "epsEstimated": 1.25,
    "time": "bmo",
    "revenue": 11077000000,
    "revenueEstimated": 9008620689,
    "updatedFromDate": "2025-04-25",
    "fiscalDateEnding": "2018-03-31"
  },
  {
    "date": "2018-01-18",
    "symbol": "MS",
    "eps": 0.84,
    "epsEstimated": 0.77,
    "time": "bmo",
    "revenue": 9500000000,
    "revenueEstimated": 8216083333,
    "updatedFromDate": "2025-04-25",
    "fiscalDateEnding": "2017-12-31"
  },
  {
    "date": "2017-10-17",
    "symbol": "MS",
    "eps": 0.88,
    "epsEstimated": 0.81,
    "time": "bmo",
    "revenue": 9197000000,
    "revenueEstimated": 7555645161,
    "updatedFromDate": "2025-04-25",
    "fiscalDateEnding": "2017-09-30"
  },
  {
    "date": "2017-07-19",
    "symbol": "MS",
    "eps": 0.87,
    "epsEstimated": 0.76,
    "time": "bmo",
    "revenue": 9503000000,
    "revenueEstimated": 7842850574,
    "updatedFromDate": "2025-04-25",
    "fiscalDateEnding": "2017-06-30"
  },
  {
    "date": "2017-04-19",
    "symbol": "MS",
    "eps": 1,
    "epsEstimated": 0.88,
    "time": "bmo",
    "revenue": 9745000000,
    "revenueEstimated": 8127680000,
    "updatedFromDate": "2025-04-25",
    "fiscalDateEnding": "2017-03-31"
  },
  {
    "date": "2017-01-17",
    "symbol": "MS",
    "eps": 0.81,
    "epsEstimated": 0.65,
    "time": "bmo",
    "revenue": 9021000000,
    "revenueEstimated": 6853888888,
    "updatedFromDate": "2025-04-25",
    "fiscalDateEnding": "2016-12-31"
  },
  {
    "date": "2016-10-19",
    "symbol": "MS",
    "eps": 0.8,
    "epsEstimated": 0.63,
    "time": "bmo",
    "revenue": 8909000000,
    "revenueEstimated": 6629175000,
    "updatedFromDate": "2025-04-25",
    "fiscalDateEnding": "2016-09-30"
  },
  {
    "date": "2016-07-20",
    "symbol": "MS",
    "eps": 0.75,
    "epsEstimated": 0.59,
    "time": "bmo",
    "revenue": 8909000000,
    "revenueEstimated": 6627666666,
    "updatedFromDate": "2025-04-25",
    "fiscalDateEnding": "2016-06-30"
  }
]