[
  {
    "date": "2026-04-20",
    "symbol": "MSCI",
    "eps": null,
    "epsEstimated": null,
    "time": "bmo",
    "revenue": null,
    "revenueEstimated": null,
    "updatedFromDate": "2025-10-02",
    "fiscalDateEnding": "2026-03-30"
  },
  {
    "date": "2026-01-27",
    "symbol": "MSCI",
    "eps": null,
    "epsEstimated": null,
    "time": "bmo",
    "revenue": null,
    "revenueEstimated": null,
    "updatedFromDate": "2025-10-02",
    "fiscalDateEnding": "2025-12-30"
  },
  {
    "date": "2025-11-04",
    "symbol": "MSCI",
    "eps": null,
    "epsEstimated": 4.37,
    "time": "bmo",
    "revenue": null,
    "revenueEstimated": null,
    "updatedFromDate": "2025-10-02",
    "fiscalDateEnding": "2025-09-30"
  },
  {
    "date": "2025-07-22",
    "symbol": "MSCI",
    "eps": 4.17,
    "epsEstimated": 4.15,
    "time": "bmo",
    "revenue": 772679000,
    "revenueEstimated": 770396372,
    "updatedFromDate": "2025-10-02",
    "fiscalDateEnding": "2025-06-30"
  },
  {
    "date": "2025-04-22",
    "symbol": "MSCI",
    "eps": 4,
    "epsEstimated": 3.92,
    "time": "bmo",
    "revenue": 745826000,
    "revenueEstimated": 743444631,
    "updatedFromDate": "2025-07-22",
    "fiscalDateEnding": "2025-03-31"
  },
  {
    "date": "2025-01-29",
    "symbol": "MSCI",
    "eps": 4.18,
    "epsEstimated": 3.95,
    "time": "bmo",
    "revenue": 743509000,
    "revenueEstimated": 745440320,
    "updatedFromDate": "2025-04-29",
    "fiscalDateEnding": "2024-12-31"
  },
  {
    "date": "2024-10-29",
    "symbol": "MSCI",
    "eps": 3.86,
    "epsEstimated": 3.77,
    "time": "bmo",
    "revenue": 724705000,
    "revenueEstimated": 716152683,
    "updatedFromDate": "2025-04-25",
    "fiscalDateEnding": "2024-09-30"
  },
  {
    "date": "2024-07-23",
    "symbol": "MSCI",
    "eps": 3.64,
    "epsEstimated": 3.55,
    "time": "bmo",
    "revenue": 707949000,
    "revenueEstimated": 696411734,
    "updatedFromDate": "2025-04-25",
    "fiscalDateEnding": "2024-06-30"
  },
  {
    "date": "2024-04-23",
    "symbol": "MSCI",
    "eps": 3.52,
    "epsEstimated": 3.45,
    "time": "bmo",
    "revenue": 679965000,
    "revenueEstimated": 685465768,
    "updatedFromDate": "2025-04-25",
    "fiscalDateEnding": "2024-03-31"
  },
  {
    "date": "2024-01-30",
    "symbol": "MSCI",
    "eps": 3.68,
    "epsEstimated": 3.29,
    "time": "bmo",
    "revenue": 690106000,
    "revenueEstimated": 662730000,
    "updatedFromDate": "2025-04-25",
    "fiscalDateEnding": "2023-12-31"
  },
  {
    "date": "2023-10-31",
    "symbol": "MSCI",
    "eps": 3.45,
    "epsEstimated": 3.32,
    "time": "bmo",
    "revenue": 625439000,
    "revenueEstimated": 625669386,
    "updatedFromDate": "2025-04-25",
    "fiscalDateEnding": "2023-09-30"
  },
  {
    "date": "2023-07-25",
    "symbol": "MSCI",
    "eps": 3.26,
    "epsEstimated": 3.11,
    "time": "bmo",
    "revenue": 621157000,
    "revenueEstimated": 602440000,
    "updatedFromDate": "2025-04-25",
    "fiscalDateEnding": "2023-06-30"
  },
  {
    "date": "2023-04-25",
    "symbol": "MSCI",
    "eps": 3.14,
    "epsEstimated": 2.99,
    "time": "bmo",
    "revenue": 592218000,
    "revenueEstimated": 593820000,
    "updatedFromDate": "2025-04-25",
    "fiscalDateEnding": "2023-03-31"
  },
  {
    "date": "2023-01-31",
    "symbol": "MSCI",
    "eps": 2.84,
    "epsEstimated": 2.76,
    "time": "bmo",
    "revenue": 576208000,
    "revenueEstimated": 568580647,
    "updatedFromDate": "2025-04-25",
    "fiscalDateEnding": "2022-12-31"
  },
  {
    "date": "2022-10-25",
    "symbol": "MSCI",
    "eps": 2.85,
    "epsEstimated": 2.71,
    "time": "bmo",
    "revenue": 560639000,
    "revenueEstimated": 558754825,
    "updatedFromDate": "2025-04-25",
    "fiscalDateEnding": "2022-09-30"
  },
  {
    "date": "2022-07-26",
    "symbol": "MSCI",
    "eps": 2.78,
    "epsEstimated": 2.68,
    "time": "bmo",
    "revenue": 551806000,
    "revenueEstimated": 558965017,
    "updatedFromDate": "2025-04-25",
    "fiscalDateEnding": "2022-06-30"
  },
  {
    "date": "2022-04-26",
    "symbol": "MSCI",
    "eps": 2.98,
    "epsEstimated": 2.8,
    "time": "bmo",
    "revenue": 559945000,
    "revenueEstimated": 562101786,
    "updatedFromDate": "2025-04-25",
    "fiscalDateEnding": "2022-03-31"
  },
  {
    "date": "2022-01-27",
    "symbol": "MSCI",
    "eps": 2.51,
    "epsEstimated": 2.49,
    "time": "bmo",
    "revenue": 549842000,
    "revenueEstimated": 539733360,
    "updatedFromDate": "2025-04-25",
    "fiscalDateEnding": "2021-12-31"
  },
  {
    "date": "2021-10-26",
    "symbol": "MSCI",
    "eps": 2.53,
    "epsEstimated": 2.41,
    "time": "bmo",
    "revenue": 517099000,
    "revenueEstimated": 506260000,
    "updatedFromDate": "2025-04-25",
    "fiscalDateEnding": "2021-09-30"
  },
  {
    "date": "2021-07-27",
    "symbol": "MSCI",
    "eps": 2.45,
    "epsEstimated": 2.3,
    "time": "bmo",
    "revenue": 498180000,
    "revenueEstimated": 505580000,
    "updatedFromDate": "2025-04-25",
    "fiscalDateEnding": "2021-06-30"
  },
  {
    "date": "2021-04-27",
    "symbol": "MSCI",
    "eps": 2.46,
    "epsEstimated": 2.26,
    "time": "bmo",
    "revenue": 478423000,
    "revenueEstimated": 469850000,
    "updatedFromDate": "2025-04-25",
    "fiscalDateEnding": "2021-03-31"
  },
  {
    "date": "2021-01-28",
    "symbol": "MSCI",
    "eps": 1.96,
    "epsEstimated": 1.95,
    "time": "bmo",
    "revenue": 443661000,
    "revenueEstimated": 441385815,
    "updatedFromDate": "2025-04-25",
    "fiscalDateEnding": "2020-12-31"
  },
  {
    "date": "2020-10-27",
    "symbol": "MSCI",
    "eps": 2.2,
    "epsEstimated": 1.81,
    "time": "bmo",
    "revenue": 425333000,
    "revenueEstimated": 349933059,
    "updatedFromDate": "2025-04-25",
    "fiscalDateEnding": "2020-09-30"
  },
  {
    "date": "2020-07-28",
    "symbol": "MSCI",
    "eps": 1.77,
    "epsEstimated": 1.68,
    "time": "bmo",
    "revenue": 409616000,
    "revenueEstimated": 388788067,
    "updatedFromDate": "2025-04-25",
    "fiscalDateEnding": "2020-06-30"
  },
  {
    "date": "2020-04-28",
    "symbol": "MSCI",
    "eps": 1.9,
    "epsEstimated": 1.68,
    "time": "bmo",
    "revenue": 416780000,
    "revenueEstimated": 368521263,
    "updatedFromDate": "2025-04-25",
    "fiscalDateEnding": "2020-03-31"
  },
  {
    "date": "2020-01-30",
    "symbol": "MSCI",
    "eps": 1.67,
    "epsEstimated": 1.61,
    "time": "bmo",
    "revenue": 406606000,
    "revenueEstimated": 391997401,
    "updatedFromDate": "2025-04-25",
    "fiscalDateEnding": "2019-12-31"
  },
  {
    "date": "2019-10-31",
    "symbol": "MSCI",
    "eps": 1.68,
    "epsEstimated": 1.59,
    "time": "bmo",
    "revenue": 394251000,
    "revenueEstimated": 375477142,
    "updatedFromDate": "2025-04-25",
    "fiscalDateEnding": "2019-09-30"
  },
  {
    "date": "2019-08-01",
    "symbol": "MSCI",
    "eps": 1.54,
    "epsEstimated": 1.51,
    "time": "bmo",
    "revenue": 385558000,
    "revenueEstimated": 378047129,
    "updatedFromDate": "2025-04-25",
    "fiscalDateEnding": "2019-06-30"
  },
  {
    "date": "2019-05-02",
    "symbol": "MSCI",
    "eps": 1.55,
    "epsEstimated": 1.41,
    "time": "bmo",
    "revenue": 371381000,
    "revenueEstimated": 337836909,
    "updatedFromDate": "2025-04-25",
    "fiscalDateEnding": "2019-03-31"
  },
  {
    "date": "2019-01-31",
    "symbol": "MSCI",
    "eps": 1.31,
    "epsEstimated": 1.3,
    "time": "bmo",
    "revenue": 361688000,
    "revenueEstimated": 358927022,
    "updatedFromDate": "2025-04-25",
    "fiscalDateEnding": "2018-12-31"
  },
  {
    "date": "2018-11-01",
    "symbol": "MSCI",
    "eps": 1.35,
    "epsEstimated": 1.29,
    "time": "bmo",
    "revenue": 357934000,
    "revenueEstimated": 342025822,
    "updatedFromDate": "2025-04-25",
    "fiscalDateEnding": "2018-09-30"
  },
  {
    "date": "2018-08-02",
    "symbol": "MSCI",
    "eps": 1.3,
    "epsEstimated": 1.28,
    "time": "bmo",
    "revenue": 363046000,
    "revenueEstimated": 357460676,
    "updatedFromDate": "2025-04-25",
    "fiscalDateEnding": "2018-06-30"
  },
  {
    "date": "2018-05-03",
    "symbol": "MSCI",
    "eps": 1.31,
    "epsEstimated": 1.26,
    "time": "bmo",
    "revenue": 351316000,
    "revenueEstimated": 337906992,
    "updatedFromDate": "2025-04-25",
    "fiscalDateEnding": "2018-03-31"
  },
  {
    "date": "2018-02-01",
    "symbol": "MSCI",
    "eps": 1.15,
    "epsEstimated": 0.99,
    "time": "bmo",
    "revenue": 334779000,
    "revenueEstimated": 291112173,
    "updatedFromDate": "2025-04-25",
    "fiscalDateEnding": "2017-12-31"
  },
  {
    "date": "2017-11-02",
    "symbol": "MSCI",
    "eps": 1,
    "epsEstimated": 0.97,
    "time": "bmo",
    "revenue": 322097000,
    "revenueEstimated": 312434090,
    "updatedFromDate": "2025-04-25",
    "fiscalDateEnding": "2017-09-30"
  },
  {
    "date": "2017-08-03",
    "symbol": "MSCI",
    "eps": 0.95,
    "epsEstimated": 0.9,
    "time": "bmo",
    "revenue": 316089000,
    "revenueEstimated": 299452736,
    "updatedFromDate": "2025-04-25",
    "fiscalDateEnding": "2017-06-30"
  },
  {
    "date": "2017-05-04",
    "symbol": "MSCI",
    "eps": 0.88,
    "epsEstimated": 0.85,
    "time": "bmo",
    "revenue": 301207000,
    "revenueEstimated": 290938579,
    "updatedFromDate": "2025-04-25",
    "fiscalDateEnding": "2017-03-31"
  },
  {
    "date": "2017-02-02",
    "symbol": "MSCI",
    "eps": 0.81,
    "epsEstimated": 0.75,
    "time": "bmo",
    "revenue": 292812000,
    "revenueEstimated": 271122222,
    "updatedFromDate": "2025-04-25",
    "fiscalDateEnding": "2016-12-31"
  },
  {
    "date": "2016-10-27",
    "symbol": "MSCI",
    "eps": 0.77,
    "epsEstimated": 0.73,
    "time": "bmo",
    "revenue": 288433000,
    "revenueEstimated": 273449467,
    "updatedFromDate": "2025-04-25",
    "fiscalDateEnding": "2016-09-30"
  },
  {
    "date": "2016-07-28",
    "symbol": "MSCI",
    "eps": 0.77,
    "epsEstimated": 0.72,
    "time": "bmo",
    "revenue": 290596000,
    "revenueEstimated": 271726129,
    "updatedFromDate": "2025-04-25",
    "fiscalDateEnding": "2016-06-30"
  }
]