[
  {
    "date": "2026-04-28",
    "symbol": "MSFT",
    "eps": null,
    "epsEstimated": null,
    "time": "amc",
    "revenue": null,
    "revenueEstimated": null,
    "updatedFromDate": "2025-10-02",
    "fiscalDateEnding": "2026-03-30"
  },
  {
    "date": "2026-01-27",
    "symbol": "MSFT",
    "eps": null,
    "epsEstimated": null,
    "time": "amc",
    "revenue": null,
    "revenueEstimated": null,
    "updatedFromDate": "2025-10-02",
    "fiscalDateEnding": "2025-12-30"
  },
  {
    "date": "2025-10-29",
    "symbol": "MSFT",
    "eps": null,
    "epsEstimated": 3.65,
    "time": "bmo",
    "revenue": null,
    "revenueEstimated": 75492965540,
    "updatedFromDate": "2025-10-02",
    "fiscalDateEnding": "2025-09-30"
  },
  {
    "date": "2025-07-30",
    "symbol": "MSFT",
    "eps": 3.65,
    "epsEstimated": 3.37,
    "time": "amc",
    "revenue": 76441000000,
    "revenueEstimated": 73926767276,
    "updatedFromDate": "2025-10-02",
    "fiscalDateEnding": "2025-06-30"
  },
  {
    "date": "2025-04-30",
    "symbol": "MSFT",
    "eps": 3.46,
    "epsEstimated": 3.22,
    "time": "amc",
    "revenue": 70066000000,
    "revenueEstimated": 68439856878,
    "updatedFromDate": "2025-07-30",
    "fiscalDateEnding": "2025-03-31"
  },
  {
    "date": "2025-01-29",
    "symbol": "MSFT",
    "eps": 3.23,
    "epsEstimated": 3.15,
    "time": "amc",
    "revenue": 69632000000,
    "revenueEstimated": 68865707131,
    "updatedFromDate": "2025-04-29",
    "fiscalDateEnding": "2024-12-31"
  },
  {
    "date": "2024-10-30",
    "symbol": "MSFT",
    "eps": 3.3,
    "epsEstimated": 3.1,
    "time": "amc",
    "revenue": 65585000000,
    "revenueEstimated": 64562402034,
    "updatedFromDate": "2025-04-24",
    "fiscalDateEnding": "2024-09-30"
  },
  {
    "date": "2024-07-30",
    "symbol": "MSFT",
    "eps": 2.95,
    "epsEstimated": 2.93,
    "time": "amc",
    "revenue": 64727000000,
    "revenueEstimated": 64382224966,
    "updatedFromDate": "2025-04-24",
    "fiscalDateEnding": "2024-06-30"
  },
  {
    "date": "2024-04-25",
    "symbol": "MSFT",
    "eps": 2.94,
    "epsEstimated": 2.82,
    "time": "amc",
    "revenue": 61858000000,
    "revenueEstimated": 60861823613,
    "updatedFromDate": "2025-04-24",
    "fiscalDateEnding": "2024-03-31"
  },
  {
    "date": "2024-01-30",
    "symbol": "MSFT",
    "eps": 2.93,
    "epsEstimated": 2.78,
    "time": "amc",
    "revenue": 62020000000,
    "revenueEstimated": 56239300000,
    "updatedFromDate": "2025-04-24",
    "fiscalDateEnding": "2023-12-31"
  },
  {
    "date": "2023-10-24",
    "symbol": "MSFT",
    "eps": 2.99,
    "epsEstimated": 2.65,
    "time": "amc",
    "revenue": 56517000000,
    "revenueEstimated": 54489000000,
    "updatedFromDate": "2025-04-24",
    "fiscalDateEnding": "2023-09-30"
  },
  {
    "date": "2023-07-25",
    "symbol": "MSFT",
    "eps": 2.69,
    "epsEstimated": 2.55,
    "time": "amc",
    "revenue": 56189000000,
    "revenueEstimated": 55470200000,
    "updatedFromDate": "2025-04-24",
    "fiscalDateEnding": "2023-06-30"
  },
  {
    "date": "2023-04-25",
    "symbol": "MSFT",
    "eps": 2.45,
    "epsEstimated": 2.23,
    "time": "amc",
    "revenue": 52857000000,
    "revenueEstimated": 51017600000,
    "updatedFromDate": "2025-04-24",
    "fiscalDateEnding": "2023-03-31"
  },
  {
    "date": "2023-01-24",
    "symbol": "MSFT",
    "eps": 2.32,
    "epsEstimated": 2.29,
    "time": "amc",
    "revenue": 52747000000,
    "revenueEstimated": 52986736747,
    "updatedFromDate": "2025-04-24",
    "fiscalDateEnding": "2022-12-31"
  },
  {
    "date": "2022-10-25",
    "symbol": "MSFT",
    "eps": 2.35,
    "epsEstimated": 2.3,
    "time": "amc",
    "revenue": 50122000000,
    "revenueEstimated": 49609203885,
    "updatedFromDate": "2025-04-24",
    "fiscalDateEnding": "2022-09-30"
  },
  {
    "date": "2022-07-26",
    "symbol": "MSFT",
    "eps": 2.23,
    "epsEstimated": 2.29,
    "time": "amc",
    "revenue": 51865000000,
    "revenueEstimated": 52384293387,
    "updatedFromDate": "2025-04-24",
    "fiscalDateEnding": "2022-06-30"
  },
  {
    "date": "2022-04-26",
    "symbol": "MSFT",
    "eps": 2.22,
    "epsEstimated": 2.19,
    "time": "amc",
    "revenue": 49360000000,
    "revenueEstimated": 49022594536,
    "updatedFromDate": "2025-04-24",
    "fiscalDateEnding": "2022-03-31"
  },
  {
    "date": "2022-01-25",
    "symbol": "MSFT",
    "eps": 2.48,
    "epsEstimated": 2.31,
    "time": "amc",
    "revenue": 51728000000,
    "revenueEstimated": 50738946323,
    "updatedFromDate": "2025-04-24",
    "fiscalDateEnding": "2021-12-31"
  },
  {
    "date": "2021-10-26",
    "symbol": "MSFT",
    "eps": 2.27,
    "epsEstimated": 2.07,
    "time": "amc",
    "revenue": 45317000000,
    "revenueEstimated": 44002200000,
    "updatedFromDate": "2025-04-24",
    "fiscalDateEnding": "2021-09-30"
  },
  {
    "date": "2021-07-27",
    "symbol": "MSFT",
    "eps": 2.17,
    "epsEstimated": 1.92,
    "time": "amc",
    "revenue": 46152000000,
    "revenueEstimated": 43962700000,
    "updatedFromDate": "2025-04-24",
    "fiscalDateEnding": "2021-06-30"
  },
  {
    "date": "2021-04-27",
    "symbol": "MSFT",
    "eps": 1.95,
    "epsEstimated": 1.78,
    "time": "amc",
    "revenue": 41706000000,
    "revenueEstimated": 41032800000,
    "updatedFromDate": "2025-04-24",
    "fiscalDateEnding": "2021-03-31"
  },
  {
    "date": "2021-01-26",
    "symbol": "MSFT",
    "eps": 2.03,
    "epsEstimated": 1.64,
    "time": "amc",
    "revenue": 43076000000,
    "revenueEstimated": 40189600000,
    "updatedFromDate": "2025-04-24",
    "fiscalDateEnding": "2020-12-31"
  },
  {
    "date": "2020-10-27",
    "symbol": "MSFT",
    "eps": 1.82,
    "epsEstimated": 1.54,
    "time": "amc",
    "revenue": 37154000000,
    "revenueEstimated": 31438000000,
    "updatedFromDate": "2025-04-24",
    "fiscalDateEnding": "2020-09-30"
  },
  {
    "date": "2020-07-22",
    "symbol": "MSFT",
    "eps": 1.46,
    "epsEstimated": 1.34,
    "time": "amc",
    "revenue": 38033000000,
    "revenueEstimated": 34907000000,
    "updatedFromDate": "2025-04-24",
    "fiscalDateEnding": "2020-06-30"
  },
  {
    "date": "2020-04-29",
    "symbol": "MSFT",
    "eps": 1.4,
    "epsEstimated": 1.26,
    "time": "amc",
    "revenue": 35021000000,
    "revenueEstimated": 31518900000,
    "updatedFromDate": "2025-04-24",
    "fiscalDateEnding": "2020-03-31"
  },
  {
    "date": "2020-01-29",
    "symbol": "MSFT",
    "eps": 1.51,
    "epsEstimated": 1.32,
    "time": "amc",
    "revenue": 36906000000,
    "revenueEstimated": 32262198675,
    "updatedFromDate": "2025-04-24",
    "fiscalDateEnding": "2019-12-31"
  },
  {
    "date": "2019-10-23",
    "symbol": "MSFT",
    "eps": 1.38,
    "epsEstimated": 1.25,
    "time": "amc",
    "revenue": 33055000000,
    "revenueEstimated": 29941123188,
    "updatedFromDate": "2025-04-24",
    "fiscalDateEnding": "2019-09-30"
  },
  {
    "date": "2019-07-18",
    "symbol": "MSFT",
    "eps": 1.37,
    "epsEstimated": 1.21,
    "time": "amc",
    "revenue": 33717000000,
    "revenueEstimated": 29779248175,
    "updatedFromDate": "2025-04-24",
    "fiscalDateEnding": "2019-06-30"
  },
  {
    "date": "2019-04-24",
    "symbol": "MSFT",
    "eps": 1.14,
    "epsEstimated": 1,
    "time": "amc",
    "revenue": 30571000000,
    "revenueEstimated": 26816666666,
    "updatedFromDate": "2025-04-24",
    "fiscalDateEnding": "2019-03-31"
  },
  {
    "date": "2019-01-30",
    "symbol": "MSFT",
    "eps": 1.1,
    "epsEstimated": 1.09,
    "time": "amc",
    "revenue": 32471000000,
    "revenueEstimated": 32175809090,
    "updatedFromDate": "2025-04-24",
    "fiscalDateEnding": "2018-12-31"
  },
  {
    "date": "2018-10-24",
    "symbol": "MSFT",
    "eps": 1.14,
    "epsEstimated": 0.96,
    "time": "amc",
    "revenue": 29084000000,
    "revenueEstimated": 24491789473,
    "updatedFromDate": "2025-04-24",
    "fiscalDateEnding": "2018-09-30"
  },
  {
    "date": "2018-07-19",
    "symbol": "MSFT",
    "eps": 1.13,
    "epsEstimated": 1.08,
    "time": "amc",
    "revenue": 30085000000,
    "revenueEstimated": 28753805309,
    "updatedFromDate": "2025-04-24",
    "fiscalDateEnding": "2018-06-30"
  },
  {
    "date": "2018-04-26",
    "symbol": "MSFT",
    "eps": 0.95,
    "epsEstimated": 0.85,
    "time": "amc",
    "revenue": 26819000000,
    "revenueEstimated": 23995947368,
    "updatedFromDate": "2025-04-24",
    "fiscalDateEnding": "2018-03-31"
  },
  {
    "date": "2018-01-31",
    "symbol": "MSFT",
    "eps": 0.96,
    "epsEstimated": 0.86,
    "time": "amc",
    "revenue": 28918000000,
    "revenueEstimated": 26206937500,
    "updatedFromDate": "2025-04-24",
    "fiscalDateEnding": "2017-12-31"
  },
  {
    "date": "2017-10-26",
    "symbol": "MSFT",
    "eps": 0.84,
    "epsEstimated": 0.72,
    "time": "amc",
    "revenue": 24538000000,
    "revenueEstimated": 21032571428,
    "updatedFromDate": "2025-04-24",
    "fiscalDateEnding": "2017-09-30"
  },
  {
    "date": "2017-07-20",
    "symbol": "MSFT",
    "eps": 0.98,
    "epsEstimated": 0.71,
    "time": "amc",
    "revenue": 23317000000,
    "revenueEstimated": 16892928571,
    "updatedFromDate": "2025-04-24",
    "fiscalDateEnding": "2017-06-30"
  },
  {
    "date": "2017-04-27",
    "symbol": "MSFT",
    "eps": 0.73,
    "epsEstimated": 0.7,
    "time": "amc",
    "revenue": 23212000000,
    "revenueEstimated": 21182191780,
    "updatedFromDate": "2025-04-24",
    "fiscalDateEnding": "2017-03-31"
  },
  {
    "date": "2017-01-26",
    "symbol": "MSFT",
    "eps": 0.84,
    "epsEstimated": 0.79,
    "time": "amc",
    "revenue": 25826000000,
    "revenueEstimated": 22929036144,
    "updatedFromDate": "2025-04-24",
    "fiscalDateEnding": "2016-12-31"
  },
  {
    "date": "2016-10-20",
    "symbol": "MSFT",
    "eps": 0.76,
    "epsEstimated": 0.68,
    "time": "amc",
    "revenue": 21928000000,
    "revenueEstimated": 18300052631,
    "updatedFromDate": "2025-04-24",
    "fiscalDateEnding": "2016-09-30"
  },
  {
    "date": "2016-07-19",
    "symbol": "MSFT",
    "eps": 0.69,
    "epsEstimated": 0.58,
    "time": "amc",
    "revenue": 20614000000,
    "revenueEstimated": 17327710144,
    "updatedFromDate": "2025-04-24",
    "fiscalDateEnding": "2016-06-30"
  }
]