[
  {
    "date": "2026-04-29",
    "symbol": "MSI",
    "eps": null,
    "epsEstimated": null,
    "time": "amc",
    "revenue": null,
    "revenueEstimated": null,
    "updatedFromDate": "2025-10-02",
    "fiscalDateEnding": "2026-03-28"
  },
  {
    "date": "2026-02-11",
    "symbol": "MSI",
    "eps": null,
    "epsEstimated": null,
    "time": "amc",
    "revenue": null,
    "revenueEstimated": null,
    "updatedFromDate": "2025-10-02",
    "fiscalDateEnding": "2025-12-28"
  },
  {
    "date": "2025-11-06",
    "symbol": "MSI",
    "eps": null,
    "epsEstimated": 3.85,
    "time": "bmo",
    "revenue": null,
    "revenueEstimated": 2988797180,
    "updatedFromDate": "2025-10-02",
    "fiscalDateEnding": "2025-09-28"
  },
  {
    "date": "2025-08-07",
    "symbol": "MSI",
    "eps": 3.57,
    "epsEstimated": 3.35,
    "time": "amc",
    "revenue": 2765000000,
    "revenueEstimated": 2731110525,
    "updatedFromDate": "2025-10-02",
    "fiscalDateEnding": "2025-06-28"
  },
  {
    "date": "2025-05-01",
    "symbol": "MSI",
    "eps": 3.18,
    "epsEstimated": 3.01,
    "time": "amc",
    "revenue": 2528000000,
    "revenueEstimated": 2515427988,
    "updatedFromDate": "2025-08-01",
    "fiscalDateEnding": "2025-03-29"
  },
  {
    "date": "2025-02-13",
    "symbol": "MSI",
    "eps": 4.04,
    "epsEstimated": 3.89,
    "time": "amc",
    "revenue": 3011000000,
    "revenueEstimated": 2993178044,
    "updatedFromDate": "2025-05-13",
    "fiscalDateEnding": "2024-12-31"
  },
  {
    "date": "2024-11-07",
    "symbol": "MSI",
    "eps": 3.74,
    "epsEstimated": 3.38,
    "time": "amc",
    "revenue": 2790000000,
    "revenueEstimated": 2758120000,
    "updatedFromDate": "2024-11-07",
    "fiscalDateEnding": "2024-09-29"
  },
  {
    "date": "2024-08-01",
    "symbol": "MSI",
    "eps": 3.24,
    "epsEstimated": 3.01,
    "time": "amc",
    "revenue": 2628000000,
    "revenueEstimated": 2586600570,
    "updatedFromDate": "2025-04-24",
    "fiscalDateEnding": "2024-06-29"
  },
  {
    "date": "2024-05-02",
    "symbol": "MSI",
    "eps": 2.81,
    "epsEstimated": 2.53,
    "time": "amc",
    "revenue": 2389000000,
    "revenueEstimated": 2344927875,
    "updatedFromDate": "2025-04-24",
    "fiscalDateEnding": "2024-03-30"
  },
  {
    "date": "2024-02-08",
    "symbol": "MSI",
    "eps": 3.9,
    "epsEstimated": 3.63,
    "time": "amc",
    "revenue": 2848000000,
    "revenueEstimated": 2815344000,
    "updatedFromDate": "2025-04-24",
    "fiscalDateEnding": "2023-12-31"
  },
  {
    "date": "2023-11-02",
    "symbol": "MSI",
    "eps": 3.19,
    "epsEstimated": 3.02,
    "time": "amc",
    "revenue": 2556000000,
    "revenueEstimated": 2538000000,
    "updatedFromDate": "2025-04-24",
    "fiscalDateEnding": "2023-09-30"
  },
  {
    "date": "2023-08-03",
    "symbol": "MSI",
    "eps": 2.65,
    "epsEstimated": 2.51,
    "time": "amc",
    "revenue": 2403000000,
    "revenueEstimated": 2357000000,
    "updatedFromDate": "2025-04-24",
    "fiscalDateEnding": "2023-07-01"
  },
  {
    "date": "2023-05-04",
    "symbol": "MSI",
    "eps": 2.22,
    "epsEstimated": 2.06,
    "time": "amc",
    "revenue": 2171000000,
    "revenueEstimated": 2127240000,
    "updatedFromDate": "2025-04-24",
    "fiscalDateEnding": "2023-04-01"
  },
  {
    "date": "2023-02-09",
    "symbol": "MSI",
    "eps": 3.6,
    "epsEstimated": 3.43,
    "time": "amc",
    "revenue": 2707000000,
    "revenueEstimated": 2536152888,
    "updatedFromDate": "2025-04-24",
    "fiscalDateEnding": "2022-12-31"
  },
  {
    "date": "2022-11-03",
    "symbol": "MSI",
    "eps": 3,
    "epsEstimated": 2.88,
    "time": "amc",
    "revenue": 2373000000,
    "revenueEstimated": 2315944059,
    "updatedFromDate": "2025-04-24",
    "fiscalDateEnding": "2022-10-01"
  },
  {
    "date": "2022-08-04",
    "symbol": "MSI",
    "eps": 2.07,
    "epsEstimated": 1.87,
    "time": "amc",
    "revenue": 2140000000,
    "revenueEstimated": 2057611746,
    "updatedFromDate": "2025-04-24",
    "fiscalDateEnding": "2022-07-02"
  },
  {
    "date": "2022-05-12",
    "symbol": "MSI",
    "eps": 1.7,
    "epsEstimated": 1.61,
    "time": "amc",
    "revenue": 1892000000,
    "revenueEstimated": 1827971736,
    "updatedFromDate": "2025-04-24",
    "fiscalDateEnding": "2022-04-02"
  },
  {
    "date": "2022-02-09",
    "symbol": "MSI",
    "eps": 2.85,
    "epsEstimated": 2.74,
    "time": "amc",
    "revenue": 2320000000,
    "revenueEstimated": 2326246254,
    "updatedFromDate": "2025-04-24",
    "fiscalDateEnding": "2021-12-31"
  },
  {
    "date": "2021-11-04",
    "symbol": "MSI",
    "eps": 2.35,
    "epsEstimated": 2.13,
    "time": "amc",
    "revenue": 2107000000,
    "revenueEstimated": 2040690000,
    "updatedFromDate": "2025-04-24",
    "fiscalDateEnding": "2021-10-02"
  },
  {
    "date": "2021-08-05",
    "symbol": "MSI",
    "eps": 2.07,
    "epsEstimated": 1.92,
    "time": "amc",
    "revenue": 1971000000,
    "revenueEstimated": 1938040000,
    "updatedFromDate": "2025-04-24",
    "fiscalDateEnding": "2021-07-03"
  },
  {
    "date": "2021-05-06",
    "symbol": "MSI",
    "eps": 1.87,
    "epsEstimated": 1.62,
    "time": "amc",
    "revenue": 1773000000,
    "revenueEstimated": 1750900000,
    "updatedFromDate": "2025-04-24",
    "fiscalDateEnding": "2021-04-03"
  },
  {
    "date": "2021-02-04",
    "symbol": "MSI",
    "eps": 2.86,
    "epsEstimated": 2.74,
    "time": "amc",
    "revenue": 2273000000,
    "revenueEstimated": 2241890000,
    "updatedFromDate": "2025-04-24",
    "fiscalDateEnding": "2020-12-31"
  },
  {
    "date": "2020-10-29",
    "symbol": "MSI",
    "eps": 1.95,
    "epsEstimated": 1.76,
    "time": "amc",
    "revenue": 1868000000,
    "revenueEstimated": 1705148717,
    "updatedFromDate": "2025-04-24",
    "fiscalDateEnding": "2020-09-26"
  },
  {
    "date": "2020-08-06",
    "symbol": "MSI",
    "eps": 1.39,
    "epsEstimated": 1.2,
    "time": "amc",
    "revenue": 1618000000,
    "revenueEstimated": 1408474820,
    "updatedFromDate": "2025-04-24",
    "fiscalDateEnding": "2020-06-27"
  },
  {
    "date": "2020-05-07",
    "symbol": "MSI",
    "eps": 1.49,
    "epsEstimated": 1.28,
    "time": "amc",
    "revenue": 1655000000,
    "revenueEstimated": 1421744966,
    "updatedFromDate": "2025-04-24",
    "fiscalDateEnding": "2020-03-28"
  },
  {
    "date": "2020-02-06",
    "symbol": "MSI",
    "eps": 2.94,
    "epsEstimated": 2.79,
    "time": "amc",
    "revenue": 2376000000,
    "revenueEstimated": 2254775510,
    "updatedFromDate": "2025-04-24",
    "fiscalDateEnding": "2019-12-31"
  },
  {
    "date": "2019-10-30",
    "symbol": "MSI",
    "eps": 2.04,
    "epsEstimated": 1.95,
    "time": "amc",
    "revenue": 1994000000,
    "revenueEstimated": 1906029411,
    "updatedFromDate": "2025-04-24",
    "fiscalDateEnding": "2019-09-28"
  },
  {
    "date": "2019-08-01",
    "symbol": "MSI",
    "eps": 1.69,
    "epsEstimated": 1.6,
    "time": "amc",
    "revenue": 1860000000,
    "revenueEstimated": 1760946745,
    "updatedFromDate": "2025-04-24",
    "fiscalDateEnding": "2019-06-29"
  },
  {
    "date": "2019-05-02",
    "symbol": "MSI",
    "eps": 1.28,
    "epsEstimated": 1.15,
    "time": "amc",
    "revenue": 1657000000,
    "revenueEstimated": 1475765624,
    "updatedFromDate": "2025-04-24",
    "fiscalDateEnding": "2019-03-30"
  },
  {
    "date": "2019-02-07",
    "symbol": "MSI",
    "eps": 2.63,
    "epsEstimated": 2.53,
    "time": "amc",
    "revenue": 2254000000,
    "revenueEstimated": 2168296577,
    "updatedFromDate": "2025-04-24",
    "fiscalDateEnding": "2018-12-31"
  },
  {
    "date": "2018-11-01",
    "symbol": "MSI",
    "eps": 1.94,
    "epsEstimated": 1.72,
    "time": "amc",
    "revenue": 1862000000,
    "revenueEstimated": 1650845360,
    "updatedFromDate": "2025-04-24",
    "fiscalDateEnding": "2018-09-29"
  },
  {
    "date": "2018-08-02",
    "symbol": "MSI",
    "eps": 1.46,
    "epsEstimated": 1.37,
    "time": "amc",
    "revenue": 1760000000,
    "revenueEstimated": 1651506849,
    "updatedFromDate": "2025-04-24",
    "fiscalDateEnding": "2018-06-30"
  },
  {
    "date": "2018-05-03",
    "symbol": "MSI",
    "eps": 1.1,
    "epsEstimated": 0.86,
    "time": "amc",
    "revenue": 1468000000,
    "revenueEstimated": 1161054545,
    "updatedFromDate": "2025-04-24",
    "fiscalDateEnding": "2018-03-31"
  },
  {
    "date": "2018-02-01",
    "symbol": "MSI",
    "eps": 2.1,
    "epsEstimated": 2.03,
    "time": "amc",
    "revenue": 1957000000,
    "revenueEstimated": 1901085714,
    "updatedFromDate": "2025-04-24",
    "fiscalDateEnding": "2017-12-31"
  },
  {
    "date": "2017-11-02",
    "symbol": "MSI",
    "eps": 1.53,
    "epsEstimated": 1.4,
    "time": "amc",
    "revenue": 1645000000,
    "revenueEstimated": 1505228758,
    "updatedFromDate": "2025-04-24",
    "fiscalDateEnding": "2017-09-30"
  },
  {
    "date": "2017-08-03",
    "symbol": "MSI",
    "eps": 1.12,
    "epsEstimated": 1.04,
    "time": "amc",
    "revenue": 1497000000,
    "revenueEstimated": 1390071428,
    "updatedFromDate": "2025-04-24",
    "fiscalDateEnding": "2017-07-01"
  },
  {
    "date": "2017-05-04",
    "symbol": "MSI",
    "eps": 0.71,
    "epsEstimated": 0.56,
    "time": "amc",
    "revenue": 1281000000,
    "revenueEstimated": 1028408450,
    "updatedFromDate": "2025-04-24",
    "fiscalDateEnding": "2017-04-01"
  },
  {
    "date": "2017-02-02",
    "symbol": "MSI",
    "eps": 2.03,
    "epsEstimated": 1.86,
    "time": "amc",
    "revenue": 1883000000,
    "revenueEstimated": 1716034482,
    "updatedFromDate": "2025-04-24",
    "fiscalDateEnding": "2016-12-31"
  },
  {
    "date": "2016-11-03",
    "symbol": "MSI",
    "eps": 1.37,
    "epsEstimated": 1.2,
    "time": "amc",
    "revenue": 1532000000,
    "revenueEstimated": 1341897810,
    "updatedFromDate": "2025-04-24",
    "fiscalDateEnding": "2016-10-01"
  },
  {
    "date": "2016-08-04",
    "symbol": "MSI",
    "eps": 1.03,
    "epsEstimated": 0.9,
    "time": "amc",
    "revenue": 1430000000,
    "revenueEstimated": 1193980582,
    "updatedFromDate": "2025-04-24",
    "fiscalDateEnding": "2016-07-02"
  }
]