[
  {
    "date": "2026-05-06",
    "symbol": "MTCH",
    "eps": null,
    "epsEstimated": null,
    "time": "amc",
    "revenue": null,
    "revenueEstimated": null,
    "updatedFromDate": "2025-10-02",
    "fiscalDateEnding": "2026-03-30"
  },
  {
    "date": "2026-02-02",
    "symbol": "MTCH",
    "eps": null,
    "epsEstimated": null,
    "time": "amc",
    "revenue": null,
    "revenueEstimated": null,
    "updatedFromDate": "2025-10-02",
    "fiscalDateEnding": "2025-12-30"
  },
  {
    "date": "2025-11-05",
    "symbol": "MTCH",
    "eps": null,
    "epsEstimated": 0.95,
    "time": "bmo",
    "revenue": null,
    "revenueEstimated": 912654180,
    "updatedFromDate": "2025-10-02",
    "fiscalDateEnding": "2025-09-30"
  },
  {
    "date": "2025-08-05",
    "symbol": "MTCH",
    "eps": 0.72,
    "epsEstimated": 0.81,
    "time": "amc",
    "revenue": 863738000,
    "revenueEstimated": 890650720,
    "updatedFromDate": "2025-10-02",
    "fiscalDateEnding": "2025-06-30"
  },
  {
    "date": "2025-05-08",
    "symbol": "MTCH",
    "eps": 0.67,
    "epsEstimated": 0.3807,
    "time": "bmo",
    "revenue": 831178000,
    "revenueEstimated": 829384427,
    "updatedFromDate": "2025-08-20",
    "fiscalDateEnding": "2025-03-31"
  },
  {
    "date": "2025-02-04",
    "symbol": "MTCH",
    "eps": 0.82,
    "epsEstimated": 0.84,
    "time": "amc",
    "revenue": 860176000,
    "revenueEstimated": 851031710,
    "updatedFromDate": "2025-08-20",
    "fiscalDateEnding": "2024-12-31"
  },
  {
    "date": "2024-11-06",
    "symbol": "MTCH",
    "eps": 0.51,
    "epsEstimated": 0.48,
    "time": "amc",
    "revenue": 895484000,
    "revenueEstimated": 900976429,
    "updatedFromDate": "2025-08-20",
    "fiscalDateEnding": "2024-09-30"
  },
  {
    "date": "2024-07-30",
    "symbol": "MTCH",
    "eps": 0.48,
    "epsEstimated": 0.48,
    "time": "amc",
    "revenue": 864066000,
    "revenueEstimated": 856400000,
    "updatedFromDate": "2025-08-20",
    "fiscalDateEnding": "2024-06-30"
  },
  {
    "date": "2024-05-07",
    "symbol": "MTCH",
    "eps": 0.44,
    "epsEstimated": 0.4,
    "time": "amc",
    "revenue": 859647000,
    "revenueEstimated": 855770937,
    "updatedFromDate": "2025-08-20",
    "fiscalDateEnding": "2024-03-31"
  },
  {
    "date": "2024-01-30",
    "symbol": "MTCH",
    "eps": 0.81,
    "epsEstimated": 0.49,
    "time": "amc",
    "revenue": 866228000,
    "revenueEstimated": 867000000,
    "updatedFromDate": "2025-08-20",
    "fiscalDateEnding": "2023-12-31"
  },
  {
    "date": "2023-10-31",
    "symbol": "MTCH",
    "eps": 0.57,
    "epsEstimated": 0.54,
    "time": "amc",
    "revenue": 881600000,
    "revenueEstimated": 881150000,
    "updatedFromDate": "2025-08-20",
    "fiscalDateEnding": "2023-09-30"
  },
  {
    "date": "2023-08-01",
    "symbol": "MTCH",
    "eps": 0.48,
    "epsEstimated": 0.45,
    "time": "amc",
    "revenue": 829552000,
    "revenueEstimated": 863800000,
    "updatedFromDate": "2025-08-20",
    "fiscalDateEnding": "2023-06-30"
  },
  {
    "date": "2023-05-02",
    "symbol": "MTCH",
    "eps": 0.42,
    "epsEstimated": 0.41,
    "time": "amc",
    "revenue": 787124000,
    "revenueEstimated": 793790000,
    "updatedFromDate": "2025-08-20",
    "fiscalDateEnding": "2023-03-31"
  },
  {
    "date": "2023-01-31",
    "symbol": "MTCH",
    "eps": 0.3,
    "epsEstimated": 0.46,
    "time": "amc",
    "revenue": 786153000,
    "revenueEstimated": 787412130,
    "updatedFromDate": "2025-08-20",
    "fiscalDateEnding": "2022-12-31"
  },
  {
    "date": "2022-11-01",
    "symbol": "MTCH",
    "eps": 0.44,
    "epsEstimated": 0.4,
    "time": "amc",
    "revenue": 809546000,
    "revenueEstimated": 792860572,
    "updatedFromDate": "2025-08-20",
    "fiscalDateEnding": "2022-09-30"
  },
  {
    "date": "2022-08-02",
    "symbol": "MTCH",
    "eps": 0.89,
    "epsEstimated": 0.69,
    "time": "amc",
    "revenue": 794513000,
    "revenueEstimated": 803904071,
    "updatedFromDate": "2025-08-20",
    "fiscalDateEnding": "2022-06-30"
  },
  {
    "date": "2022-05-03",
    "symbol": "MTCH",
    "eps": 0.6,
    "epsEstimated": 0.53,
    "time": "amc",
    "revenue": 798631000,
    "revenueEstimated": 794118261,
    "updatedFromDate": "2025-08-20",
    "fiscalDateEnding": "2022-03-31"
  },
  {
    "date": "2022-02-01",
    "symbol": "MTCH",
    "eps": -0.48,
    "epsEstimated": 0.64,
    "time": "amc",
    "revenue": 806070000,
    "revenueEstimated": 818230645,
    "updatedFromDate": "2025-08-20",
    "fiscalDateEnding": "2021-12-31"
  },
  {
    "date": "2021-11-02",
    "symbol": "MTCH",
    "eps": 0.43,
    "epsEstimated": 0.55,
    "time": "amc",
    "revenue": 801835000,
    "revenueEstimated": 802130000,
    "updatedFromDate": "2025-08-20",
    "fiscalDateEnding": "2021-09-30"
  },
  {
    "date": "2021-08-03",
    "symbol": "MTCH",
    "eps": 0.46,
    "epsEstimated": 0.52,
    "time": "amc",
    "revenue": 707760000,
    "revenueEstimated": 690430000,
    "updatedFromDate": "2025-08-20",
    "fiscalDateEnding": "2021-06-30"
  },
  {
    "date": "2021-05-04",
    "symbol": "MTCH",
    "eps": 0.57,
    "epsEstimated": 0.4,
    "time": "amc",
    "revenue": 667612000,
    "revenueEstimated": 650680000,
    "updatedFromDate": "2025-08-20",
    "fiscalDateEnding": "2021-03-31"
  },
  {
    "date": "2021-02-02",
    "symbol": "MTCH",
    "eps": 0.48,
    "epsEstimated": 0.48,
    "time": "amc",
    "revenue": 651407000,
    "revenueEstimated": 651220000,
    "updatedFromDate": "2025-08-20",
    "fiscalDateEnding": "2020-12-31"
  },
  {
    "date": "2020-11-04",
    "symbol": "MTCH",
    "eps": 0.46,
    "epsEstimated": 0.44,
    "time": "amc",
    "revenue": 639770000,
    "revenueEstimated": 611953913,
    "updatedFromDate": "2025-08-20",
    "fiscalDateEnding": "2020-09-30"
  },
  {
    "date": "2020-08-04",
    "symbol": "MTCH",
    "eps": 0.51,
    "epsEstimated": 0.43,
    "time": "amc",
    "revenue": 555450000,
    "revenueEstimated": 746385937,
    "updatedFromDate": "2025-08-20",
    "fiscalDateEnding": "2020-06-30"
  },
  {
    "date": "2020-05-06",
    "symbol": "MTCH",
    "eps": 0.01,
    "epsEstimated": 0.2,
    "time": "amc",
    "revenue": 1228765000,
    "revenueEstimated": 781941363,
    "updatedFromDate": "2025-08-20",
    "fiscalDateEnding": "2020-03-31"
  },
  {
    "date": "2020-02-05",
    "symbol": "MTCH",
    "eps": 1.08,
    "epsEstimated": 1.18,
    "time": "amc",
    "revenue": 1217680000,
    "revenueEstimated": 1190620444,
    "updatedFromDate": "2025-08-20",
    "fiscalDateEnding": "2019-12-31"
  },
  {
    "date": "2019-11-06",
    "symbol": "MTCH",
    "eps": 1.35,
    "epsEstimated": 1.02,
    "time": "amc",
    "revenue": 1246874000,
    "revenueEstimated": 1026837411,
    "updatedFromDate": "2025-08-20",
    "fiscalDateEnding": "2019-09-30"
  },
  {
    "date": "2019-08-07",
    "symbol": "MTCH",
    "eps": 1.19,
    "epsEstimated": 0.92,
    "time": "amc",
    "revenue": 1186658000,
    "revenueEstimated": 1103867906,
    "updatedFromDate": "2025-08-20",
    "fiscalDateEnding": "2019-06-30"
  },
  {
    "date": "2019-05-08",
    "symbol": "MTCH",
    "eps": 0.91,
    "epsEstimated": 0.4,
    "time": "amc",
    "revenue": 1105843000,
    "revenueEstimated": 816217452,
    "updatedFromDate": "2025-08-20",
    "fiscalDateEnding": "2019-03-31"
  },
  {
    "date": "2019-02-07",
    "symbol": "MTCH",
    "eps": 1.03,
    "epsEstimated": 0.99,
    "time": "amc",
    "revenue": 1104103000,
    "revenueEstimated": 975718930,
    "updatedFromDate": "2025-08-20",
    "fiscalDateEnding": "2018-12-31"
  },
  {
    "date": "2018-11-07",
    "symbol": "MTCH",
    "eps": 1.49,
    "epsEstimated": 1.04,
    "time": "amc",
    "revenue": 1104592000,
    "revenueEstimated": 1019623384,
    "updatedFromDate": "2025-08-20",
    "fiscalDateEnding": "2018-09-30"
  },
  {
    "date": "2018-08-08",
    "symbol": "MTCH",
    "eps": 2.32,
    "epsEstimated": 0.82,
    "time": "amc",
    "revenue": 1059122000,
    "revenueEstimated": 904128536,
    "updatedFromDate": "2025-08-20",
    "fiscalDateEnding": "2018-06-30"
  },
  {
    "date": "2018-05-09",
    "symbol": "MTCH",
    "eps": 0.71,
    "epsEstimated": 0.89,
    "time": "amc",
    "revenue": 995075000,
    "revenueEstimated": 880258653,
    "updatedFromDate": "2025-08-20",
    "fiscalDateEnding": "2018-03-31"
  },
  {
    "date": "2018-02-07",
    "symbol": "MTCH",
    "eps": 1.4,
    "epsEstimated": 1.1,
    "time": "amc",
    "revenue": 950585000,
    "revenueEstimated": 1689928888,
    "updatedFromDate": "2025-08-20",
    "fiscalDateEnding": "2017-12-31"
  },
  {
    "date": "2017-11-08",
    "symbol": "MTCH",
    "eps": 0.55,
    "epsEstimated": 0.99,
    "time": "amc",
    "revenue": 828434000,
    "revenueEstimated": 959239368,
    "updatedFromDate": "2025-08-20",
    "fiscalDateEnding": "2017-09-30"
  },
  {
    "date": "2017-08-02",
    "symbol": "MTCH",
    "eps": 0.74,
    "epsEstimated": 0.7,
    "time": "amc",
    "revenue": 767387000,
    "revenueEstimated": 911272062,
    "updatedFromDate": "2025-08-20",
    "fiscalDateEnding": "2017-06-30"
  },
  {
    "date": "2017-05-03",
    "symbol": "MTCH",
    "eps": 0.29,
    "epsEstimated": 0.35,
    "time": "amc",
    "revenue": 760833000,
    "revenueEstimated": 760833000,
    "updatedFromDate": "2025-08-20",
    "fiscalDateEnding": "2017-03-31"
  },
  {
    "date": "2017-02-01",
    "symbol": "MTCH",
    "eps": 1.38,
    "epsEstimated": 0.95,
    "time": "amc",
    "revenue": 811162000,
    "revenueEstimated": 671306482,
    "updatedFromDate": "2025-08-20",
    "fiscalDateEnding": "2016-12-31"
  },
  {
    "date": "2016-11-02",
    "symbol": "MTCH",
    "eps": 0.73,
    "epsEstimated": 0.69,
    "time": "amc",
    "revenue": 764102000,
    "revenueEstimated": 631214695,
    "updatedFromDate": "2025-08-20",
    "fiscalDateEnding": "2016-09-30"
  },
  {
    "date": "2016-07-27",
    "symbol": "MTCH",
    "eps": 0.42,
    "epsEstimated": 0.56,
    "time": "amc",
    "revenue": 745439000,
    "revenueEstimated": 701589647,
    "updatedFromDate": "2025-08-20",
    "fiscalDateEnding": "2016-06-30"
  }
]