[
  {
    "date": "2026-04-29",
    "symbol": "MTD",
    "eps": null,
    "epsEstimated": null,
    "time": "amc",
    "revenue": null,
    "revenueEstimated": null,
    "updatedFromDate": "2025-09-22",
    "fiscalDateEnding": "2026-03-30"
  },
  {
    "date": "2026-02-04",
    "symbol": "MTD",
    "eps": null,
    "epsEstimated": null,
    "time": "amc",
    "revenue": null,
    "revenueEstimated": null,
    "updatedFromDate": "2025-09-22",
    "fiscalDateEnding": "2025-12-30"
  },
  {
    "date": "2025-11-06",
    "symbol": "MTD",
    "eps": null,
    "epsEstimated": 10.63,
    "time": "bmo",
    "revenue": null,
    "revenueEstimated": null,
    "updatedFromDate": "2025-09-22",
    "fiscalDateEnding": "2025-09-30"
  },
  {
    "date": "2025-07-31",
    "symbol": "MTD",
    "eps": 10.09,
    "epsEstimated": 9.6,
    "time": "amc",
    "revenue": 983221000,
    "revenueEstimated": 957648940,
    "updatedFromDate": "2025-09-22",
    "fiscalDateEnding": "2025-06-30"
  },
  {
    "date": "2025-05-01",
    "symbol": "MTD",
    "eps": 8.19,
    "epsEstimated": 7.88,
    "time": "amc",
    "revenue": 883744000,
    "revenueEstimated": 876560017,
    "updatedFromDate": "2025-08-01",
    "fiscalDateEnding": "2025-03-31"
  },
  {
    "date": "2025-02-06",
    "symbol": "MTD",
    "eps": 12.41,
    "epsEstimated": 11.72,
    "time": "amc",
    "revenue": 1045127000,
    "revenueEstimated": 1009080134,
    "updatedFromDate": "2025-05-02",
    "fiscalDateEnding": "2024-12-31"
  },
  {
    "date": "2024-11-08",
    "symbol": "MTD",
    "eps": 10.21,
    "epsEstimated": 10.01,
    "time": "amc",
    "revenue": 954535000,
    "revenueEstimated": 944750545,
    "updatedFromDate": "2025-04-25",
    "fiscalDateEnding": "2024-09-30"
  },
  {
    "date": "2024-08-01",
    "symbol": "MTD",
    "eps": 9.65,
    "epsEstimated": 9.03,
    "time": "amc",
    "revenue": 946750000,
    "revenueEstimated": 929132715,
    "updatedFromDate": "2025-04-25",
    "fiscalDateEnding": "2024-06-30"
  },
  {
    "date": "2024-05-09",
    "symbol": "MTD",
    "eps": 8.89,
    "epsEstimated": 7.64,
    "time": "amc",
    "revenue": 925949000,
    "revenueEstimated": 879721494,
    "updatedFromDate": "2025-04-25",
    "fiscalDateEnding": "2024-03-31"
  },
  {
    "date": "2024-02-08",
    "symbol": "MTD",
    "eps": 9.4,
    "epsEstimated": 10.1,
    "time": "amc",
    "revenue": 934992000,
    "revenueEstimated": 959448673,
    "updatedFromDate": "2025-04-25",
    "fiscalDateEnding": "2023-12-31"
  },
  {
    "date": "2023-11-09",
    "symbol": "MTD",
    "eps": 9.8,
    "epsEstimated": 9.74,
    "time": "amc",
    "revenue": 942462000,
    "revenueEstimated": 952040000,
    "updatedFromDate": "2025-04-25",
    "fiscalDateEnding": "2023-09-30"
  },
  {
    "date": "2023-07-27",
    "symbol": "MTD",
    "eps": 10.19,
    "epsEstimated": 9.97,
    "time": "amc",
    "revenue": 982117000,
    "revenueEstimated": 1044980000,
    "updatedFromDate": "2025-04-25",
    "fiscalDateEnding": "2023-06-30"
  },
  {
    "date": "2023-05-04",
    "symbol": "MTD",
    "eps": 8.69,
    "epsEstimated": 8.6,
    "time": "amc",
    "revenue": 928738000,
    "revenueEstimated": 918720000,
    "updatedFromDate": "2025-04-25",
    "fiscalDateEnding": "2023-03-31"
  },
  {
    "date": "2023-02-09",
    "symbol": "MTD",
    "eps": 12.1,
    "epsEstimated": 11.66,
    "time": "bmo",
    "revenue": 1057685000,
    "revenueEstimated": 1030245110,
    "updatedFromDate": "2025-04-25",
    "fiscalDateEnding": "2022-12-31"
  },
  {
    "date": "2022-11-03",
    "symbol": "MTD",
    "eps": 10.18,
    "epsEstimated": 9.83,
    "time": "amc",
    "revenue": 985846000,
    "revenueEstimated": 972094312,
    "updatedFromDate": "2025-04-25",
    "fiscalDateEnding": "2022-09-30"
  },
  {
    "date": "2022-07-28",
    "symbol": "MTD",
    "eps": 9.39,
    "epsEstimated": 8.76,
    "time": "bmo",
    "revenue": 978387000,
    "revenueEstimated": 951518258,
    "updatedFromDate": "2025-04-25",
    "fiscalDateEnding": "2022-06-30"
  },
  {
    "date": "2022-05-05",
    "symbol": "MTD",
    "eps": 7.87,
    "epsEstimated": 7.25,
    "time": "amc",
    "revenue": 897791000,
    "revenueEstimated": 868482656,
    "updatedFromDate": "2025-04-25",
    "fiscalDateEnding": "2022-03-31"
  },
  {
    "date": "2022-02-10",
    "symbol": "MTD",
    "eps": 10.53,
    "epsEstimated": 10.08,
    "time": "amc",
    "revenue": 1037239000,
    "revenueEstimated": 1021176777,
    "updatedFromDate": "2025-04-25",
    "fiscalDateEnding": "2021-12-31"
  },
  {
    "date": "2021-11-04",
    "symbol": "MTD",
    "eps": 8.72,
    "epsEstimated": 8.24,
    "time": "amc",
    "revenue": 951950000,
    "revenueEstimated": 924940000,
    "updatedFromDate": "2025-04-25",
    "fiscalDateEnding": "2021-09-30"
  },
  {
    "date": "2021-07-29",
    "symbol": "MTD",
    "eps": 8.1,
    "epsEstimated": 7.62,
    "time": "amc",
    "revenue": 924351000,
    "revenueEstimated": 875310000,
    "updatedFromDate": "2025-04-25",
    "fiscalDateEnding": "2021-06-30"
  },
  {
    "date": "2021-05-06",
    "symbol": "MTD",
    "eps": 6.56,
    "epsEstimated": 5.61,
    "time": "amc",
    "revenue": 804390000,
    "revenueEstimated": 757850000,
    "updatedFromDate": "2025-04-25",
    "fiscalDateEnding": "2021-03-31"
  },
  {
    "date": "2021-02-04",
    "symbol": "MTD",
    "eps": 9.26,
    "epsEstimated": 8.72,
    "time": "amc",
    "revenue": 937985000,
    "revenueEstimated": 879898772,
    "updatedFromDate": "2025-04-25",
    "fiscalDateEnding": "2020-12-31"
  },
  {
    "date": "2020-11-05",
    "symbol": "MTD",
    "eps": 7.02,
    "epsEstimated": 5.95,
    "time": "amc",
    "revenue": 807357000,
    "revenueEstimated": 684298311,
    "updatedFromDate": "2025-04-25",
    "fiscalDateEnding": "2020-09-30"
  },
  {
    "date": "2020-07-30",
    "symbol": "MTD",
    "eps": 5.29,
    "epsEstimated": 4.2,
    "time": "amc",
    "revenue": 690673000,
    "revenueEstimated": 548360415,
    "updatedFromDate": "2025-04-25",
    "fiscalDateEnding": "2020-06-30"
  },
  {
    "date": "2020-05-07",
    "symbol": "MTD",
    "eps": 4,
    "epsEstimated": 3.89,
    "time": "amc",
    "revenue": 649162000,
    "revenueEstimated": 631310045,
    "updatedFromDate": "2025-04-25",
    "fiscalDateEnding": "2020-03-31"
  },
  {
    "date": "2020-02-06",
    "symbol": "MTD",
    "eps": 7.78,
    "epsEstimated": 7.68,
    "time": "amc",
    "revenue": 843969000,
    "revenueEstimated": 833120082,
    "updatedFromDate": "2025-04-25",
    "fiscalDateEnding": "2019-12-31"
  },
  {
    "date": "2019-11-07",
    "symbol": "MTD",
    "eps": 5.77,
    "epsEstimated": 5.71,
    "time": "amc",
    "revenue": 753866000,
    "revenueEstimated": 746026838,
    "updatedFromDate": "2025-04-25",
    "fiscalDateEnding": "2019-09-30"
  },
  {
    "date": "2019-08-01",
    "symbol": "MTD",
    "eps": 5.16,
    "epsEstimated": 5.08,
    "time": "amc",
    "revenue": 731366000,
    "revenueEstimated": 720026992,
    "updatedFromDate": "2025-04-25",
    "fiscalDateEnding": "2019-06-30"
  },
  {
    "date": "2019-05-09",
    "symbol": "MTD",
    "eps": 4.1,
    "epsEstimated": 4.05,
    "time": "amc",
    "revenue": 679452000,
    "revenueEstimated": 671166000,
    "updatedFromDate": "2025-04-25",
    "fiscalDateEnding": "2019-03-31"
  },
  {
    "date": "2019-02-07",
    "symbol": "MTD",
    "eps": 6.85,
    "epsEstimated": 6.75,
    "time": "amc",
    "revenue": 817923000,
    "revenueEstimated": 805982518,
    "updatedFromDate": "2025-04-25",
    "fiscalDateEnding": "2018-12-31"
  },
  {
    "date": "2018-11-08",
    "symbol": "MTD",
    "eps": 5.12,
    "epsEstimated": 5,
    "time": "amc",
    "revenue": 734846000,
    "revenueEstimated": 717623046,
    "updatedFromDate": "2025-04-25",
    "fiscalDateEnding": "2018-09-30"
  },
  {
    "date": "2018-07-26",
    "symbol": "MTD",
    "eps": 4.65,
    "epsEstimated": 4.58,
    "time": "amc",
    "revenue": 721996000,
    "revenueEstimated": 711127243,
    "updatedFromDate": "2025-04-25",
    "fiscalDateEnding": "2018-06-30"
  },
  {
    "date": "2018-05-03",
    "symbol": "MTD",
    "eps": 3.74,
    "epsEstimated": 3.73,
    "time": "amc",
    "revenue": 660821000,
    "revenueEstimated": 659054098,
    "updatedFromDate": "2025-04-25",
    "fiscalDateEnding": "2018-03-31"
  },
  {
    "date": "2018-02-08",
    "symbol": "MTD",
    "eps": 5.97,
    "epsEstimated": 5.94,
    "time": "amc",
    "revenue": 778031000,
    "revenueEstimated": 772818061,
    "updatedFromDate": "2025-04-25",
    "fiscalDateEnding": "2017-12-31"
  },
  {
    "date": "2017-11-02",
    "symbol": "MTD",
    "eps": 4.36,
    "epsEstimated": 4.33,
    "time": "amc",
    "revenue": 698799000,
    "revenueEstimated": 693990750,
    "updatedFromDate": "2025-04-25",
    "fiscalDateEnding": "2017-09-30"
  },
  {
    "date": "2017-07-27",
    "symbol": "MTD",
    "eps": 3.92,
    "epsEstimated": 3.9,
    "time": "amc",
    "revenue": 653656000,
    "revenueEstimated": 650321020,
    "updatedFromDate": "2025-04-25",
    "fiscalDateEnding": "2017-06-30"
  },
  {
    "date": "2017-05-04",
    "symbol": "MTD",
    "eps": 3.34,
    "epsEstimated": 3.09,
    "time": "amc",
    "revenue": 594567000,
    "revenueEstimated": 550063482,
    "updatedFromDate": "2025-04-25",
    "fiscalDateEnding": "2017-03-31"
  },
  {
    "date": "2017-02-02",
    "symbol": "MTD",
    "eps": 5.28,
    "epsEstimated": 5.12,
    "time": "amc",
    "revenue": 709699000,
    "revenueEstimated": 688192969,
    "updatedFromDate": "2025-04-25",
    "fiscalDateEnding": "2016-12-31"
  },
  {
    "date": "2016-11-03",
    "symbol": "MTD",
    "eps": 3.89,
    "epsEstimated": 3.66,
    "time": "amc",
    "revenue": 650598000,
    "revenueEstimated": 612130766,
    "updatedFromDate": "2025-04-25",
    "fiscalDateEnding": "2016-09-30"
  },
  {
    "date": "2016-07-28",
    "symbol": "MTD",
    "eps": 3.22,
    "epsEstimated": 3.13,
    "time": "amc",
    "revenue": 608286000,
    "revenueEstimated": 591284217,
    "updatedFromDate": "2025-04-25",
    "fiscalDateEnding": "2016-06-30"
  }
]