[
  {
    "date": "2026-03-18",
    "symbol": "MU",
    "eps": null,
    "epsEstimated": null,
    "time": "amc",
    "revenue": null,
    "revenueEstimated": null,
    "updatedFromDate": "2025-10-02",
    "fiscalDateEnding": "2026-02-28"
  },
  {
    "date": "2025-12-17",
    "symbol": "MU",
    "eps": null,
    "epsEstimated": 3.75,
    "time": "amc",
    "revenue": null,
    "revenueEstimated": 12523349210,
    "updatedFromDate": "2025-10-02",
    "fiscalDateEnding": "2025-11-28"
  },
  {
    "date": "2025-09-23",
    "symbol": "MU",
    "eps": 3.03,
    "epsEstimated": 2.86,
    "time": "amc",
    "revenue": 11315000000,
    "revenueEstimated": 11217035053,
    "updatedFromDate": "2025-10-02",
    "fiscalDateEnding": "2025-08-28"
  },
  {
    "date": "2025-06-25",
    "symbol": "MU",
    "eps": 1.91,
    "epsEstimated": 1.6,
    "time": "amc",
    "revenue": 9301000000,
    "revenueEstimated": 8863291621,
    "updatedFromDate": "2025-09-25",
    "fiscalDateEnding": "2025-05-29"
  },
  {
    "date": "2025-03-20",
    "symbol": "MU",
    "eps": 1.56,
    "epsEstimated": 1.43,
    "time": "amc",
    "revenue": 8053000000,
    "revenueEstimated": 7897155150,
    "updatedFromDate": "2025-09-06",
    "fiscalDateEnding": "2025-02-27"
  },
  {
    "date": "2024-12-18",
    "symbol": "MU",
    "eps": 1.79,
    "epsEstimated": 1.75,
    "time": "amc",
    "revenue": 8709000000,
    "revenueEstimated": 8714396051,
    "updatedFromDate": "2025-09-06",
    "fiscalDateEnding": "2024-11-28"
  },
  {
    "date": "2024-09-25",
    "symbol": "MU",
    "eps": 1.18,
    "epsEstimated": 1.12,
    "time": "amc",
    "revenue": 7750000000,
    "revenueEstimated": 7649013878,
    "updatedFromDate": "2025-09-06",
    "fiscalDateEnding": "2024-08-29"
  },
  {
    "date": "2024-06-26",
    "symbol": "MU",
    "eps": 0.62,
    "epsEstimated": 0.4801,
    "time": "amc",
    "revenue": 6811000000,
    "revenueEstimated": 6668667523,
    "updatedFromDate": "2025-09-06",
    "fiscalDateEnding": "2024-05-30"
  },
  {
    "date": "2024-03-20",
    "symbol": "MU",
    "eps": 0.42,
    "epsEstimated": -0.25268,
    "time": "amc",
    "revenue": 5824000000,
    "revenueEstimated": 5346816980,
    "updatedFromDate": "2025-09-06",
    "fiscalDateEnding": "2024-02-29"
  },
  {
    "date": "2023-12-20",
    "symbol": "MU",
    "eps": -0.95,
    "epsEstimated": -0.99,
    "time": "amc",
    "revenue": 4726000000,
    "revenueEstimated": 4809320000,
    "updatedFromDate": "2025-09-06",
    "fiscalDateEnding": "2023-11-30"
  },
  {
    "date": "2023-09-27",
    "symbol": "MU",
    "eps": -1.07,
    "epsEstimated": -1.18,
    "time": "amc",
    "revenue": 4010000000,
    "revenueEstimated": 3910360000,
    "updatedFromDate": "2025-09-06",
    "fiscalDateEnding": "2023-08-31"
  },
  {
    "date": "2023-06-28",
    "symbol": "MU",
    "eps": -1.43,
    "epsEstimated": -1.58,
    "time": "amc",
    "revenue": 3752000000,
    "revenueEstimated": 3646190000,
    "updatedFromDate": "2025-09-06",
    "fiscalDateEnding": "2023-06-01"
  },
  {
    "date": "2023-03-28",
    "symbol": "MU",
    "eps": -1.91,
    "epsEstimated": -0.66,
    "time": "amc",
    "revenue": 3693000000,
    "revenueEstimated": 3718630000,
    "updatedFromDate": "2025-09-06",
    "fiscalDateEnding": "2023-03-02"
  },
  {
    "date": "2022-12-21",
    "symbol": "MU",
    "eps": -0.04,
    "epsEstimated": -0.01358,
    "time": "amc",
    "revenue": 4085000000,
    "revenueEstimated": 4133514968,
    "updatedFromDate": "2025-09-06",
    "fiscalDateEnding": "2022-12-01"
  },
  {
    "date": "2022-09-29",
    "symbol": "MU",
    "eps": 1.45,
    "epsEstimated": 1.3,
    "time": "amc",
    "revenue": 6643000000,
    "revenueEstimated": 6728346474,
    "updatedFromDate": "2025-09-06",
    "fiscalDateEnding": "2022-09-01"
  },
  {
    "date": "2022-06-30",
    "symbol": "MU",
    "eps": 2.59,
    "epsEstimated": 2.43,
    "time": "amc",
    "revenue": 8642000000,
    "revenueEstimated": 8642347225,
    "updatedFromDate": "2025-09-06",
    "fiscalDateEnding": "2022-06-02"
  },
  {
    "date": "2022-03-29",
    "symbol": "MU",
    "eps": 2.14,
    "epsEstimated": 1.97,
    "time": "amc",
    "revenue": 7786000000,
    "revenueEstimated": 7527711316,
    "updatedFromDate": "2025-09-06",
    "fiscalDateEnding": "2022-03-03"
  },
  {
    "date": "2021-12-20",
    "symbol": "MU",
    "eps": 2.16,
    "epsEstimated": 2.11,
    "time": "amc",
    "revenue": 7687000000,
    "revenueEstimated": 7519290000,
    "updatedFromDate": "2025-09-06",
    "fiscalDateEnding": "2021-12-02"
  },
  {
    "date": "2021-09-28",
    "symbol": "MU",
    "eps": 2.42,
    "epsEstimated": 2.33,
    "time": "amc",
    "revenue": 8274000000,
    "revenueEstimated": null,
    "updatedFromDate": "2025-09-06",
    "fiscalDateEnding": "2021-09-02"
  },
  {
    "date": "2021-06-30",
    "symbol": "MU",
    "eps": 1.88,
    "epsEstimated": 1.72,
    "time": "amc",
    "revenue": 7422000000,
    "revenueEstimated": null,
    "updatedFromDate": "2025-09-06",
    "fiscalDateEnding": "2021-06-03"
  },
  {
    "date": "2021-03-31",
    "symbol": "MU",
    "eps": 0.98,
    "epsEstimated": 0.95,
    "time": "amc",
    "revenue": 6236000000,
    "revenueEstimated": null,
    "updatedFromDate": "2025-09-06",
    "fiscalDateEnding": "2021-03-04"
  },
  {
    "date": "2021-01-07",
    "symbol": "MU",
    "eps": 0.78,
    "epsEstimated": 0.71,
    "time": "amc",
    "revenue": 5773000000,
    "revenueEstimated": 5203830985,
    "updatedFromDate": "2025-09-06",
    "fiscalDateEnding": "2020-12-03"
  },
  {
    "date": "2020-09-29",
    "symbol": "MU",
    "eps": 1.08,
    "epsEstimated": 0.99,
    "time": "amc",
    "revenue": 6056000000,
    "revenueEstimated": 5551333333,
    "updatedFromDate": "2025-09-06",
    "fiscalDateEnding": "2020-09-03"
  },
  {
    "date": "2020-06-29",
    "symbol": "MU",
    "eps": 0.82,
    "epsEstimated": 0.77,
    "time": "amc",
    "revenue": 5438000000,
    "revenueEstimated": 5172731707,
    "updatedFromDate": "2025-09-06",
    "fiscalDateEnding": "2020-05-28"
  },
  {
    "date": "2020-03-25",
    "symbol": "MU",
    "eps": 0.45,
    "epsEstimated": 0.37,
    "time": "amc",
    "revenue": 4797000000,
    "revenueEstimated": 3944200000,
    "updatedFromDate": "2025-09-06",
    "fiscalDateEnding": "2020-02-27"
  },
  {
    "date": "2019-12-18",
    "symbol": "MU",
    "eps": 0.48,
    "epsEstimated": 0.47,
    "time": "amc",
    "revenue": 5144000000,
    "revenueEstimated": 5036833333,
    "updatedFromDate": "2025-09-06",
    "fiscalDateEnding": "2019-11-28"
  },
  {
    "date": "2019-09-26",
    "symbol": "MU",
    "eps": 0.56,
    "epsEstimated": 0.49,
    "time": "amc",
    "revenue": 4870000000,
    "revenueEstimated": 4261249999,
    "updatedFromDate": "2025-09-06",
    "fiscalDateEnding": "2019-08-29"
  },
  {
    "date": "2019-06-25",
    "symbol": "MU",
    "eps": 1.05,
    "epsEstimated": 0.78,
    "time": "amc",
    "revenue": 4788000000,
    "revenueEstimated": 3602400000,
    "updatedFromDate": "2025-09-06",
    "fiscalDateEnding": "2019-05-30"
  },
  {
    "date": "2019-03-20",
    "symbol": "MU",
    "eps": 1.71,
    "epsEstimated": 1.67,
    "time": "amc",
    "revenue": 5835000000,
    "revenueEstimated": 5698508771,
    "updatedFromDate": "2025-09-06",
    "fiscalDateEnding": "2019-02-28"
  },
  {
    "date": "2018-12-18",
    "symbol": "MU",
    "eps": 2.97,
    "epsEstimated": 2.96,
    "time": "amc",
    "revenue": 7913000000,
    "revenueEstimated": 7886356902,
    "updatedFromDate": "2025-09-06",
    "fiscalDateEnding": "2018-11-29"
  },
  {
    "date": "2018-09-20",
    "symbol": "MU",
    "eps": 3.53,
    "epsEstimated": 3.34,
    "time": "amc",
    "revenue": 8440000000,
    "revenueEstimated": 7985722379,
    "updatedFromDate": "2025-09-06",
    "fiscalDateEnding": "2018-08-30"
  },
  {
    "date": "2018-06-20",
    "symbol": "MU",
    "eps": 3.15,
    "epsEstimated": 3.14,
    "time": "amc",
    "revenue": 7797000000,
    "revenueEstimated": 7772247619,
    "updatedFromDate": "2025-09-06",
    "fiscalDateEnding": "2018-05-31"
  },
  {
    "date": "2018-03-22",
    "symbol": "MU",
    "eps": 2.82,
    "epsEstimated": 2.73,
    "time": "amc",
    "revenue": 7351000000,
    "revenueEstimated": 7116393617,
    "updatedFromDate": "2025-09-06",
    "fiscalDateEnding": "2018-03-01"
  },
  {
    "date": "2017-12-19",
    "symbol": "MU",
    "eps": 2.45,
    "epsEstimated": 2.21,
    "time": "amc",
    "revenue": 6803000000,
    "revenueEstimated": 6136583673,
    "updatedFromDate": "2025-09-06",
    "fiscalDateEnding": "2017-11-30"
  },
  {
    "date": "2017-09-26",
    "symbol": "MU",
    "eps": 2.02,
    "epsEstimated": 1.83,
    "time": "amc",
    "revenue": 6138000000,
    "revenueEstimated": 5591049504,
    "updatedFromDate": "2025-09-06",
    "fiscalDateEnding": "2017-08-31"
  },
  {
    "date": "2017-06-29",
    "symbol": "MU",
    "eps": 1.62,
    "epsEstimated": 1.51,
    "time": "amc",
    "revenue": 5566000000,
    "revenueEstimated": 5188061728,
    "updatedFromDate": "2025-09-06",
    "fiscalDateEnding": "2017-06-01"
  },
  {
    "date": "2017-03-23",
    "symbol": "MU",
    "eps": 0.9,
    "epsEstimated": 0.86,
    "time": "amc",
    "revenue": 4648000000,
    "revenueEstimated": 4441422222,
    "updatedFromDate": "2025-09-06",
    "fiscalDateEnding": "2017-03-02"
  },
  {
    "date": "2016-12-21",
    "symbol": "MU",
    "eps": 0.32,
    "epsEstimated": 0.28,
    "time": "amc",
    "revenue": 3970000000,
    "revenueEstimated": null,
    "updatedFromDate": "2025-09-06",
    "fiscalDateEnding": "2016-12-01"
  },
  {
    "date": "2016-10-04",
    "symbol": "MU",
    "eps": -0.05,
    "epsEstimated": -0.12,
    "time": "amc",
    "revenue": 3217000000,
    "revenueEstimated": 7720799999,
    "updatedFromDate": "2025-09-06",
    "fiscalDateEnding": "2016-09-01"
  },
  {
    "date": "2016-06-30",
    "symbol": "MU",
    "eps": -0.08,
    "epsEstimated": -0.11,
    "time": "bmo",
    "revenue": 2898000000,
    "revenueEstimated": 3260250000,
    "updatedFromDate": "2025-09-06",
    "fiscalDateEnding": "2016-06-02"
  }
]