[
  {
    "date": "2026-04-28",
    "symbol": "NCLH",
    "eps": null,
    "epsEstimated": null,
    "time": "bmo",
    "revenue": null,
    "revenueEstimated": null,
    "updatedFromDate": "2025-10-02",
    "fiscalDateEnding": "2026-03-30"
  },
  {
    "date": "2026-02-25",
    "symbol": "NCLH",
    "eps": null,
    "epsEstimated": null,
    "time": "bmo",
    "revenue": null,
    "revenueEstimated": null,
    "updatedFromDate": "2025-10-02",
    "fiscalDateEnding": "2025-12-30"
  },
  {
    "date": "2025-10-30",
    "symbol": "NCLH",
    "eps": null,
    "epsEstimated": 1.17,
    "time": "bmo",
    "revenue": null,
    "revenueEstimated": 3026060800,
    "updatedFromDate": "2025-10-02",
    "fiscalDateEnding": "2025-09-30"
  },
  {
    "date": "2025-07-31",
    "symbol": "NCLH",
    "eps": 0.51,
    "epsEstimated": 0.52,
    "time": "bmo",
    "revenue": 2517497000,
    "revenueEstimated": 3015403570,
    "updatedFromDate": "2025-10-02",
    "fiscalDateEnding": "2025-06-30"
  },
  {
    "date": "2025-04-30",
    "symbol": "NCLH",
    "eps": 0.07,
    "epsEstimated": 0.09,
    "time": "bmo",
    "revenue": 2127553000,
    "revenueEstimated": 2558000000,
    "updatedFromDate": "2025-07-30",
    "fiscalDateEnding": "2025-03-31"
  },
  {
    "date": "2025-02-27",
    "symbol": "NCLH",
    "eps": 0.26,
    "epsEstimated": 0.1,
    "time": "bmo",
    "revenue": 2109366000,
    "revenueEstimated": 2193738680,
    "updatedFromDate": "2025-05-27",
    "fiscalDateEnding": "2024-12-31"
  },
  {
    "date": "2024-10-31",
    "symbol": "NCLH",
    "eps": 0.99,
    "epsEstimated": 0.94,
    "time": "bmo",
    "revenue": 2806578000,
    "revenueEstimated": 2105670000,
    "updatedFromDate": "2025-04-11",
    "fiscalDateEnding": "2024-09-30"
  },
  {
    "date": "2024-07-31",
    "symbol": "NCLH",
    "eps": 0.4,
    "epsEstimated": 0.35,
    "time": "bmo",
    "revenue": 2372492000,
    "revenueEstimated": 2382920000,
    "updatedFromDate": "2025-04-11",
    "fiscalDateEnding": "2024-06-30"
  },
  {
    "date": "2024-05-01",
    "symbol": "NCLH",
    "eps": 0.16,
    "epsEstimated": 0.12,
    "time": "bmo",
    "revenue": 2191215000,
    "revenueEstimated": 2244460000,
    "updatedFromDate": "2025-04-11",
    "fiscalDateEnding": "2024-03-31"
  },
  {
    "date": "2024-02-27",
    "symbol": "NCLH",
    "eps": -0.18,
    "epsEstimated": -0.13,
    "time": "bmo",
    "revenue": 1986456000,
    "revenueEstimated": 1969190000,
    "updatedFromDate": "2025-04-11",
    "fiscalDateEnding": "2023-12-31"
  },
  {
    "date": "2023-11-01",
    "symbol": "NCLH",
    "eps": 0.76,
    "epsEstimated": 0.69,
    "time": "bmo",
    "revenue": 2536037000,
    "revenueEstimated": 1968230000,
    "updatedFromDate": "2025-04-11",
    "fiscalDateEnding": "2023-09-30"
  },
  {
    "date": "2023-08-01",
    "symbol": "NCLH",
    "eps": 0.3,
    "epsEstimated": 0.27,
    "time": "bmo",
    "revenue": 2205492000,
    "revenueEstimated": 2169850000,
    "updatedFromDate": "2025-04-11",
    "fiscalDateEnding": "2023-06-30"
  },
  {
    "date": "2023-05-01",
    "symbol": "NCLH",
    "eps": -0.3,
    "epsEstimated": -0.43,
    "time": "bmo",
    "revenue": 1821939000,
    "revenueEstimated": 2181090000,
    "updatedFromDate": "2025-04-11",
    "fiscalDateEnding": "2023-03-31"
  },
  {
    "date": "2023-02-28",
    "symbol": "NCLH",
    "eps": -1.04,
    "epsEstimated": -0.89,
    "time": "bmo",
    "revenue": 1519129000,
    "revenueEstimated": 1501219737,
    "updatedFromDate": "2025-04-11",
    "fiscalDateEnding": "2022-12-31"
  },
  {
    "date": "2022-11-08",
    "symbol": "NCLH",
    "eps": -0.64,
    "epsEstimated": -0.71,
    "time": "bmo",
    "revenue": 1615510000,
    "revenueEstimated": 1583272520,
    "updatedFromDate": "2025-04-11",
    "fiscalDateEnding": "2022-09-30"
  },
  {
    "date": "2022-08-09",
    "symbol": "NCLH",
    "eps": -1.14,
    "epsEstimated": -0.82,
    "time": "bmo",
    "revenue": 1187181000,
    "revenueEstimated": 1263531700,
    "updatedFromDate": "2025-04-11",
    "fiscalDateEnding": "2022-06-30"
  },
  {
    "date": "2022-05-10",
    "symbol": "NCLH",
    "eps": -1.82,
    "epsEstimated": -1.73,
    "time": "bmo",
    "revenue": 521940000,
    "revenueEstimated": 737483819,
    "updatedFromDate": "2025-04-11",
    "fiscalDateEnding": "2022-03-31"
  },
  {
    "date": "2022-02-24",
    "symbol": "NCLH",
    "eps": -1.95,
    "epsEstimated": -1.69,
    "time": "bmo",
    "revenue": 487437000,
    "revenueEstimated": 571853187,
    "updatedFromDate": "2025-04-11",
    "fiscalDateEnding": "2021-12-31"
  },
  {
    "date": "2021-11-03",
    "symbol": "NCLH",
    "eps": -2.17,
    "epsEstimated": -2.11,
    "time": "bmo",
    "revenue": 153081000,
    "revenueEstimated": 148727985,
    "updatedFromDate": "2025-04-11",
    "fiscalDateEnding": "2021-09-30"
  },
  {
    "date": "2021-08-06",
    "symbol": "NCLH",
    "eps": -1.93,
    "epsEstimated": -2,
    "time": "bmo",
    "revenue": 4368000,
    "revenueEstimated": 4368000,
    "updatedFromDate": "2025-04-11",
    "fiscalDateEnding": "2021-06-30"
  },
  {
    "date": "2021-05-06",
    "symbol": "NCLH",
    "eps": -2.03,
    "epsEstimated": -2.06,
    "time": "bmo",
    "revenue": 3100000,
    "revenueEstimated": 12860000,
    "updatedFromDate": "2025-04-11",
    "fiscalDateEnding": "2021-03-31"
  },
  {
    "date": "2021-02-25",
    "symbol": "NCLH",
    "eps": -2.33,
    "epsEstimated": -2.31,
    "time": "bmo",
    "revenue": 9579000,
    "revenueEstimated": 2600000,
    "updatedFromDate": "2025-04-11",
    "fiscalDateEnding": "2020-12-31"
  },
  {
    "date": "2020-11-09",
    "symbol": "NCLH",
    "eps": -2.35,
    "epsEstimated": -2.24,
    "time": "amc",
    "revenue": 6518000,
    "revenueEstimated": 6197919,
    "updatedFromDate": "2025-04-11",
    "fiscalDateEnding": "2020-09-30"
  },
  {
    "date": "2020-08-06",
    "symbol": "NCLH",
    "eps": -2.78,
    "epsEstimated": -2.19,
    "time": "bmo",
    "revenue": 16929000,
    "revenueEstimated": 13762424,
    "updatedFromDate": "2025-04-11",
    "fiscalDateEnding": "2020-06-30"
  },
  {
    "date": "2020-05-14",
    "symbol": "NCLH",
    "eps": -0.99,
    "epsEstimated": -0.52,
    "time": "bmo",
    "revenue": 1246882000,
    "revenueEstimated": 1054555322,
    "updatedFromDate": "2025-04-11",
    "fiscalDateEnding": "2020-03-31"
  },
  {
    "date": "2020-02-20",
    "symbol": "NCLH",
    "eps": 0.73,
    "epsEstimated": 0.7,
    "time": "bmo",
    "revenue": 1480618000,
    "revenueEstimated": 1419770684,
    "updatedFromDate": "2025-04-11",
    "fiscalDateEnding": "2019-12-31"
  },
  {
    "date": "2019-11-07",
    "symbol": "NCLH",
    "eps": 2.23,
    "epsEstimated": 2.16,
    "time": "bmo",
    "revenue": 1913851000,
    "revenueEstimated": 1853774959,
    "updatedFromDate": "2025-04-11",
    "fiscalDateEnding": "2019-09-30"
  },
  {
    "date": "2019-08-08",
    "symbol": "NCLH",
    "eps": 1.3,
    "epsEstimated": 1.26,
    "time": "bmo",
    "revenue": 1664277000,
    "revenueEstimated": 1613068476,
    "updatedFromDate": "2025-04-11",
    "fiscalDateEnding": "2019-06-30"
  },
  {
    "date": "2019-05-09",
    "symbol": "NCLH",
    "eps": 0.83,
    "epsEstimated": 0.71,
    "time": "bmo",
    "revenue": 1403630000,
    "revenueEstimated": 1200695542,
    "updatedFromDate": "2025-04-11",
    "fiscalDateEnding": "2019-03-31"
  },
  {
    "date": "2019-02-21",
    "symbol": "NCLH",
    "eps": 0.85,
    "epsEstimated": 0.79,
    "time": "bmo",
    "revenue": 1381193000,
    "revenueEstimated": 1283697023,
    "updatedFromDate": "2025-04-11",
    "fiscalDateEnding": "2018-12-31"
  },
  {
    "date": "2018-11-08",
    "symbol": "NCLH",
    "eps": 2.27,
    "epsEstimated": 2.21,
    "time": "bmo",
    "revenue": 1858356000,
    "revenueEstimated": 1809236458,
    "updatedFromDate": "2025-04-11",
    "fiscalDateEnding": "2018-09-30"
  },
  {
    "date": "2018-08-09",
    "symbol": "NCLH",
    "eps": 1.21,
    "epsEstimated": 1.02,
    "time": "bmo",
    "revenue": 1522174000,
    "revenueEstimated": 1283154942,
    "updatedFromDate": "2025-04-11",
    "fiscalDateEnding": "2018-06-30"
  },
  {
    "date": "2018-05-02",
    "symbol": "NCLH",
    "eps": 0.6,
    "epsEstimated": 0.54,
    "time": "bmo",
    "revenue": 1293403000,
    "revenueEstimated": 1164062700,
    "updatedFromDate": "2025-04-11",
    "fiscalDateEnding": "2018-03-31"
  },
  {
    "date": "2018-02-22",
    "symbol": "NCLH",
    "eps": 0.68,
    "epsEstimated": 0.63,
    "time": "bmo",
    "revenue": 1249553000,
    "revenueEstimated": 1176049882,
    "updatedFromDate": "2025-04-11",
    "fiscalDateEnding": "2017-12-31"
  },
  {
    "date": "2017-11-09",
    "symbol": "NCLH",
    "eps": 1.86,
    "epsEstimated": 1.82,
    "time": "bmo",
    "revenue": 1651738000,
    "revenueEstimated": 1616216752,
    "updatedFromDate": "2025-04-11",
    "fiscalDateEnding": "2017-09-30"
  },
  {
    "date": "2017-08-08",
    "symbol": "NCLH",
    "eps": 1.02,
    "epsEstimated": 0.97,
    "time": "bmo",
    "revenue": 1344103000,
    "revenueEstimated": 1278215598,
    "updatedFromDate": "2025-04-11",
    "fiscalDateEnding": "2017-06-30"
  },
  {
    "date": "2017-05-10",
    "symbol": "NCLH",
    "eps": 0.4,
    "epsEstimated": 0.37,
    "time": "bmo",
    "revenue": 1150781000,
    "revenueEstimated": 1064472424,
    "updatedFromDate": "2025-04-11",
    "fiscalDateEnding": "2017-03-31"
  },
  {
    "date": "2017-02-22",
    "symbol": "NCLH",
    "eps": 0.56,
    "epsEstimated": 0.56,
    "time": "bmo",
    "revenue": 1125137000,
    "revenueEstimated": 1105045267,
    "updatedFromDate": "2025-04-11",
    "fiscalDateEnding": "2016-12-31"
  },
  {
    "date": "2016-11-09",
    "symbol": "NCLH",
    "eps": 1.62,
    "epsEstimated": 1.59,
    "time": "bmo",
    "revenue": 1484736000,
    "revenueEstimated": 1457240888,
    "updatedFromDate": "2025-04-11",
    "fiscalDateEnding": "2016-09-30"
  },
  {
    "date": "2016-08-09",
    "symbol": "NCLH",
    "eps": 0.85,
    "epsEstimated": 0.83,
    "time": "bmo",
    "revenue": 1186835000,
    "revenueEstimated": 1158909470,
    "updatedFromDate": "2025-04-11",
    "fiscalDateEnding": "2016-06-30"
  }
]