[
  {
    "date": "2026-04-22",
    "symbol": "NDAQ",
    "eps": null,
    "epsEstimated": null,
    "time": "bmo",
    "revenue": null,
    "revenueEstimated": null,
    "updatedFromDate": "2025-10-02",
    "fiscalDateEnding": "2026-03-30"
  },
  {
    "date": "2026-01-27",
    "symbol": "NDAQ",
    "eps": null,
    "epsEstimated": null,
    "time": "bmo",
    "revenue": null,
    "revenueEstimated": null,
    "updatedFromDate": "2025-10-02",
    "fiscalDateEnding": "2025-12-30"
  },
  {
    "date": "2025-10-21",
    "symbol": "NDAQ",
    "eps": null,
    "epsEstimated": 0.82,
    "time": "bmo",
    "revenue": null,
    "revenueEstimated": 1288733600,
    "updatedFromDate": "2025-10-02",
    "fiscalDateEnding": "2025-09-30"
  },
  {
    "date": "2025-07-24",
    "symbol": "NDAQ",
    "eps": 0.85,
    "epsEstimated": 0.814,
    "time": "bmo",
    "revenue": 2090000000,
    "revenueEstimated": 1277424938,
    "updatedFromDate": "2025-10-02",
    "fiscalDateEnding": "2025-06-30"
  },
  {
    "date": "2025-04-24",
    "symbol": "NDAQ",
    "eps": 0.79,
    "epsEstimated": 0.771,
    "time": "bmo",
    "revenue": 2090000000,
    "revenueEstimated": 1230536724,
    "updatedFromDate": "2025-07-23",
    "fiscalDateEnding": "2025-03-31"
  },
  {
    "date": "2025-01-29",
    "symbol": "NDAQ",
    "eps": 0.76,
    "epsEstimated": 0.74,
    "time": "bmo",
    "revenue": 2029000000,
    "revenueEstimated": 1225649004,
    "updatedFromDate": "2025-04-29",
    "fiscalDateEnding": "2024-12-31"
  },
  {
    "date": "2024-10-24",
    "symbol": "NDAQ",
    "eps": 0.74,
    "epsEstimated": 0.694,
    "time": "bmo",
    "revenue": 1902000000,
    "revenueEstimated": 1170247769,
    "updatedFromDate": "2025-04-25",
    "fiscalDateEnding": "2024-09-30"
  },
  {
    "date": "2024-07-25",
    "symbol": "NDAQ",
    "eps": 0.69,
    "epsEstimated": 0.642,
    "time": "bmo",
    "revenue": 1792000000,
    "revenueEstimated": 1130623909,
    "updatedFromDate": "2025-04-25",
    "fiscalDateEnding": "2024-06-30"
  },
  {
    "date": "2024-04-25",
    "symbol": "NDAQ",
    "eps": 0.63,
    "epsEstimated": 0.653,
    "time": "bmo",
    "revenue": 1674000000,
    "revenueEstimated": 1113481718,
    "updatedFromDate": "2025-04-25",
    "fiscalDateEnding": "2024-03-31"
  },
  {
    "date": "2024-01-31",
    "symbol": "NDAQ",
    "eps": 0.72,
    "epsEstimated": 0.7,
    "time": "bmo",
    "revenue": 1648000000,
    "revenueEstimated": 1067020000,
    "updatedFromDate": "2025-04-25",
    "fiscalDateEnding": "2023-12-31"
  },
  {
    "date": "2023-10-18",
    "symbol": "NDAQ",
    "eps": 0.71,
    "epsEstimated": 0.68,
    "time": "bmo",
    "revenue": 1451000000,
    "revenueEstimated": 958590000,
    "updatedFromDate": "2025-04-25",
    "fiscalDateEnding": "2023-09-30"
  },
  {
    "date": "2023-07-19",
    "symbol": "NDAQ",
    "eps": 0.71,
    "epsEstimated": 0.65,
    "time": "bmo",
    "revenue": 1433000000,
    "revenueEstimated": 914850000,
    "updatedFromDate": "2025-04-25",
    "fiscalDateEnding": "2023-06-30"
  },
  {
    "date": "2023-04-19",
    "symbol": "NDAQ",
    "eps": 0.69,
    "epsEstimated": 0.66,
    "time": "bmo",
    "revenue": 1533000000,
    "revenueEstimated": 908670000,
    "updatedFromDate": "2025-04-25",
    "fiscalDateEnding": "2023-03-31"
  },
  {
    "date": "2023-01-25",
    "symbol": "NDAQ",
    "eps": 0.64,
    "epsEstimated": 0.65,
    "time": "bmo",
    "revenue": 1582000000,
    "revenueEstimated": 909528217,
    "updatedFromDate": "2025-04-25",
    "fiscalDateEnding": "2022-12-31"
  },
  {
    "date": "2022-10-19",
    "symbol": "NDAQ",
    "eps": 0.68,
    "epsEstimated": 0.65,
    "time": "bmo",
    "revenue": 1557000000,
    "revenueEstimated": 885886418,
    "updatedFromDate": "2025-04-25",
    "fiscalDateEnding": "2022-09-30"
  },
  {
    "date": "2022-07-20",
    "symbol": "NDAQ",
    "eps": 0.69,
    "epsEstimated": 0.64,
    "time": "bmo",
    "revenue": 1552000000,
    "revenueEstimated": 881225777,
    "updatedFromDate": "2025-04-25",
    "fiscalDateEnding": "2022-06-30"
  },
  {
    "date": "2022-04-20",
    "symbol": "NDAQ",
    "eps": 0.66,
    "epsEstimated": 0.65,
    "time": "bmo",
    "revenue": 1535000000,
    "revenueEstimated": 892539390,
    "updatedFromDate": "2025-04-25",
    "fiscalDateEnding": "2022-03-31"
  },
  {
    "date": "2022-01-26",
    "symbol": "NDAQ",
    "eps": 0.64,
    "epsEstimated": 0.59,
    "time": "bmo",
    "revenue": 1467000000,
    "revenueEstimated": 866449516,
    "updatedFromDate": "2025-04-25",
    "fiscalDateEnding": "2021-12-31"
  },
  {
    "date": "2021-10-20",
    "symbol": "NDAQ",
    "eps": 0.59,
    "epsEstimated": 0.57,
    "time": "bmo",
    "revenue": 1357000000,
    "revenueEstimated": 830430000,
    "updatedFromDate": "2025-04-25",
    "fiscalDateEnding": "2021-09-30"
  },
  {
    "date": "2021-07-21",
    "symbol": "NDAQ",
    "eps": 0.63,
    "epsEstimated": 0.58,
    "time": "bmo",
    "revenue": 1412000000,
    "revenueEstimated": 830610000,
    "updatedFromDate": "2025-04-25",
    "fiscalDateEnding": "2021-06-30"
  },
  {
    "date": "2021-04-21",
    "symbol": "NDAQ",
    "eps": 0.65,
    "epsEstimated": 0.58,
    "time": "bmo",
    "revenue": 1652000000,
    "revenueEstimated": 770170000,
    "updatedFromDate": "2025-04-25",
    "fiscalDateEnding": "2021-03-31"
  },
  {
    "date": "2021-01-27",
    "symbol": "NDAQ",
    "eps": 0.53,
    "epsEstimated": 0.48,
    "time": "bmo",
    "revenue": 1463000000,
    "revenueEstimated": 1310758620,
    "updatedFromDate": "2025-04-25",
    "fiscalDateEnding": "2020-12-31"
  },
  {
    "date": "2020-10-21",
    "symbol": "NDAQ",
    "eps": 0.51,
    "epsEstimated": 0.49,
    "time": "bmo",
    "revenue": 1414000000,
    "revenueEstimated": 1349307189,
    "updatedFromDate": "2025-04-25",
    "fiscalDateEnding": "2020-09-30"
  },
  {
    "date": "2020-07-22",
    "symbol": "NDAQ",
    "eps": 0.51,
    "epsEstimated": 0.48,
    "time": "bmo",
    "revenue": 1398000000,
    "revenueEstimated": 1316298701,
    "updatedFromDate": "2025-04-25",
    "fiscalDateEnding": "2020-06-30"
  },
  {
    "date": "2020-04-22",
    "symbol": "NDAQ",
    "eps": 0.5,
    "epsEstimated": 0.49,
    "time": "bmo",
    "revenue": 1353000000,
    "revenueEstimated": 1316920000,
    "updatedFromDate": "2025-04-25",
    "fiscalDateEnding": "2020-03-31"
  },
  {
    "date": "2020-01-29",
    "symbol": "NDAQ",
    "eps": 0.43,
    "epsEstimated": 0.42,
    "time": "bmo",
    "revenue": 1065000000,
    "revenueEstimated": 1048488372,
    "updatedFromDate": "2025-04-25",
    "fiscalDateEnding": "2019-12-31"
  },
  {
    "date": "2019-10-23",
    "symbol": "NDAQ",
    "eps": 0.42,
    "epsEstimated": 0.4,
    "time": "bmo",
    "revenue": 1096000000,
    "revenueEstimated": 1044220472,
    "updatedFromDate": "2025-04-25",
    "fiscalDateEnding": "2019-09-30"
  },
  {
    "date": "2019-07-24",
    "symbol": "NDAQ",
    "eps": 0.41,
    "epsEstimated": 0.4,
    "time": "bmo",
    "revenue": 1061000000,
    "revenueEstimated": 1043606557,
    "updatedFromDate": "2025-04-25",
    "fiscalDateEnding": "2019-06-30"
  },
  {
    "date": "2019-04-24",
    "symbol": "NDAQ",
    "eps": 0.41,
    "epsEstimated": 0.39,
    "time": "bmo",
    "revenue": 1039000000,
    "revenueEstimated": 987901639,
    "updatedFromDate": "2025-04-25",
    "fiscalDateEnding": "2019-03-31"
  },
  {
    "date": "2019-01-30",
    "symbol": "NDAQ",
    "eps": 0.42,
    "epsEstimated": 0.42,
    "time": "bmo",
    "revenue": 1136000000,
    "revenueEstimated": 1145015873,
    "updatedFromDate": "2025-04-25",
    "fiscalDateEnding": "2018-12-31"
  },
  {
    "date": "2018-10-24",
    "symbol": "NDAQ",
    "eps": 0.38,
    "epsEstimated": 0.38,
    "time": "bmo",
    "revenue": 964000000,
    "revenueEstimated": 955617391,
    "updatedFromDate": "2025-04-25",
    "fiscalDateEnding": "2018-09-30"
  },
  {
    "date": "2018-07-25",
    "symbol": "NDAQ",
    "eps": 0.39,
    "epsEstimated": 0.39,
    "time": "bmo",
    "revenue": 1027000000,
    "revenueEstimated": 1018296610,
    "updatedFromDate": "2025-04-25",
    "fiscalDateEnding": "2018-06-30"
  },
  {
    "date": "2018-04-25",
    "symbol": "NDAQ",
    "eps": 0.41,
    "epsEstimated": 0.4,
    "time": "bmo",
    "revenue": 1151000000,
    "revenueEstimated": 1113870967,
    "updatedFromDate": "2025-04-25",
    "fiscalDateEnding": "2018-03-31"
  },
  {
    "date": "2018-01-31",
    "symbol": "NDAQ",
    "eps": 0.35,
    "epsEstimated": 0.33,
    "time": "bmo",
    "revenue": 1024000000,
    "revenueEstimated": 975238095,
    "updatedFromDate": "2025-04-25",
    "fiscalDateEnding": "2017-12-31"
  },
  {
    "date": "2017-10-25",
    "symbol": "NDAQ",
    "eps": 0.35,
    "epsEstimated": 0.34,
    "time": "bmo",
    "revenue": 969000000,
    "revenueEstimated": 932433962,
    "updatedFromDate": "2025-04-25",
    "fiscalDateEnding": "2017-09-30"
  },
  {
    "date": "2017-07-26",
    "symbol": "NDAQ",
    "eps": 0.34,
    "epsEstimated": 0.32,
    "time": "bmo",
    "revenue": 1000000000,
    "revenueEstimated": 941176470,
    "updatedFromDate": "2025-04-25",
    "fiscalDateEnding": "2017-06-30"
  },
  {
    "date": "2017-04-26",
    "symbol": "NDAQ",
    "eps": 0.37,
    "epsEstimated": 0.35,
    "time": "bmo",
    "revenue": 971000000,
    "revenueEstimated": 935690909,
    "updatedFromDate": "2025-04-25",
    "fiscalDateEnding": "2017-03-31"
  },
  {
    "date": "2017-01-31",
    "symbol": "NDAQ",
    "eps": 0.32,
    "epsEstimated": 0.31,
    "time": "bmo",
    "revenue": 973000000,
    "revenueEstimated": 973000000,
    "updatedFromDate": "2025-04-25",
    "fiscalDateEnding": "2016-12-31"
  },
  {
    "date": "2016-10-26",
    "symbol": "NDAQ",
    "eps": 0.3,
    "epsEstimated": 0.3,
    "time": "bmo",
    "revenue": 929000000,
    "revenueEstimated": 918791208,
    "updatedFromDate": "2025-04-25",
    "fiscalDateEnding": "2016-09-30"
  },
  {
    "date": "2016-07-27",
    "symbol": "NDAQ",
    "eps": 0.3,
    "epsEstimated": 0.29,
    "time": "bmo",
    "revenue": 897000000,
    "revenueEstimated": 867428571,
    "updatedFromDate": "2025-04-25",
    "fiscalDateEnding": "2016-06-30"
  }
]