[
  {
    "date": "2026-05-26",
    "symbol": "NDSN",
    "eps": null,
    "epsEstimated": null,
    "time": "amc",
    "revenue": null,
    "revenueEstimated": null,
    "updatedFromDate": "2025-10-02",
    "fiscalDateEnding": "2026-04-30"
  },
  {
    "date": "2026-02-17",
    "symbol": "NDSN",
    "eps": null,
    "epsEstimated": null,
    "time": "amc",
    "revenue": null,
    "revenueEstimated": null,
    "updatedFromDate": "2025-10-02",
    "fiscalDateEnding": "2026-01-31"
  },
  {
    "date": "2025-12-10",
    "symbol": "NDSN",
    "eps": null,
    "epsEstimated": 2.93,
    "time": "amc",
    "revenue": null,
    "revenueEstimated": 763896980,
    "updatedFromDate": "2025-10-02",
    "fiscalDateEnding": "2025-10-31"
  },
  {
    "date": "2025-08-20",
    "symbol": "NDSN",
    "eps": 2.73,
    "epsEstimated": 2.64,
    "time": "amc",
    "revenue": 741509000,
    "revenueEstimated": 723599355,
    "updatedFromDate": "2025-10-02",
    "fiscalDateEnding": "2025-07-31"
  },
  {
    "date": "2025-05-28",
    "symbol": "NDSN",
    "eps": 2.42,
    "epsEstimated": 2.36,
    "time": "amc",
    "revenue": 682938000,
    "revenueEstimated": 671950000,
    "updatedFromDate": "2025-08-28",
    "fiscalDateEnding": "2025-04-30"
  },
  {
    "date": "2025-02-19",
    "symbol": "NDSN",
    "eps": 2.06,
    "epsEstimated": 2.09,
    "time": "amc",
    "revenue": 615420000,
    "revenueEstimated": 639586838,
    "updatedFromDate": "2025-05-19",
    "fiscalDateEnding": "2025-01-31"
  },
  {
    "date": "2024-12-11",
    "symbol": "NDSN",
    "eps": 2.78,
    "epsEstimated": 2.59,
    "time": "amc",
    "revenue": 744482000,
    "revenueEstimated": 736831150,
    "updatedFromDate": "2025-04-25",
    "fiscalDateEnding": "2024-10-31"
  },
  {
    "date": "2024-08-21",
    "symbol": "NDSN",
    "eps": 2.41,
    "epsEstimated": 2.33,
    "time": "amc",
    "revenue": 661604000,
    "revenueEstimated": 657264471,
    "updatedFromDate": "2025-04-25",
    "fiscalDateEnding": "2024-07-31"
  },
  {
    "date": "2024-05-20",
    "symbol": "NDSN",
    "eps": 2.34,
    "epsEstimated": 2.32,
    "time": "amc",
    "revenue": 650642000,
    "revenueEstimated": 661065050,
    "updatedFromDate": "2025-04-25",
    "fiscalDateEnding": "2024-04-30"
  },
  {
    "date": "2024-02-21",
    "symbol": "NDSN",
    "eps": 2.21,
    "epsEstimated": 2.04,
    "time": "amc",
    "revenue": 633193000,
    "revenueEstimated": 630420000,
    "updatedFromDate": "2025-04-25",
    "fiscalDateEnding": "2024-01-31"
  },
  {
    "date": "2023-12-13",
    "symbol": "NDSN",
    "eps": 2.46,
    "epsEstimated": 2.39,
    "time": "amc",
    "revenue": 719313000,
    "revenueEstimated": 650420000,
    "updatedFromDate": "2025-04-25",
    "fiscalDateEnding": "2023-10-31"
  },
  {
    "date": "2023-08-21",
    "symbol": "NDSN",
    "eps": 2.35,
    "epsEstimated": 2.32,
    "time": "amc",
    "revenue": 648677000,
    "revenueEstimated": 707460000,
    "updatedFromDate": "2025-04-25",
    "fiscalDateEnding": "2023-07-31"
  },
  {
    "date": "2023-05-22",
    "symbol": "NDSN",
    "eps": 2.26,
    "epsEstimated": 2.11,
    "time": "amc",
    "revenue": 650165000,
    "revenueEstimated": 638730000,
    "updatedFromDate": "2025-04-25",
    "fiscalDateEnding": "2023-04-30"
  },
  {
    "date": "2023-02-20",
    "symbol": "NDSN",
    "eps": 1.95,
    "epsEstimated": 1.97,
    "time": "amc",
    "revenue": 610477000,
    "revenueEstimated": 623854208,
    "updatedFromDate": "2025-04-25",
    "fiscalDateEnding": "2023-01-31"
  },
  {
    "date": "2022-12-14",
    "symbol": "NDSN",
    "eps": 2.44,
    "epsEstimated": 2.33,
    "time": "amc",
    "revenue": 683581000,
    "revenueEstimated": 651288285,
    "updatedFromDate": "2025-04-25",
    "fiscalDateEnding": "2022-10-31"
  },
  {
    "date": "2022-08-22",
    "symbol": "NDSN",
    "eps": 2.49,
    "epsEstimated": 2.44,
    "time": "amc",
    "revenue": 662128000,
    "revenueEstimated": 650619522,
    "updatedFromDate": "2025-04-25",
    "fiscalDateEnding": "2022-07-31"
  },
  {
    "date": "2022-05-23",
    "symbol": "NDSN",
    "eps": 2.43,
    "epsEstimated": 2.29,
    "time": "amc",
    "revenue": 635403000,
    "revenueEstimated": 646400000,
    "updatedFromDate": "2025-04-25",
    "fiscalDateEnding": "2022-04-30"
  },
  {
    "date": "2022-02-22",
    "symbol": "NDSN",
    "eps": 2.07,
    "epsEstimated": 1.91,
    "time": "amc",
    "revenue": 609166000,
    "revenueEstimated": 606912500,
    "updatedFromDate": "2025-04-25",
    "fiscalDateEnding": "2022-01-31"
  },
  {
    "date": "2021-12-15",
    "symbol": "NDSN",
    "eps": 1.88,
    "epsEstimated": 2.1,
    "time": "amc",
    "revenue": 599247000,
    "revenueEstimated": 606970000,
    "updatedFromDate": "2025-04-25",
    "fiscalDateEnding": "2021-10-31"
  },
  {
    "date": "2021-08-30",
    "symbol": "NDSN",
    "eps": 2.42,
    "epsEstimated": 2.08,
    "time": "amc",
    "revenue": 646858000,
    "revenueEstimated": 555321490,
    "updatedFromDate": "2025-04-25",
    "fiscalDateEnding": "2021-07-31"
  },
  {
    "date": "2021-05-24",
    "symbol": "NDSN",
    "eps": 2.12,
    "epsEstimated": 1.64,
    "time": "amc",
    "revenue": 589538000,
    "revenueEstimated": 547410000,
    "updatedFromDate": "2025-04-25",
    "fiscalDateEnding": "2021-04-30"
  },
  {
    "date": "2021-02-22",
    "symbol": "NDSN",
    "eps": 1.32,
    "epsEstimated": 1.06,
    "time": "amc",
    "revenue": 526566000,
    "revenueEstimated": 509880000,
    "updatedFromDate": "2025-04-25",
    "fiscalDateEnding": "2021-01-31"
  },
  {
    "date": "2020-12-15",
    "symbol": "NDSN",
    "eps": 1.59,
    "epsEstimated": 1.53,
    "time": "amc",
    "revenue": 558525000,
    "revenueEstimated": 536622058,
    "updatedFromDate": "2025-04-25",
    "fiscalDateEnding": "2020-10-31"
  },
  {
    "date": "2020-08-19",
    "symbol": "NDSN",
    "eps": 1.42,
    "epsEstimated": 1.34,
    "time": "amc",
    "revenue": 538181000,
    "revenueEstimated": 511650950,
    "updatedFromDate": "2025-04-25",
    "fiscalDateEnding": "2020-07-31"
  },
  {
    "date": "2020-05-20",
    "symbol": "NDSN",
    "eps": 1.58,
    "epsEstimated": 1.26,
    "time": "amc",
    "revenue": 529478000,
    "revenueEstimated": 422241949,
    "updatedFromDate": "2025-04-25",
    "fiscalDateEnding": "2020-04-30"
  },
  {
    "date": "2020-02-19",
    "symbol": "NDSN",
    "eps": 0.89,
    "epsEstimated": 1.04,
    "time": "amc",
    "revenue": 494916000,
    "revenueEstimated": 578328808,
    "updatedFromDate": "2025-04-25",
    "fiscalDateEnding": "2020-01-31"
  },
  {
    "date": "2019-12-11",
    "symbol": "NDSN",
    "eps": 1.79,
    "epsEstimated": 1.79,
    "time": "amc",
    "revenue": 585451000,
    "revenueEstimated": 585451000,
    "updatedFromDate": "2025-04-25",
    "fiscalDateEnding": "2019-10-31"
  },
  {
    "date": "2019-08-20",
    "symbol": "NDSN",
    "eps": 1.62,
    "epsEstimated": 1.81,
    "time": "amc",
    "revenue": 559746000,
    "revenueEstimated": 625395222,
    "updatedFromDate": "2025-04-25",
    "fiscalDateEnding": "2019-07-31"
  },
  {
    "date": "2019-05-20",
    "symbol": "NDSN",
    "eps": 1.54,
    "epsEstimated": 1.6,
    "time": "amc",
    "revenue": 551119000,
    "revenueEstimated": 572591168,
    "updatedFromDate": "2025-04-25",
    "fiscalDateEnding": "2019-04-30"
  },
  {
    "date": "2019-02-20",
    "symbol": "NDSN",
    "eps": 0.92,
    "epsEstimated": 1.12,
    "time": "amc",
    "revenue": 497910000,
    "revenueEstimated": 606151304,
    "updatedFromDate": "2025-04-25",
    "fiscalDateEnding": "2019-01-31"
  },
  {
    "date": "2018-12-12",
    "symbol": "NDSN",
    "eps": 1.44,
    "epsEstimated": 1.47,
    "time": "amc",
    "revenue": 569295000,
    "revenueEstimated": 581155312,
    "updatedFromDate": "2025-04-25",
    "fiscalDateEnding": "2018-10-31"
  },
  {
    "date": "2018-08-20",
    "symbol": "NDSN",
    "eps": 1.6,
    "epsEstimated": 1.6,
    "time": "amc",
    "revenue": 581243000,
    "revenueEstimated": 581243000,
    "updatedFromDate": "2025-04-25",
    "fiscalDateEnding": "2018-07-31"
  },
  {
    "date": "2018-05-21",
    "symbol": "NDSN",
    "eps": 1.56,
    "epsEstimated": 1.43,
    "time": "amc",
    "revenue": 553706000,
    "revenueEstimated": 507563833,
    "updatedFromDate": "2025-04-25",
    "fiscalDateEnding": "2018-04-30"
  },
  {
    "date": "2018-02-22",
    "symbol": "NDSN",
    "eps": 1.35,
    "epsEstimated": 1.34,
    "time": "amc",
    "revenue": 550424000,
    "revenueEstimated": 546346785,
    "updatedFromDate": "2025-04-25",
    "fiscalDateEnding": "2018-01-31"
  },
  {
    "date": "2017-12-13",
    "symbol": "NDSN",
    "eps": 1.38,
    "epsEstimated": 1.33,
    "time": "amc",
    "revenue": 573938000,
    "revenueEstimated": 553143144,
    "updatedFromDate": "2025-04-25",
    "fiscalDateEnding": "2017-10-31"
  },
  {
    "date": "2017-08-21",
    "symbol": "NDSN",
    "eps": 1.78,
    "epsEstimated": 1.67,
    "time": "amc",
    "revenue": 589438000,
    "revenueEstimated": 553012056,
    "updatedFromDate": "2025-04-25",
    "fiscalDateEnding": "2017-07-31"
  },
  {
    "date": "2017-05-22",
    "symbol": "NDSN",
    "eps": 1.35,
    "epsEstimated": 1.31,
    "time": "amc",
    "revenue": 496137000,
    "revenueEstimated": 481436644,
    "updatedFromDate": "2025-04-25",
    "fiscalDateEnding": "2017-04-30"
  },
  {
    "date": "2017-02-20",
    "symbol": "NDSN",
    "eps": 0.86,
    "epsEstimated": 0.82,
    "time": "amc",
    "revenue": 407470000,
    "revenueEstimated": 388517906,
    "updatedFromDate": "2025-04-25",
    "fiscalDateEnding": "2017-01-31"
  },
  {
    "date": "2016-12-13",
    "symbol": "NDSN",
    "eps": 1.39,
    "epsEstimated": 1.24,
    "time": "amc",
    "revenue": 509283000,
    "revenueEstimated": 454324402,
    "updatedFromDate": "2025-04-25",
    "fiscalDateEnding": "2016-10-31"
  },
  {
    "date": "2016-08-22",
    "symbol": "NDSN",
    "eps": 1.47,
    "epsEstimated": 1.33,
    "time": "amc",
    "revenue": 489899000,
    "revenueEstimated": 443241952,
    "updatedFromDate": "2025-04-25",
    "fiscalDateEnding": "2016-07-31"
  }
]