[
  {
    "date": "2026-04-21",
    "symbol": "NEE",
    "eps": null,
    "epsEstimated": null,
    "time": "bmo",
    "revenue": null,
    "revenueEstimated": null,
    "updatedFromDate": "2025-10-02",
    "fiscalDateEnding": "2026-03-30"
  },
  {
    "date": "2026-01-22",
    "symbol": "NEE",
    "eps": null,
    "epsEstimated": null,
    "time": "bmo",
    "revenue": null,
    "revenueEstimated": null,
    "updatedFromDate": "2025-10-02",
    "fiscalDateEnding": "2025-12-30"
  },
  {
    "date": "2025-10-22",
    "symbol": "NEE",
    "eps": null,
    "epsEstimated": 1.04,
    "time": "bmo",
    "revenue": null,
    "revenueEstimated": 8125372930,
    "updatedFromDate": "2025-10-02",
    "fiscalDateEnding": "2025-09-30"
  },
  {
    "date": "2025-07-23",
    "symbol": "NEE",
    "eps": 1.05,
    "epsEstimated": 1.01,
    "time": "bmo",
    "revenue": 6700000000,
    "revenueEstimated": 7214239029,
    "updatedFromDate": "2025-10-02",
    "fiscalDateEnding": "2025-06-30"
  },
  {
    "date": "2025-04-23",
    "symbol": "NEE",
    "eps": 0.99,
    "epsEstimated": 0.969,
    "time": "bmo",
    "revenue": 6247000000,
    "revenueEstimated": 6643038666,
    "updatedFromDate": "2025-07-23",
    "fiscalDateEnding": "2025-03-31"
  },
  {
    "date": "2025-01-24",
    "symbol": "NEE",
    "eps": 0.53,
    "epsEstimated": 0.53,
    "time": "bmo",
    "revenue": 5385000000,
    "revenueEstimated": 7574142646,
    "updatedFromDate": "2025-04-25",
    "fiscalDateEnding": "2024-12-31"
  },
  {
    "date": "2024-10-23",
    "symbol": "NEE",
    "eps": 1.03,
    "epsEstimated": 0.98,
    "time": "bmo",
    "revenue": 7567000000,
    "revenueEstimated": 8109552205,
    "updatedFromDate": "2025-04-25",
    "fiscalDateEnding": "2024-09-30"
  },
  {
    "date": "2024-07-24",
    "symbol": "NEE",
    "eps": 0.96,
    "epsEstimated": 0.98,
    "time": "bmo",
    "revenue": 6069000000,
    "revenueEstimated": 7273113502,
    "updatedFromDate": "2025-04-25",
    "fiscalDateEnding": "2024-06-30"
  },
  {
    "date": "2024-04-23",
    "symbol": "NEE",
    "eps": 0.91,
    "epsEstimated": 0.78,
    "time": "bmo",
    "revenue": 5731000000,
    "revenueEstimated": 6104389159,
    "updatedFromDate": "2025-04-25",
    "fiscalDateEnding": "2024-03-31"
  },
  {
    "date": "2024-01-25",
    "symbol": "NEE",
    "eps": 0.52,
    "epsEstimated": 0.49,
    "time": "bmo",
    "revenue": 6878000000,
    "revenueEstimated": 5697730000,
    "updatedFromDate": "2025-04-25",
    "fiscalDateEnding": "2023-12-31"
  },
  {
    "date": "2023-10-24",
    "symbol": "NEE",
    "eps": 0.94,
    "epsEstimated": 0.86,
    "time": "bmo",
    "revenue": 7172000000,
    "revenueEstimated": 7093600000,
    "updatedFromDate": "2025-04-25",
    "fiscalDateEnding": "2023-09-30"
  },
  {
    "date": "2023-07-25",
    "symbol": "NEE",
    "eps": 0.88,
    "epsEstimated": 0.83,
    "time": "bmo",
    "revenue": 7349000000,
    "revenueEstimated": 6233830000,
    "updatedFromDate": "2025-04-25",
    "fiscalDateEnding": "2023-06-30"
  },
  {
    "date": "2023-04-25",
    "symbol": "NEE",
    "eps": 0.84,
    "epsEstimated": 0.72,
    "time": "bmo",
    "revenue": 6716000000,
    "revenueEstimated": 5500290000,
    "updatedFromDate": "2025-04-25",
    "fiscalDateEnding": "2023-03-31"
  },
  {
    "date": "2023-01-25",
    "symbol": "NEE",
    "eps": 0.51,
    "epsEstimated": 0.5,
    "time": "bmo",
    "revenue": 6164000000,
    "revenueEstimated": 6301471072,
    "updatedFromDate": "2025-04-25",
    "fiscalDateEnding": "2022-12-31"
  },
  {
    "date": "2022-10-28",
    "symbol": "NEE",
    "eps": 0.85,
    "epsEstimated": 0.8,
    "time": "bmo",
    "revenue": 6719000000,
    "revenueEstimated": 5991977431,
    "updatedFromDate": "2025-04-25",
    "fiscalDateEnding": "2022-09-30"
  },
  {
    "date": "2022-07-22",
    "symbol": "NEE",
    "eps": 0.81,
    "epsEstimated": 0.73,
    "time": "bmo",
    "revenue": 5183000000,
    "revenueEstimated": 5351100283,
    "updatedFromDate": "2025-04-25",
    "fiscalDateEnding": "2022-06-30"
  },
  {
    "date": "2022-04-21",
    "symbol": "NEE",
    "eps": 0.74,
    "epsEstimated": 0.69,
    "time": "bmo",
    "revenue": 2890000000,
    "revenueEstimated": 5193873183,
    "updatedFromDate": "2025-04-25",
    "fiscalDateEnding": "2022-03-31"
  },
  {
    "date": "2022-01-25",
    "symbol": "NEE",
    "eps": 0.41,
    "epsEstimated": 0.4,
    "time": "bmo",
    "revenue": 5046000000,
    "revenueEstimated": 5059920000,
    "updatedFromDate": "2025-04-25",
    "fiscalDateEnding": "2021-12-31"
  },
  {
    "date": "2021-10-20",
    "symbol": "NEE",
    "eps": 0.75,
    "epsEstimated": 0.72,
    "time": "bmo",
    "revenue": 4370000000,
    "revenueEstimated": 5325680000,
    "updatedFromDate": "2025-04-25",
    "fiscalDateEnding": "2021-09-30"
  },
  {
    "date": "2021-07-23",
    "symbol": "NEE",
    "eps": 0.71,
    "epsEstimated": 0.67,
    "time": "bmo",
    "revenue": 3927000000,
    "revenueEstimated": 5437660000,
    "updatedFromDate": "2025-04-25",
    "fiscalDateEnding": "2021-06-30"
  },
  {
    "date": "2021-04-21",
    "symbol": "NEE",
    "eps": 0.67,
    "epsEstimated": 0.59,
    "time": "bmo",
    "revenue": 3726000000,
    "revenueEstimated": 4978310000,
    "updatedFromDate": "2025-04-25",
    "fiscalDateEnding": "2021-03-31"
  },
  {
    "date": "2021-01-26",
    "symbol": "NEE",
    "eps": 0.4,
    "epsEstimated": 0.39,
    "time": "bmo",
    "revenue": 4395000000,
    "revenueEstimated": 5570700000,
    "updatedFromDate": "2025-04-25",
    "fiscalDateEnding": "2020-12-31"
  },
  {
    "date": "2020-10-21",
    "symbol": "NEE",
    "eps": 0.67,
    "epsEstimated": 0.65,
    "time": "bmo",
    "revenue": 4785000000,
    "revenueEstimated": 4637769230,
    "updatedFromDate": "2025-04-25",
    "fiscalDateEnding": "2020-09-30"
  },
  {
    "date": "2020-07-24",
    "symbol": "NEE",
    "eps": 0.65,
    "epsEstimated": 0.63,
    "time": "bmo",
    "revenue": 4204000000,
    "revenueEstimated": 4074646153,
    "updatedFromDate": "2025-04-25",
    "fiscalDateEnding": "2020-06-30"
  },
  {
    "date": "2020-04-22",
    "symbol": "NEE",
    "eps": 0.6,
    "epsEstimated": 0.55,
    "time": "bmo",
    "revenue": 4613000000,
    "revenueEstimated": 4305466666,
    "updatedFromDate": "2025-04-25",
    "fiscalDateEnding": "2020-03-31"
  },
  {
    "date": "2020-01-24",
    "symbol": "NEE",
    "eps": 0.36,
    "epsEstimated": 0.37,
    "time": "bmo",
    "revenue": 4588000000,
    "revenueEstimated": 4715444444,
    "updatedFromDate": "2025-04-25",
    "fiscalDateEnding": "2019-12-31"
  },
  {
    "date": "2019-10-22",
    "symbol": "NEE",
    "eps": 0.6,
    "epsEstimated": 0.57,
    "time": "bmo",
    "revenue": 5572000000,
    "revenueEstimated": 5293400000,
    "updatedFromDate": "2025-04-25",
    "fiscalDateEnding": "2019-09-30"
  },
  {
    "date": "2019-07-24",
    "symbol": "NEE",
    "eps": 0.59,
    "epsEstimated": 0.58,
    "time": "bmo",
    "revenue": 4970000000,
    "revenueEstimated": 4885762711,
    "updatedFromDate": "2025-04-25",
    "fiscalDateEnding": "2019-06-30"
  },
  {
    "date": "2019-04-23",
    "symbol": "NEE",
    "eps": 0.55,
    "epsEstimated": 0.5,
    "time": "bmo",
    "revenue": 4075000000,
    "revenueEstimated": 3778636363,
    "updatedFromDate": "2025-04-25",
    "fiscalDateEnding": "2019-03-31"
  },
  {
    "date": "2019-01-25",
    "symbol": "NEE",
    "eps": 0.37,
    "epsEstimated": 0.38,
    "time": "bmo",
    "revenue": 4390000000,
    "revenueEstimated": 4494270270,
    "updatedFromDate": "2025-04-25",
    "fiscalDateEnding": "2018-12-31"
  },
  {
    "date": "2018-10-23",
    "symbol": "NEE",
    "eps": 0.55,
    "epsEstimated": 0.54,
    "time": "bmo",
    "revenue": 4418000000,
    "revenueEstimated": 4357201834,
    "updatedFromDate": "2025-04-25",
    "fiscalDateEnding": "2018-09-30"
  },
  {
    "date": "2018-07-25",
    "symbol": "NEE",
    "eps": 0.53,
    "epsEstimated": 0.52,
    "time": "bmo",
    "revenue": 4069000000,
    "revenueEstimated": 3972578199,
    "updatedFromDate": "2025-04-25",
    "fiscalDateEnding": "2018-06-30"
  },
  {
    "date": "2018-04-24",
    "symbol": "NEE",
    "eps": 0.49,
    "epsEstimated": 0.45,
    "time": "bmo",
    "revenue": 3863000000,
    "revenueEstimated": 3663876288,
    "updatedFromDate": "2025-04-25",
    "fiscalDateEnding": "2018-03-31"
  },
  {
    "date": "2018-01-26",
    "symbol": "NEE",
    "eps": 0.31,
    "epsEstimated": 0.33,
    "time": "bmo",
    "revenue": 4010000000,
    "revenueEstimated": 4202480000,
    "updatedFromDate": "2025-04-25",
    "fiscalDateEnding": "2017-12-31"
  },
  {
    "date": "2017-10-26",
    "symbol": "NEE",
    "eps": 0.46,
    "epsEstimated": 0.44,
    "time": "bmo",
    "revenue": 4808000000,
    "revenueEstimated": 4600086486,
    "updatedFromDate": "2025-04-25",
    "fiscalDateEnding": "2017-09-30"
  },
  {
    "date": "2017-07-26",
    "symbol": "NEE",
    "eps": 0.47,
    "epsEstimated": 0.44,
    "time": "bmo",
    "revenue": 4404000000,
    "revenueEstimated": 4167225806,
    "updatedFromDate": "2025-04-25",
    "fiscalDateEnding": "2017-06-30"
  },
  {
    "date": "2017-04-21",
    "symbol": "NEE",
    "eps": 0.44,
    "epsEstimated": 0.39,
    "time": "bmo",
    "revenue": 3972000000,
    "revenueEstimated": 3540754285,
    "updatedFromDate": "2025-04-25",
    "fiscalDateEnding": "2017-03-31"
  },
  {
    "date": "2017-01-27",
    "symbol": "NEE",
    "eps": 0.3,
    "epsEstimated": 0.32,
    "time": "bmo",
    "revenue": 3699000000,
    "revenueEstimated": 3973057851,
    "updatedFromDate": "2025-04-25",
    "fiscalDateEnding": "2016-12-31"
  },
  {
    "date": "2016-10-31",
    "symbol": "NEE",
    "eps": 0.44,
    "epsEstimated": 0.42,
    "time": "bmo",
    "revenue": 4805000000,
    "revenueEstimated": 4639310344,
    "updatedFromDate": "2025-04-25",
    "fiscalDateEnding": "2016-09-30"
  },
  {
    "date": "2016-07-27",
    "symbol": "NEE",
    "eps": 0.42,
    "epsEstimated": 0.4,
    "time": "bmo",
    "revenue": 3817000000,
    "revenueEstimated": 3588437125,
    "updatedFromDate": "2025-04-25",
    "fiscalDateEnding": "2016-06-30"
  }
]