[
  {
    "date": "2026-04-21",
    "symbol": "NEM",
    "eps": null,
    "epsEstimated": null,
    "time": "amc",
    "revenue": null,
    "revenueEstimated": null,
    "updatedFromDate": "2025-10-02",
    "fiscalDateEnding": "2026-03-30"
  },
  {
    "date": "2026-02-18",
    "symbol": "NEM",
    "eps": null,
    "epsEstimated": null,
    "time": "amc",
    "revenue": null,
    "revenueEstimated": null,
    "updatedFromDate": "2025-10-02",
    "fiscalDateEnding": "2025-12-30"
  },
  {
    "date": "2025-10-22",
    "symbol": "NEM",
    "eps": null,
    "epsEstimated": 1.27,
    "time": "bmo",
    "revenue": null,
    "revenueEstimated": 5132898010,
    "updatedFromDate": "2025-10-02",
    "fiscalDateEnding": "2025-09-30"
  },
  {
    "date": "2025-07-24",
    "symbol": "NEM",
    "eps": 1.43,
    "epsEstimated": 0.905,
    "time": "amc",
    "revenue": 5275000000,
    "revenueEstimated": 4696130510,
    "updatedFromDate": "2025-10-02",
    "fiscalDateEnding": "2025-06-30"
  },
  {
    "date": "2025-04-23",
    "symbol": "NEM",
    "eps": 1.25,
    "epsEstimated": 0.916,
    "time": "amc",
    "revenue": 5010000000,
    "revenueEstimated": 4702490192,
    "updatedFromDate": "2025-07-22",
    "fiscalDateEnding": "2025-03-31"
  },
  {
    "date": "2025-02-20",
    "symbol": "NEM",
    "eps": 1.4,
    "epsEstimated": 1.11,
    "time": "amc",
    "revenue": 5724000000,
    "revenueEstimated": 5149076573,
    "updatedFromDate": "2025-05-20",
    "fiscalDateEnding": "2024-12-31"
  },
  {
    "date": "2024-10-23",
    "symbol": "NEM",
    "eps": 0.81,
    "epsEstimated": 0.86,
    "time": "amc",
    "revenue": 4600000000,
    "revenueEstimated": 4633560889,
    "updatedFromDate": "2025-04-25",
    "fiscalDateEnding": "2024-09-30"
  },
  {
    "date": "2024-07-24",
    "symbol": "NEM",
    "eps": 0.72,
    "epsEstimated": 0.62,
    "time": "amc",
    "revenue": 4311000000,
    "revenueEstimated": 4132997086,
    "updatedFromDate": "2025-04-25",
    "fiscalDateEnding": "2024-06-30"
  },
  {
    "date": "2024-04-25",
    "symbol": "NEM",
    "eps": 0.55,
    "epsEstimated": 0.3595,
    "time": "bmo",
    "revenue": 4001000000,
    "revenueEstimated": 3660842335,
    "updatedFromDate": "2025-04-25",
    "fiscalDateEnding": "2024-03-31"
  },
  {
    "date": "2024-02-22",
    "symbol": "NEM",
    "eps": 0.5,
    "epsEstimated": 0.51,
    "time": "bmo",
    "revenue": 3957000000,
    "revenueEstimated": 5022860000,
    "updatedFromDate": "2025-04-25",
    "fiscalDateEnding": "2023-12-31"
  },
  {
    "date": "2023-10-26",
    "symbol": "NEM",
    "eps": 0.36,
    "epsEstimated": 0.42,
    "time": "bmo",
    "revenue": 2493000000,
    "revenueEstimated": 4101930000,
    "updatedFromDate": "2025-04-25",
    "fiscalDateEnding": "2023-09-30"
  },
  {
    "date": "2023-07-20",
    "symbol": "NEM",
    "eps": 0.33,
    "epsEstimated": 0.39,
    "time": "bmo",
    "revenue": 2683000000,
    "revenueEstimated": 4256770000,
    "updatedFromDate": "2025-04-25",
    "fiscalDateEnding": "2023-06-30"
  },
  {
    "date": "2023-04-27",
    "symbol": "NEM",
    "eps": 0.4,
    "epsEstimated": 0.33,
    "time": "bmo",
    "revenue": 2679000000,
    "revenueEstimated": 3597260000,
    "updatedFromDate": "2025-04-25",
    "fiscalDateEnding": "2023-03-31"
  },
  {
    "date": "2023-02-23",
    "symbol": "NEM",
    "eps": 0.44,
    "epsEstimated": 0.47,
    "time": "bmo",
    "revenue": 3200000000,
    "revenueEstimated": 3085435881,
    "updatedFromDate": "2025-04-25",
    "fiscalDateEnding": "2022-12-31"
  },
  {
    "date": "2022-11-01",
    "symbol": "NEM",
    "eps": 0.27,
    "epsEstimated": 0.36,
    "time": "bmo",
    "revenue": 2634000000,
    "revenueEstimated": 2846887637,
    "updatedFromDate": "2025-04-25",
    "fiscalDateEnding": "2022-09-30"
  },
  {
    "date": "2022-07-25",
    "symbol": "NEM",
    "eps": 0.46,
    "epsEstimated": 0.63,
    "time": "bmo",
    "revenue": 3058000000,
    "revenueEstimated": 3043866686,
    "updatedFromDate": "2025-04-25",
    "fiscalDateEnding": "2022-06-30"
  },
  {
    "date": "2022-04-22",
    "symbol": "NEM",
    "eps": 0.69,
    "epsEstimated": 0.71,
    "time": "bmo",
    "revenue": 3023000000,
    "revenueEstimated": 3076106056,
    "updatedFromDate": "2025-04-25",
    "fiscalDateEnding": "2022-03-31"
  },
  {
    "date": "2022-02-24",
    "symbol": "NEM",
    "eps": 0.78,
    "epsEstimated": 0.76,
    "time": "bmo",
    "revenue": 3390000000,
    "revenueEstimated": 3346506084,
    "updatedFromDate": "2025-04-25",
    "fiscalDateEnding": "2021-12-31"
  },
  {
    "date": "2021-10-28",
    "symbol": "NEM",
    "eps": 0.6,
    "epsEstimated": 0.71,
    "time": "bmo",
    "revenue": 2895000000,
    "revenueEstimated": 3441670000,
    "updatedFromDate": "2025-04-25",
    "fiscalDateEnding": "2021-09-30"
  },
  {
    "date": "2021-07-22",
    "symbol": "NEM",
    "eps": 0.83,
    "epsEstimated": 0.78,
    "time": "bmo",
    "revenue": 3065000000,
    "revenueEstimated": 3423750000,
    "updatedFromDate": "2025-04-25",
    "fiscalDateEnding": "2021-06-30"
  },
  {
    "date": "2021-04-29",
    "symbol": "NEM",
    "eps": 0.74,
    "epsEstimated": 0.77,
    "time": "bmo",
    "revenue": 2872000000,
    "revenueEstimated": 2983896103,
    "updatedFromDate": "2025-04-25",
    "fiscalDateEnding": "2021-03-31"
  },
  {
    "date": "2021-02-18",
    "symbol": "NEM",
    "eps": 1.06,
    "epsEstimated": 0.95,
    "time": "bmo",
    "revenue": 3381000000,
    "revenueEstimated": 2989515789,
    "updatedFromDate": "2025-04-25",
    "fiscalDateEnding": "2020-12-31"
  },
  {
    "date": "2020-10-29",
    "symbol": "NEM",
    "eps": 0.87,
    "epsEstimated": 0.85,
    "time": "bmo",
    "revenue": 3170000000,
    "revenueEstimated": 3097126436,
    "updatedFromDate": "2025-04-25",
    "fiscalDateEnding": "2020-09-30"
  },
  {
    "date": "2020-07-30",
    "symbol": "NEM",
    "eps": 0.32,
    "epsEstimated": 0.31,
    "time": "bmo",
    "revenue": 2365000000,
    "revenueEstimated": 2291093750,
    "updatedFromDate": "2025-04-25",
    "fiscalDateEnding": "2020-06-30"
  },
  {
    "date": "2020-05-05",
    "symbol": "NEM",
    "eps": 0.4,
    "epsEstimated": 0.43,
    "time": "bmo",
    "revenue": 2581000000,
    "revenueEstimated": 2710049999,
    "updatedFromDate": "2025-04-25",
    "fiscalDateEnding": "2020-03-31"
  },
  {
    "date": "2020-02-20",
    "symbol": "NEM",
    "eps": 0.5,
    "epsEstimated": 0.48,
    "time": "bmo",
    "revenue": 2967000000,
    "revenueEstimated": 2848320000,
    "updatedFromDate": "2025-04-25",
    "fiscalDateEnding": "2019-12-31"
  },
  {
    "date": "2019-11-05",
    "symbol": "NEM",
    "eps": 0.36,
    "epsEstimated": 0.4,
    "time": "bmo",
    "revenue": 2713000000,
    "revenueEstimated": 2939083333,
    "updatedFromDate": "2025-04-25",
    "fiscalDateEnding": "2019-09-30"
  },
  {
    "date": "2019-07-25",
    "symbol": "NEM",
    "eps": 0.12,
    "epsEstimated": 0.23,
    "time": "bmo",
    "revenue": 2257000000,
    "revenueEstimated": 4325916666,
    "updatedFromDate": "2025-04-25",
    "fiscalDateEnding": "2019-06-30"
  },
  {
    "date": "2019-04-25",
    "symbol": "NEM",
    "eps": 0.33,
    "epsEstimated": 0.26,
    "time": "bmo",
    "revenue": 1803000000,
    "revenueEstimated": 1475181818,
    "updatedFromDate": "2025-04-25",
    "fiscalDateEnding": "2019-03-31"
  },
  {
    "date": "2019-02-21",
    "symbol": "NEM",
    "eps": 0.4,
    "epsEstimated": 0.23,
    "time": "bmo",
    "revenue": 2048000000,
    "revenueEstimated": 1280000000,
    "updatedFromDate": "2025-04-25",
    "fiscalDateEnding": "2018-12-31"
  },
  {
    "date": "2018-10-25",
    "symbol": "NEM",
    "eps": 0.33,
    "epsEstimated": 0.22,
    "time": "bmo",
    "revenue": 1726000000,
    "revenueEstimated": 1495147500,
    "updatedFromDate": "2025-04-25",
    "fiscalDateEnding": "2018-09-30"
  },
  {
    "date": "2018-07-26",
    "symbol": "NEM",
    "eps": 0.26,
    "epsEstimated": 0.24,
    "time": "bmo",
    "revenue": 1662000000,
    "revenueEstimated": 1534153846,
    "updatedFromDate": "2025-04-25",
    "fiscalDateEnding": "2018-06-30"
  },
  {
    "date": "2018-04-26",
    "symbol": "NEM",
    "eps": 0.35,
    "epsEstimated": 0.33,
    "time": "bmo",
    "revenue": 1817000000,
    "revenueEstimated": 1713171428,
    "updatedFromDate": "2025-04-25",
    "fiscalDateEnding": "2018-03-31"
  },
  {
    "date": "2018-02-22",
    "symbol": "NEM",
    "eps": 0.4,
    "epsEstimated": 0.4,
    "time": "bmo",
    "revenue": 1935000000,
    "revenueEstimated": 1838250000,
    "updatedFromDate": "2025-04-25",
    "fiscalDateEnding": "2017-12-31"
  },
  {
    "date": "2017-10-26",
    "symbol": "NEM",
    "eps": 0.35,
    "epsEstimated": 0.33,
    "time": "bmo",
    "revenue": 1879000000,
    "revenueEstimated": 1771628571,
    "updatedFromDate": "2025-04-25",
    "fiscalDateEnding": "2017-09-30"
  },
  {
    "date": "2017-07-25",
    "symbol": "NEM",
    "eps": 0.46,
    "epsEstimated": 0.28,
    "time": "bmo",
    "revenue": 1875000000,
    "revenueEstimated": 1606370190,
    "updatedFromDate": "2025-04-25",
    "fiscalDateEnding": "2017-06-30"
  },
  {
    "date": "2017-04-24",
    "symbol": "NEM",
    "eps": 0.25,
    "epsEstimated": 0.23,
    "time": "amc",
    "revenue": 1659000000,
    "revenueEstimated": 1459920000,
    "updatedFromDate": "2025-04-25",
    "fiscalDateEnding": "2017-03-31"
  },
  {
    "date": "2017-02-21",
    "symbol": "NEM",
    "eps": 0.33,
    "epsEstimated": 0.39,
    "time": "amc",
    "revenue": 1789000000,
    "revenueEstimated": 2361480000,
    "updatedFromDate": "2025-04-25",
    "fiscalDateEnding": "2016-12-31"
  },
  {
    "date": "2016-10-26",
    "symbol": "NEM",
    "eps": 0.51,
    "epsEstimated": 0.51,
    "time": "amc",
    "revenue": 1791000000,
    "revenueEstimated": 1755882352,
    "updatedFromDate": "2025-04-25",
    "fiscalDateEnding": "2016-09-30"
  },
  {
    "date": "2016-07-20",
    "symbol": "NEM",
    "eps": 0.44,
    "epsEstimated": 0.28,
    "time": "amc",
    "revenue": 2038000000,
    "revenueEstimated": 1389545454,
    "updatedFromDate": "2025-04-25",
    "fiscalDateEnding": "2016-06-30"
  }
]