[
  {
    "date": "2026-04-15",
    "symbol": "NFLX",
    "eps": null,
    "epsEstimated": null,
    "time": "amc",
    "revenue": null,
    "revenueEstimated": null,
    "updatedFromDate": "2025-10-02",
    "fiscalDateEnding": "2026-03-30"
  },
  {
    "date": "2026-01-19",
    "symbol": "NFLX",
    "eps": null,
    "epsEstimated": null,
    "time": "amc",
    "revenue": null,
    "revenueEstimated": null,
    "updatedFromDate": "2025-10-02",
    "fiscalDateEnding": "2025-12-30"
  },
  {
    "date": "2025-10-21",
    "symbol": "NFLX",
    "eps": null,
    "epsEstimated": 6.88,
    "time": "amc",
    "revenue": null,
    "revenueEstimated": 11522344990,
    "updatedFromDate": "2025-10-02",
    "fiscalDateEnding": "2025-09-30"
  },
  {
    "date": "2025-07-17",
    "symbol": "NFLX",
    "eps": 7.19,
    "epsEstimated": 7.07,
    "time": "amc",
    "revenue": 11079166000,
    "revenueEstimated": 11057365203,
    "updatedFromDate": "2025-10-02",
    "fiscalDateEnding": "2025-06-30"
  },
  {
    "date": "2025-04-17",
    "symbol": "NFLX",
    "eps": 6.61,
    "epsEstimated": 5.67,
    "time": "amc",
    "revenue": 10542801000,
    "revenueEstimated": 10506867221,
    "updatedFromDate": "2025-07-17",
    "fiscalDateEnding": "2025-03-31"
  },
  {
    "date": "2025-01-21",
    "symbol": "NFLX",
    "eps": 4.27,
    "epsEstimated": 4.21,
    "time": "amc",
    "revenue": 10246513000,
    "revenueEstimated": 10108143048,
    "updatedFromDate": "2025-04-25",
    "fiscalDateEnding": "2024-12-31"
  },
  {
    "date": "2024-10-17",
    "symbol": "NFLX",
    "eps": 5.4,
    "epsEstimated": 5.12,
    "time": "amc",
    "revenue": 9824703000,
    "revenueEstimated": 9770546352,
    "updatedFromDate": "2025-04-25",
    "fiscalDateEnding": "2024-09-30"
  },
  {
    "date": "2024-07-18",
    "symbol": "NFLX",
    "eps": 4.88,
    "epsEstimated": 4.74,
    "time": "amc",
    "revenue": 9526009000,
    "revenueEstimated": 9527231650,
    "updatedFromDate": "2025-04-25",
    "fiscalDateEnding": "2024-06-30"
  },
  {
    "date": "2024-04-18",
    "symbol": "NFLX",
    "eps": 5.28,
    "epsEstimated": 4.52,
    "time": "amc",
    "revenue": 9381681000,
    "revenueEstimated": 9276844271,
    "updatedFromDate": "2025-04-25",
    "fiscalDateEnding": "2024-03-31"
  },
  {
    "date": "2024-01-23",
    "symbol": "NFLX",
    "eps": 2.11,
    "epsEstimated": 2.22,
    "time": "amc",
    "revenue": 8832825000,
    "revenueEstimated": 8718570000,
    "updatedFromDate": "2025-04-25",
    "fiscalDateEnding": "2023-12-31"
  },
  {
    "date": "2023-10-18",
    "symbol": "NFLX",
    "eps": 3.73,
    "epsEstimated": 3.49,
    "time": "amc",
    "revenue": 8541668000,
    "revenueEstimated": 8541300000,
    "updatedFromDate": "2025-04-25",
    "fiscalDateEnding": "2023-09-30"
  },
  {
    "date": "2023-07-19",
    "symbol": "NFLX",
    "eps": 3.29,
    "epsEstimated": 2.86,
    "time": "amc",
    "revenue": 8187301000,
    "revenueEstimated": 8295360000,
    "updatedFromDate": "2025-04-25",
    "fiscalDateEnding": "2023-06-30"
  },
  {
    "date": "2023-04-18",
    "symbol": "NFLX",
    "eps": 2.88,
    "epsEstimated": 2.86,
    "time": "amc",
    "revenue": 8161503000,
    "revenueEstimated": 8173790000,
    "updatedFromDate": "2025-04-25",
    "fiscalDateEnding": "2023-03-31"
  },
  {
    "date": "2023-01-19",
    "symbol": "NFLX",
    "eps": 0.12,
    "epsEstimated": 0.45,
    "time": "amc",
    "revenue": 7852053000,
    "revenueEstimated": 7861576156,
    "updatedFromDate": "2025-04-25",
    "fiscalDateEnding": "2022-12-31"
  },
  {
    "date": "2022-10-18",
    "symbol": "NFLX",
    "eps": 3.1,
    "epsEstimated": 2.13,
    "time": "amc",
    "revenue": 7925589000,
    "revenueEstimated": 7838110575,
    "updatedFromDate": "2025-04-25",
    "fiscalDateEnding": "2022-09-30"
  },
  {
    "date": "2022-07-19",
    "symbol": "NFLX",
    "eps": 3.2,
    "epsEstimated": 2.94,
    "time": "amc",
    "revenue": 7970141000,
    "revenueEstimated": 8026263897,
    "updatedFromDate": "2025-04-25",
    "fiscalDateEnding": "2022-06-30"
  },
  {
    "date": "2022-04-19",
    "symbol": "NFLX",
    "eps": 3.53,
    "epsEstimated": 2.89,
    "time": "amc",
    "revenue": 7867767000,
    "revenueEstimated": 7929118675,
    "updatedFromDate": "2025-04-25",
    "fiscalDateEnding": "2022-03-31"
  },
  {
    "date": "2022-01-20",
    "symbol": "NFLX",
    "eps": 1.33,
    "epsEstimated": 0.82,
    "time": "amc",
    "revenue": 7709318000,
    "revenueEstimated": 7935300000,
    "updatedFromDate": "2025-04-25",
    "fiscalDateEnding": "2021-12-31"
  },
  {
    "date": "2021-10-19",
    "symbol": "NFLX",
    "eps": 3.19,
    "epsEstimated": 2.56,
    "time": "amc",
    "revenue": 7483467000,
    "revenueEstimated": 7476910000,
    "updatedFromDate": "2025-04-25",
    "fiscalDateEnding": "2021-09-30"
  },
  {
    "date": "2021-07-20",
    "symbol": "NFLX",
    "eps": 2.97,
    "epsEstimated": 3.16,
    "time": "amc",
    "revenue": 7341777000,
    "revenueEstimated": 7477820000,
    "updatedFromDate": "2025-04-25",
    "fiscalDateEnding": "2021-06-30"
  },
  {
    "date": "2021-04-20",
    "symbol": "NFLX",
    "eps": 3.75,
    "epsEstimated": 2.97,
    "time": "amc",
    "revenue": 7163282000,
    "revenueEstimated": 7135400000,
    "updatedFromDate": "2025-04-25",
    "fiscalDateEnding": "2021-03-31"
  },
  {
    "date": "2021-01-19",
    "symbol": "NFLX",
    "eps": 1.19,
    "epsEstimated": 1.39,
    "time": "amc",
    "revenue": 6644442000,
    "revenueEstimated": 7600476820,
    "updatedFromDate": "2025-04-25",
    "fiscalDateEnding": "2020-12-31"
  },
  {
    "date": "2020-10-20",
    "symbol": "NFLX",
    "eps": 1.74,
    "epsEstimated": 2.14,
    "time": "amc",
    "revenue": 6435637000,
    "revenueEstimated": 7915093781,
    "updatedFromDate": "2025-04-25",
    "fiscalDateEnding": "2020-09-30"
  },
  {
    "date": "2020-07-16",
    "symbol": "NFLX",
    "eps": 1.59,
    "epsEstimated": 1.81,
    "time": "amc",
    "revenue": 6148286000,
    "revenueEstimated": 6998992238,
    "updatedFromDate": "2025-04-25",
    "fiscalDateEnding": "2020-06-30"
  },
  {
    "date": "2020-04-21",
    "symbol": "NFLX",
    "eps": 1.57,
    "epsEstimated": 1.65,
    "time": "amc",
    "revenue": 5767691000,
    "revenueEstimated": 6061586082,
    "updatedFromDate": "2025-04-25",
    "fiscalDateEnding": "2020-03-31"
  },
  {
    "date": "2020-01-21",
    "symbol": "NFLX",
    "eps": 1.3,
    "epsEstimated": 0.53,
    "time": "amc",
    "revenue": 5467434000,
    "revenueEstimated": 2229030784,
    "updatedFromDate": "2025-04-25",
    "fiscalDateEnding": "2019-12-31"
  },
  {
    "date": "2019-10-16",
    "symbol": "NFLX",
    "eps": 1.47,
    "epsEstimated": 1.04,
    "time": "amc",
    "revenue": 5244905000,
    "revenueEstimated": 3710681088,
    "updatedFromDate": "2025-04-25",
    "fiscalDateEnding": "2019-09-30"
  },
  {
    "date": "2019-07-17",
    "symbol": "NFLX",
    "eps": 0.6,
    "epsEstimated": 0.56,
    "time": "amc",
    "revenue": 4923116000,
    "revenueEstimated": 4594908266,
    "updatedFromDate": "2025-04-25",
    "fiscalDateEnding": "2019-06-30"
  },
  {
    "date": "2019-04-16",
    "symbol": "NFLX",
    "eps": 0.76,
    "epsEstimated": 0.57,
    "time": "amc",
    "revenue": 4520992000,
    "revenueEstimated": 3390744000,
    "updatedFromDate": "2025-04-25",
    "fiscalDateEnding": "2019-03-31"
  },
  {
    "date": "2019-01-17",
    "symbol": "NFLX",
    "eps": 0.3,
    "epsEstimated": 0.24,
    "time": "amc",
    "revenue": 4186841000,
    "revenueEstimated": 3349472800,
    "updatedFromDate": "2025-04-25",
    "fiscalDateEnding": "2018-12-31"
  },
  {
    "date": "2018-10-16",
    "symbol": "NFLX",
    "eps": 0.89,
    "epsEstimated": 0.68,
    "time": "amc",
    "revenue": 3999374000,
    "revenueEstimated": 3055701483,
    "updatedFromDate": "2025-04-25",
    "fiscalDateEnding": "2018-09-30"
  },
  {
    "date": "2018-07-16",
    "symbol": "NFLX",
    "eps": 0.85,
    "epsEstimated": 0.79,
    "time": "amc",
    "revenue": 3907270000,
    "revenueEstimated": 3631462705,
    "updatedFromDate": "2025-04-25",
    "fiscalDateEnding": "2018-06-30"
  },
  {
    "date": "2018-04-16",
    "symbol": "NFLX",
    "eps": 0.64,
    "epsEstimated": 0.64,
    "time": "amc",
    "revenue": 3700856000,
    "revenueEstimated": 3700856000,
    "updatedFromDate": "2025-04-25",
    "fiscalDateEnding": "2018-03-31"
  },
  {
    "date": "2018-01-22",
    "symbol": "NFLX",
    "eps": 0.41,
    "epsEstimated": 0.41,
    "time": "amc",
    "revenue": 3285755000,
    "revenueEstimated": 3285755000,
    "updatedFromDate": "2025-04-25",
    "fiscalDateEnding": "2017-12-31"
  },
  {
    "date": "2017-10-16",
    "symbol": "NFLX",
    "eps": 0.29,
    "epsEstimated": 0.32,
    "time": "amc",
    "revenue": 2984859000,
    "revenueEstimated": 3293637517,
    "updatedFromDate": "2025-04-25",
    "fiscalDateEnding": "2017-09-30"
  },
  {
    "date": "2017-07-17",
    "symbol": "NFLX",
    "eps": 0.15,
    "epsEstimated": 0.15,
    "time": "amc",
    "revenue": 2785464000,
    "revenueEstimated": 2785464000,
    "updatedFromDate": "2025-04-25",
    "fiscalDateEnding": "2017-06-30"
  },
  {
    "date": "2017-04-17",
    "symbol": "NFLX",
    "eps": 0.4,
    "epsEstimated": 0.37,
    "time": "amc",
    "revenue": 2636635000,
    "revenueEstimated": 2438887375,
    "updatedFromDate": "2025-04-25",
    "fiscalDateEnding": "2017-03-31"
  },
  {
    "date": "2017-01-18",
    "symbol": "NFLX",
    "eps": 0.15,
    "epsEstimated": 0.13,
    "time": "amc",
    "revenue": 2477541000,
    "revenueEstimated": 2147202200,
    "updatedFromDate": "2025-04-25",
    "fiscalDateEnding": "2016-12-31"
  },
  {
    "date": "2016-10-17",
    "symbol": "NFLX",
    "eps": 0.12,
    "epsEstimated": 0.06,
    "time": "amc",
    "revenue": 2290188000,
    "revenueEstimated": 1145094000,
    "updatedFromDate": "2025-04-25",
    "fiscalDateEnding": "2016-09-30"
  },
  {
    "date": "2016-07-18",
    "symbol": "NFLX",
    "eps": 0.09,
    "epsEstimated": 0.02394,
    "time": "amc",
    "revenue": 2105204000,
    "revenueEstimated": 467823111,
    "updatedFromDate": "2025-04-25",
    "fiscalDateEnding": "2016-06-30"
  }
]