[
  {
    "date": "2026-05-05",
    "symbol": "NI",
    "eps": null,
    "epsEstimated": null,
    "time": "bmo",
    "revenue": null,
    "revenueEstimated": null,
    "updatedFromDate": "2025-10-02",
    "fiscalDateEnding": "2026-03-30"
  },
  {
    "date": "2026-02-10",
    "symbol": "NI",
    "eps": null,
    "epsEstimated": null,
    "time": "bmo",
    "revenue": null,
    "revenueEstimated": null,
    "updatedFromDate": "2025-10-02",
    "fiscalDateEnding": "2025-12-30"
  },
  {
    "date": "2025-10-29",
    "symbol": "NI",
    "eps": null,
    "epsEstimated": 0.17,
    "time": "bmo",
    "revenue": null,
    "revenueEstimated": 983252840,
    "updatedFromDate": "2025-10-02",
    "fiscalDateEnding": "2025-09-30"
  },
  {
    "date": "2025-08-06",
    "symbol": "NI",
    "eps": 0.22,
    "epsEstimated": 0.205,
    "time": "bmo",
    "revenue": 1283000000,
    "revenueEstimated": 1213305169,
    "updatedFromDate": "2025-10-02",
    "fiscalDateEnding": "2025-06-30"
  },
  {
    "date": "2025-05-07",
    "symbol": "NI",
    "eps": 0.98,
    "epsEstimated": 0.896,
    "time": "bmo",
    "revenue": 2183200000,
    "revenueEstimated": 2156783659,
    "updatedFromDate": "2025-08-07",
    "fiscalDateEnding": "2025-03-31"
  },
  {
    "date": "2025-02-12",
    "symbol": "NI",
    "eps": 0.49,
    "epsEstimated": 0.4791,
    "time": "bmo",
    "revenue": 1587800000,
    "revenueEstimated": 1775457814,
    "updatedFromDate": "2025-05-12",
    "fiscalDateEnding": "2024-12-31"
  },
  {
    "date": "2024-10-30",
    "symbol": "NI",
    "eps": 0.2,
    "epsEstimated": 0.16,
    "time": "bmo",
    "revenue": 1076300000,
    "revenueEstimated": 985996641,
    "updatedFromDate": "2025-04-25",
    "fiscalDateEnding": "2024-09-30"
  },
  {
    "date": "2024-08-07",
    "symbol": "NI",
    "eps": 0.21,
    "epsEstimated": 0.17,
    "time": "bmo",
    "revenue": 1084700000,
    "revenueEstimated": 905260838,
    "updatedFromDate": "2025-04-25",
    "fiscalDateEnding": "2024-06-30"
  },
  {
    "date": "2024-05-08",
    "symbol": "NI",
    "eps": 0.85,
    "epsEstimated": 0.83,
    "time": "bmo",
    "revenue": 1706300000,
    "revenueEstimated": 2365494139,
    "updatedFromDate": "2025-04-25",
    "fiscalDateEnding": "2024-03-31"
  },
  {
    "date": "2024-02-21",
    "symbol": "NI",
    "eps": 0.53,
    "epsEstimated": 0.54,
    "time": "bmo",
    "revenue": 1422000000,
    "revenueEstimated": 1694570000,
    "updatedFromDate": "2025-04-25",
    "fiscalDateEnding": "2023-12-31"
  },
  {
    "date": "2023-11-01",
    "symbol": "NI",
    "eps": 0.19,
    "epsEstimated": 0.16,
    "time": "bmo",
    "revenue": 1027400000,
    "revenueEstimated": 1084000000,
    "updatedFromDate": "2025-04-25",
    "fiscalDateEnding": "2023-09-30"
  },
  {
    "date": "2023-08-02",
    "symbol": "NI",
    "eps": 0.11,
    "epsEstimated": 0.11,
    "time": "bmo",
    "revenue": 1090000000,
    "revenueEstimated": 1015210000,
    "updatedFromDate": "2025-04-25",
    "fiscalDateEnding": "2023-06-30"
  },
  {
    "date": "2023-05-03",
    "symbol": "NI",
    "eps": 0.77,
    "epsEstimated": 0.75,
    "time": "bmo",
    "revenue": 1966000000,
    "revenueEstimated": 1866670000,
    "updatedFromDate": "2025-04-25",
    "fiscalDateEnding": "2023-03-31"
  },
  {
    "date": "2023-02-22",
    "symbol": "NI",
    "eps": 0.5,
    "epsEstimated": 0.48,
    "time": "bmo",
    "revenue": 5850600000,
    "revenueEstimated": 1385274033,
    "updatedFromDate": "2025-04-25",
    "fiscalDateEnding": "2022-12-31"
  },
  {
    "date": "2022-11-07",
    "symbol": "NI",
    "eps": 0.1,
    "epsEstimated": 0.11,
    "time": "bmo",
    "revenue": 1089500000,
    "revenueEstimated": 1020622644,
    "updatedFromDate": "2025-04-25",
    "fiscalDateEnding": "2022-09-30"
  },
  {
    "date": "2022-08-03",
    "symbol": "NI",
    "eps": 0.12,
    "epsEstimated": 0.12,
    "time": "bmo",
    "revenue": 1183200000,
    "revenueEstimated": 1059662190,
    "updatedFromDate": "2025-04-25",
    "fiscalDateEnding": "2022-06-30"
  },
  {
    "date": "2022-05-04",
    "symbol": "NI",
    "eps": 0.75,
    "epsEstimated": 0.78,
    "time": "bmo",
    "revenue": 1873300000,
    "revenueEstimated": 1685949761,
    "updatedFromDate": "2025-04-25",
    "fiscalDateEnding": "2022-03-31"
  },
  {
    "date": "2022-02-23",
    "symbol": "NI",
    "eps": 0.39,
    "epsEstimated": 0.36,
    "time": "bmo",
    "revenue": 1408600000,
    "revenueEstimated": 1506398208,
    "updatedFromDate": "2025-04-25",
    "fiscalDateEnding": "2021-12-31"
  },
  {
    "date": "2021-11-03",
    "symbol": "NI",
    "eps": 0.11,
    "epsEstimated": 0.09,
    "time": "bmo",
    "revenue": 959400000,
    "revenueEstimated": 863460000,
    "updatedFromDate": "2025-04-25",
    "fiscalDateEnding": "2021-09-30"
  },
  {
    "date": "2021-08-04",
    "symbol": "NI",
    "eps": 0.13,
    "epsEstimated": 0.13,
    "time": "bmo",
    "revenue": 986000000,
    "revenueEstimated": 986000000,
    "updatedFromDate": "2025-04-25",
    "fiscalDateEnding": "2021-06-30"
  },
  {
    "date": "2021-05-05",
    "symbol": "NI",
    "eps": 0.77,
    "epsEstimated": 0.77,
    "time": "bmo",
    "revenue": 1545600000,
    "revenueEstimated": 1791690000,
    "updatedFromDate": "2025-04-25",
    "fiscalDateEnding": "2021-03-31"
  },
  {
    "date": "2021-02-17",
    "symbol": "NI",
    "eps": 0.34,
    "epsEstimated": 0.32,
    "time": "bmo",
    "revenue": 1211000000,
    "revenueEstimated": 1174303030,
    "updatedFromDate": "2025-04-25",
    "fiscalDateEnding": "2020-12-31"
  },
  {
    "date": "2020-11-02",
    "symbol": "NI",
    "eps": 0.09,
    "epsEstimated": 0.02677,
    "time": "bmo",
    "revenue": 902500000,
    "revenueEstimated": 902500000,
    "updatedFromDate": "2025-04-25",
    "fiscalDateEnding": "2020-09-30"
  },
  {
    "date": "2020-08-05",
    "symbol": "NI",
    "eps": 0.13,
    "epsEstimated": 0.07,
    "time": "bmo",
    "revenue": 962700000,
    "revenueEstimated": 592430769,
    "updatedFromDate": "2025-04-25",
    "fiscalDateEnding": "2020-06-30"
  },
  {
    "date": "2020-05-06",
    "symbol": "NI",
    "eps": 0.76,
    "epsEstimated": 0.8,
    "time": "bmo",
    "revenue": 1605500000,
    "revenueEstimated": 1690000000,
    "updatedFromDate": "2025-04-25",
    "fiscalDateEnding": "2020-03-31"
  },
  {
    "date": "2020-02-26",
    "symbol": "NI",
    "eps": 0.45,
    "epsEstimated": 0.42,
    "time": "bmo",
    "revenue": 1397200000,
    "revenueEstimated": 1335102222,
    "updatedFromDate": "2025-04-25",
    "fiscalDateEnding": "2019-12-31"
  },
  {
    "date": "2019-10-30",
    "symbol": "NI",
    "eps": 0.01764,
    "epsEstimated": null,
    "time": "bmo",
    "revenue": 931500000,
    "revenueEstimated": 2095875000,
    "updatedFromDate": "2025-04-25",
    "fiscalDateEnding": "2019-09-30"
  },
  {
    "date": "2019-07-31",
    "symbol": "NI",
    "eps": 0.05,
    "epsEstimated": 0.05,
    "time": "bmo",
    "revenue": 1010400000,
    "revenueEstimated": 1212480000,
    "updatedFromDate": "2025-04-25",
    "fiscalDateEnding": "2019-06-30"
  },
  {
    "date": "2019-05-01",
    "symbol": "NI",
    "eps": 0.82,
    "epsEstimated": 0.77,
    "time": "bmo",
    "revenue": 1869800000,
    "revenueEstimated": 1755787804,
    "updatedFromDate": "2025-04-25",
    "fiscalDateEnding": "2019-03-31"
  },
  {
    "date": "2019-02-20",
    "symbol": "NI",
    "eps": 0.38,
    "epsEstimated": 0.37,
    "time": "bmo",
    "revenue": 1461700000,
    "revenueEstimated": 1384768421,
    "updatedFromDate": "2025-04-25",
    "fiscalDateEnding": "2018-12-31"
  },
  {
    "date": "2018-11-01",
    "symbol": "NI",
    "eps": 0.1,
    "epsEstimated": 0.06,
    "time": "bmo",
    "revenue": 895000000,
    "revenueEstimated": 738374998,
    "updatedFromDate": "2025-04-25",
    "fiscalDateEnding": "2018-09-30"
  },
  {
    "date": "2018-08-01",
    "symbol": "NI",
    "eps": 0.07,
    "epsEstimated": 0.09,
    "time": "bmo",
    "revenue": 1007000000,
    "revenueEstimated": 1294714285,
    "updatedFromDate": "2025-04-25",
    "fiscalDateEnding": "2018-06-30"
  },
  {
    "date": "2018-05-02",
    "symbol": "NI",
    "eps": 0.77,
    "epsEstimated": 0.76,
    "time": "bmo",
    "revenue": 1750800000,
    "revenueEstimated": 1728062337,
    "updatedFromDate": "2025-04-25",
    "fiscalDateEnding": "2018-03-31"
  },
  {
    "date": "2018-02-20",
    "symbol": "NI",
    "eps": 0.33,
    "epsEstimated": 0.32,
    "time": "bmo",
    "revenue": 1368300000,
    "revenueEstimated": 1326836363,
    "updatedFromDate": "2025-04-25",
    "fiscalDateEnding": "2017-12-31"
  },
  {
    "date": "2017-11-01",
    "symbol": "NI",
    "eps": 0.07,
    "epsEstimated": 0.07,
    "time": "bmo",
    "revenue": 917000000,
    "revenueEstimated": 917000000,
    "updatedFromDate": "2025-04-25",
    "fiscalDateEnding": "2017-09-30"
  },
  {
    "date": "2017-08-02",
    "symbol": "NI",
    "eps": 0.1,
    "epsEstimated": 0.1,
    "time": "bmo",
    "revenue": 990700000,
    "revenueEstimated": 990700000,
    "updatedFromDate": "2025-04-25",
    "fiscalDateEnding": "2017-06-30"
  },
  {
    "date": "2017-05-03",
    "symbol": "NI",
    "eps": 0.71,
    "epsEstimated": 0.67,
    "time": "bmo",
    "revenue": 1598600000,
    "revenueEstimated": 1508538028,
    "updatedFromDate": "2025-04-25",
    "fiscalDateEnding": "2017-03-31"
  },
  {
    "date": "2017-02-22",
    "symbol": "NI",
    "eps": 0.33,
    "epsEstimated": 0.34,
    "time": "bmo",
    "revenue": 1297000000,
    "revenueEstimated": 1336303030,
    "updatedFromDate": "2025-04-25",
    "fiscalDateEnding": "2016-12-31"
  },
  {
    "date": "2016-11-01",
    "symbol": "NI",
    "eps": 0.06,
    "epsEstimated": 0.07,
    "time": "bmo",
    "revenue": 861300000,
    "revenueEstimated": 1004850000,
    "updatedFromDate": "2025-04-25",
    "fiscalDateEnding": "2016-09-30"
  },
  {
    "date": "2016-08-02",
    "symbol": "NI",
    "eps": 0.08,
    "epsEstimated": 0.07,
    "time": "bmo",
    "revenue": 897600000,
    "revenueEstimated": 785400000,
    "updatedFromDate": "2025-04-25",
    "fiscalDateEnding": "2016-06-30"
  }
]