[
  {
    "date": "2026-03-18",
    "symbol": "NKE",
    "eps": null,
    "epsEstimated": null,
    "time": "amc",
    "revenue": null,
    "revenueEstimated": null,
    "updatedFromDate": "2025-10-02",
    "fiscalDateEnding": "2026-02-28"
  },
  {
    "date": "2025-12-18",
    "symbol": "NKE",
    "eps": null,
    "epsEstimated": 0.47,
    "time": "amc",
    "revenue": null,
    "revenueEstimated": 12180808080,
    "updatedFromDate": "2025-10-02",
    "fiscalDateEnding": "2025-11-30"
  },
  {
    "date": "2025-09-30",
    "symbol": "NKE",
    "eps": 0.49,
    "epsEstimated": 0.272,
    "time": "amc",
    "revenue": 11727000000,
    "revenueEstimated": 10989677187,
    "updatedFromDate": "2025-10-02",
    "fiscalDateEnding": "2025-08-31"
  },
  {
    "date": "2025-06-26",
    "symbol": "NKE",
    "eps": 0.14,
    "epsEstimated": 0.1303,
    "time": "amc",
    "revenue": 11097000000,
    "revenueEstimated": 10727885326,
    "updatedFromDate": "2025-09-26",
    "fiscalDateEnding": "2025-05-31"
  },
  {
    "date": "2025-03-20",
    "symbol": "NKE",
    "eps": 0.54,
    "epsEstimated": 0.3007,
    "time": "amc",
    "revenue": 11269000000,
    "revenueEstimated": 11018488493,
    "updatedFromDate": "2025-06-20",
    "fiscalDateEnding": "2025-02-28"
  },
  {
    "date": "2024-12-19",
    "symbol": "NKE",
    "eps": 0.78,
    "epsEstimated": 0.65,
    "time": "amc",
    "revenue": 12354000000,
    "revenueEstimated": 12129917497,
    "updatedFromDate": "2025-04-25",
    "fiscalDateEnding": "2024-11-30"
  },
  {
    "date": "2024-10-01",
    "symbol": "NKE",
    "eps": 0.7,
    "epsEstimated": 0.52,
    "time": "amc",
    "revenue": 11589000000,
    "revenueEstimated": 11643298684,
    "updatedFromDate": "2025-04-25",
    "fiscalDateEnding": "2024-08-31"
  },
  {
    "date": "2024-06-27",
    "symbol": "NKE",
    "eps": 1.01,
    "epsEstimated": 0.83,
    "time": "amc",
    "revenue": 12606000000,
    "revenueEstimated": 12860517405,
    "updatedFromDate": "2025-04-25",
    "fiscalDateEnding": "2024-05-31"
  },
  {
    "date": "2024-03-21",
    "symbol": "NKE",
    "eps": 0.98,
    "epsEstimated": 0.74,
    "time": "amc",
    "revenue": 12429000000,
    "revenueEstimated": 12279541228,
    "updatedFromDate": "2025-04-25",
    "fiscalDateEnding": "2024-02-29"
  },
  {
    "date": "2023-12-21",
    "symbol": "NKE",
    "eps": 1.03,
    "epsEstimated": 0.85,
    "time": "amc",
    "revenue": 13388000000,
    "revenueEstimated": 12323500000,
    "updatedFromDate": "2025-04-25",
    "fiscalDateEnding": "2023-11-30"
  },
  {
    "date": "2023-09-28",
    "symbol": "NKE",
    "eps": 0.94,
    "epsEstimated": 0.75,
    "time": "amc",
    "revenue": 12939000000,
    "revenueEstimated": 12985800000,
    "updatedFromDate": "2025-04-25",
    "fiscalDateEnding": "2023-08-31"
  },
  {
    "date": "2023-06-29",
    "symbol": "NKE",
    "eps": 0.66,
    "epsEstimated": 0.67,
    "time": "amc",
    "revenue": 12825000000,
    "revenueEstimated": 12590100000,
    "updatedFromDate": "2025-04-25",
    "fiscalDateEnding": "2023-05-31"
  },
  {
    "date": "2023-03-21",
    "symbol": "NKE",
    "eps": 0.79,
    "epsEstimated": 0.55,
    "time": "amc",
    "revenue": 12390000000,
    "revenueEstimated": 12568800000,
    "updatedFromDate": "2025-04-25",
    "fiscalDateEnding": "2023-02-28"
  },
  {
    "date": "2022-12-20",
    "symbol": "NKE",
    "eps": 0.85,
    "epsEstimated": 0.64,
    "time": "amc",
    "revenue": 13315000000,
    "revenueEstimated": 12580589431,
    "updatedFromDate": "2025-04-25",
    "fiscalDateEnding": "2022-11-30"
  },
  {
    "date": "2022-09-29",
    "symbol": "NKE",
    "eps": 0.93,
    "epsEstimated": 0.92,
    "time": "amc",
    "revenue": 12687000000,
    "revenueEstimated": 12279605947,
    "updatedFromDate": "2025-04-25",
    "fiscalDateEnding": "2022-08-31"
  },
  {
    "date": "2022-06-27",
    "symbol": "NKE",
    "eps": 0.9,
    "epsEstimated": 0.81,
    "time": "amc",
    "revenue": 12234000000,
    "revenueEstimated": 12060723772,
    "updatedFromDate": "2025-04-25",
    "fiscalDateEnding": "2022-05-31"
  },
  {
    "date": "2022-03-21",
    "symbol": "NKE",
    "eps": 0.87,
    "epsEstimated": 0.71,
    "time": "amc",
    "revenue": 10871000000,
    "revenueEstimated": 10597762593,
    "updatedFromDate": "2025-04-25",
    "fiscalDateEnding": "2022-02-28"
  },
  {
    "date": "2021-12-20",
    "symbol": "NKE",
    "eps": 0.83,
    "epsEstimated": 0.63,
    "time": "amc",
    "revenue": 11357000000,
    "revenueEstimated": 10622500000,
    "updatedFromDate": "2025-04-25",
    "fiscalDateEnding": "2021-11-30"
  },
  {
    "date": "2021-09-23",
    "symbol": "NKE",
    "eps": 1.16,
    "epsEstimated": 1.11,
    "time": "amc",
    "revenue": 12248000000,
    "revenueEstimated": 11810571428,
    "updatedFromDate": "2025-04-25",
    "fiscalDateEnding": "2021-08-31"
  },
  {
    "date": "2021-06-24",
    "symbol": "NKE",
    "eps": 0.93,
    "epsEstimated": 0.51,
    "time": "amc",
    "revenue": 12344000000,
    "revenueEstimated": 12130702939,
    "updatedFromDate": "2025-04-25",
    "fiscalDateEnding": "2021-05-31"
  },
  {
    "date": "2021-03-18",
    "symbol": "NKE",
    "eps": 0.9,
    "epsEstimated": 0.76,
    "time": "amc",
    "revenue": 10357000000,
    "revenueEstimated": 8449131578,
    "updatedFromDate": "2025-04-25",
    "fiscalDateEnding": "2021-02-28"
  },
  {
    "date": "2020-12-18",
    "symbol": "NKE",
    "eps": 0.78,
    "epsEstimated": 0.62,
    "time": "amc",
    "revenue": 11243000000,
    "revenueEstimated": 8566095238,
    "updatedFromDate": "2025-04-25",
    "fiscalDateEnding": "2020-11-30"
  },
  {
    "date": "2020-09-22",
    "symbol": "NKE",
    "eps": 0.95,
    "epsEstimated": 0.47,
    "time": "amc",
    "revenue": 10594000000,
    "revenueEstimated": 9531826438,
    "updatedFromDate": "2025-04-25",
    "fiscalDateEnding": "2020-08-31"
  },
  {
    "date": "2020-06-25",
    "symbol": "NKE",
    "eps": -0.51,
    "epsEstimated": -0.05283,
    "time": "amc",
    "revenue": 6313000000,
    "revenueEstimated": 866490196,
    "updatedFromDate": "2025-04-25",
    "fiscalDateEnding": "2020-05-31"
  },
  {
    "date": "2020-03-24",
    "symbol": "NKE",
    "eps": 0.78,
    "epsEstimated": 0.54,
    "time": "amc",
    "revenue": 10104000000,
    "revenueEstimated": 11247849056,
    "updatedFromDate": "2025-04-25",
    "fiscalDateEnding": "2020-02-29"
  },
  {
    "date": "2019-12-19",
    "symbol": "NKE",
    "eps": 0.7,
    "epsEstimated": 0.58,
    "time": "amc",
    "revenue": 10326000000,
    "revenueEstimated": 8189586206,
    "updatedFromDate": "2025-04-25",
    "fiscalDateEnding": "2019-11-30"
  },
  {
    "date": "2019-09-24",
    "symbol": "NKE",
    "eps": 0.86,
    "epsEstimated": 0.7,
    "time": "amc",
    "revenue": 10660000000,
    "revenueEstimated": 8676744186,
    "updatedFromDate": "2025-04-25",
    "fiscalDateEnding": "2019-08-31"
  },
  {
    "date": "2019-06-27",
    "symbol": "NKE",
    "eps": 0.62,
    "epsEstimated": 0.66,
    "time": "amc",
    "revenue": 10184000000,
    "revenueEstimated": 10841032258,
    "updatedFromDate": "2025-04-25",
    "fiscalDateEnding": "2019-05-31"
  },
  {
    "date": "2019-03-21",
    "symbol": "NKE",
    "eps": 0.68,
    "epsEstimated": 0.65,
    "time": "amc",
    "revenue": 9611000000,
    "revenueEstimated": 9186985294,
    "updatedFromDate": "2025-04-25",
    "fiscalDateEnding": "2019-02-28"
  },
  {
    "date": "2018-12-20",
    "symbol": "NKE",
    "eps": 0.52,
    "epsEstimated": 0.46,
    "time": "amc",
    "revenue": 9374000000,
    "revenueEstimated": 8151304347,
    "updatedFromDate": "2025-04-25",
    "fiscalDateEnding": "2018-11-30"
  },
  {
    "date": "2018-09-25",
    "symbol": "NKE",
    "eps": 0.67,
    "epsEstimated": 0.63,
    "time": "amc",
    "revenue": 9948000000,
    "revenueEstimated": 9354089552,
    "updatedFromDate": "2025-04-25",
    "fiscalDateEnding": "2018-08-31"
  },
  {
    "date": "2018-06-28",
    "symbol": "NKE",
    "eps": 0.69,
    "epsEstimated": 0.64,
    "time": "amc",
    "revenue": 9789000000,
    "revenueEstimated": 9079652173,
    "updatedFromDate": "2025-04-25",
    "fiscalDateEnding": "2018-05-31"
  },
  {
    "date": "2018-03-22",
    "symbol": "NKE",
    "eps": 0.68,
    "epsEstimated": 0.52,
    "time": "amc",
    "revenue": 8984000000,
    "revenueEstimated": 7002235294,
    "updatedFromDate": "2025-04-25",
    "fiscalDateEnding": "2018-02-28"
  },
  {
    "date": "2017-12-21",
    "symbol": "NKE",
    "eps": 0.46,
    "epsEstimated": 0.4,
    "time": "amc",
    "revenue": 8554000000,
    "revenueEstimated": 7270900000,
    "updatedFromDate": "2025-04-25",
    "fiscalDateEnding": "2017-11-30"
  },
  {
    "date": "2017-09-26",
    "symbol": "NKE",
    "eps": 0.57,
    "epsEstimated": 0.48,
    "time": "amc",
    "revenue": 9070000000,
    "revenueEstimated": 7637894736,
    "updatedFromDate": "2025-04-25",
    "fiscalDateEnding": "2017-08-31"
  },
  {
    "date": "2017-06-29",
    "symbol": "NKE",
    "eps": 0.6,
    "epsEstimated": 0.5,
    "time": "amc",
    "revenue": 8677000000,
    "revenueEstimated": 7230833333,
    "updatedFromDate": "2025-04-25",
    "fiscalDateEnding": "2017-05-31"
  },
  {
    "date": "2017-03-21",
    "symbol": "NKE",
    "eps": 0.68,
    "epsEstimated": 0.53,
    "time": "amc",
    "revenue": 8432000000,
    "revenueEstimated": 6572000000,
    "updatedFromDate": "2025-04-25",
    "fiscalDateEnding": "2017-02-28"
  },
  {
    "date": "2016-12-20",
    "symbol": "NKE",
    "eps": 0.5,
    "epsEstimated": 0.43,
    "time": "amc",
    "revenue": 8180000000,
    "revenueEstimated": 6848372093,
    "updatedFromDate": "2025-04-25",
    "fiscalDateEnding": "2016-11-30"
  },
  {
    "date": "2016-09-27",
    "symbol": "NKE",
    "eps": 0.73,
    "epsEstimated": 0.56,
    "time": "amc",
    "revenue": 9061000000,
    "revenueEstimated": 6950904109,
    "updatedFromDate": "2025-04-25",
    "fiscalDateEnding": "2016-08-31"
  },
  {
    "date": "2016-06-28",
    "symbol": "NKE",
    "eps": 0.49,
    "epsEstimated": 0.48,
    "time": "amc",
    "revenue": 8244000000,
    "revenueEstimated": 8075755102,
    "updatedFromDate": "2025-04-25",
    "fiscalDateEnding": "2016-05-31"
  }
]