[
  {
    "date": "2026-04-20",
    "symbol": "NOC",
    "eps": null,
    "epsEstimated": null,
    "time": "bmo",
    "revenue": null,
    "revenueEstimated": null,
    "updatedFromDate": "2025-10-02",
    "fiscalDateEnding": "2026-03-30"
  },
  {
    "date": "2026-01-28",
    "symbol": "NOC",
    "eps": null,
    "epsEstimated": null,
    "time": "bmo",
    "revenue": null,
    "revenueEstimated": null,
    "updatedFromDate": "2025-10-02",
    "fiscalDateEnding": "2025-12-30"
  },
  {
    "date": "2025-10-21",
    "symbol": "NOC",
    "eps": null,
    "epsEstimated": 6.43,
    "time": "bmo",
    "revenue": null,
    "revenueEstimated": 10679186860,
    "updatedFromDate": "2025-10-02",
    "fiscalDateEnding": "2025-09-30"
  },
  {
    "date": "2025-07-22",
    "symbol": "NOC",
    "eps": 7.11,
    "epsEstimated": 6.92,
    "time": "bmo",
    "revenue": 10351000000,
    "revenueEstimated": 10062866806,
    "updatedFromDate": "2025-10-02",
    "fiscalDateEnding": "2025-06-30"
  },
  {
    "date": "2025-04-22",
    "symbol": "NOC",
    "eps": 6.06,
    "epsEstimated": 6.24,
    "time": "bmo",
    "revenue": 9468000000,
    "revenueEstimated": 9921593909,
    "updatedFromDate": "2025-07-22",
    "fiscalDateEnding": "2025-03-31"
  },
  {
    "date": "2025-01-30",
    "symbol": "NOC",
    "eps": 6.39,
    "epsEstimated": 6.35,
    "time": "bmo",
    "revenue": 10686000000,
    "revenueEstimated": 10965588085,
    "updatedFromDate": "2025-04-30",
    "fiscalDateEnding": "2024-12-31"
  },
  {
    "date": "2024-10-24",
    "symbol": "NOC",
    "eps": 7,
    "epsEstimated": 6.07,
    "time": "bmo",
    "revenue": 9996000000,
    "revenueEstimated": 10184601268,
    "updatedFromDate": "2025-04-20",
    "fiscalDateEnding": "2024-09-30"
  },
  {
    "date": "2024-07-25",
    "symbol": "NOC",
    "eps": 6.36,
    "epsEstimated": 5.93,
    "time": "bmo",
    "revenue": 10218000000,
    "revenueEstimated": 10017217081,
    "updatedFromDate": "2025-04-20",
    "fiscalDateEnding": "2024-06-30"
  },
  {
    "date": "2024-04-25",
    "symbol": "NOC",
    "eps": 6.32,
    "epsEstimated": 5.79,
    "time": "bmo",
    "revenue": 10133000000,
    "revenueEstimated": 9765096545,
    "updatedFromDate": "2025-04-20",
    "fiscalDateEnding": "2024-03-31"
  },
  {
    "date": "2024-01-25",
    "symbol": "NOC",
    "eps": 6.27,
    "epsEstimated": 5.75,
    "time": "bmo",
    "revenue": 10638000000,
    "revenueEstimated": 10438600000,
    "updatedFromDate": "2025-04-20",
    "fiscalDateEnding": "2023-12-31"
  },
  {
    "date": "2023-10-26",
    "symbol": "NOC",
    "eps": 6.18,
    "epsEstimated": 5.81,
    "time": "bmo",
    "revenue": 9775000000,
    "revenueEstimated": 9581370000,
    "updatedFromDate": "2025-04-20",
    "fiscalDateEnding": "2023-09-30"
  },
  {
    "date": "2023-07-27",
    "symbol": "NOC",
    "eps": 5.34,
    "epsEstimated": 5.33,
    "time": "bmo",
    "revenue": 9576000000,
    "revenueEstimated": 9353990000,
    "updatedFromDate": "2025-04-20",
    "fiscalDateEnding": "2023-06-30"
  },
  {
    "date": "2023-04-27",
    "symbol": "NOC",
    "eps": 5.5,
    "epsEstimated": 5.09,
    "time": "bmo",
    "revenue": 9301000000,
    "revenueEstimated": 9173260000,
    "updatedFromDate": "2025-04-20",
    "fiscalDateEnding": "2023-03-31"
  },
  {
    "date": "2023-01-26",
    "symbol": "NOC",
    "eps": 7.5,
    "epsEstimated": 6.6,
    "time": "bmo",
    "revenue": 10033000000,
    "revenueEstimated": 9665409927,
    "updatedFromDate": "2025-04-20",
    "fiscalDateEnding": "2022-12-31"
  },
  {
    "date": "2022-10-27",
    "symbol": "NOC",
    "eps": 5.89,
    "epsEstimated": 6.11,
    "time": "bmo",
    "revenue": 8971000000,
    "revenueEstimated": 9127799576,
    "updatedFromDate": "2025-04-20",
    "fiscalDateEnding": "2022-09-30"
  },
  {
    "date": "2022-07-28",
    "symbol": "NOC",
    "eps": 6.39,
    "epsEstimated": 6.1,
    "time": "bmo",
    "revenue": 8801000000,
    "revenueEstimated": 9071946897,
    "updatedFromDate": "2025-04-20",
    "fiscalDateEnding": "2022-06-30"
  },
  {
    "date": "2022-04-28",
    "symbol": "NOC",
    "eps": 6.1,
    "epsEstimated": 5.96,
    "time": "bmo",
    "revenue": 8797000000,
    "revenueEstimated": 8876503888,
    "updatedFromDate": "2025-04-20",
    "fiscalDateEnding": "2022-03-31"
  },
  {
    "date": "2022-01-27",
    "symbol": "NOC",
    "eps": 6,
    "epsEstimated": 5.95,
    "time": "bmo",
    "revenue": 8639000000,
    "revenueEstimated": 8927280000,
    "updatedFromDate": "2025-04-20",
    "fiscalDateEnding": "2021-12-31"
  },
  {
    "date": "2021-10-28",
    "symbol": "NOC",
    "eps": 6.63,
    "epsEstimated": 5.99,
    "time": "bmo",
    "revenue": 8720000000,
    "revenueEstimated": 8945140000,
    "updatedFromDate": "2025-04-20",
    "fiscalDateEnding": "2021-09-30"
  },
  {
    "date": "2021-07-29",
    "symbol": "NOC",
    "eps": 6.42,
    "epsEstimated": 5.84,
    "time": "bmo",
    "revenue": 9151000000,
    "revenueEstimated": 8769130000,
    "updatedFromDate": "2025-04-20",
    "fiscalDateEnding": "2021-06-30"
  },
  {
    "date": "2021-04-29",
    "symbol": "NOC",
    "eps": 6.57,
    "epsEstimated": 5.48,
    "time": "bmo",
    "revenue": 9157000000,
    "revenueEstimated": 8491830000,
    "updatedFromDate": "2025-04-20",
    "fiscalDateEnding": "2021-03-31"
  },
  {
    "date": "2021-01-28",
    "symbol": "NOC",
    "eps": 6.59,
    "epsEstimated": 5.7,
    "time": "bmo",
    "revenue": 10212000000,
    "revenueEstimated": 8740479166,
    "updatedFromDate": "2025-04-20",
    "fiscalDateEnding": "2020-12-31"
  },
  {
    "date": "2020-10-22",
    "symbol": "NOC",
    "eps": 5.89,
    "epsEstimated": 5.62,
    "time": "bmo",
    "revenue": 9083000000,
    "revenueEstimated": 8666631578,
    "updatedFromDate": "2025-04-20",
    "fiscalDateEnding": "2020-09-30"
  },
  {
    "date": "2020-07-30",
    "symbol": "NOC",
    "eps": 6.01,
    "epsEstimated": 5.32,
    "time": "bmo",
    "revenue": 8884000000,
    "revenueEstimated": 7864039933,
    "updatedFromDate": "2025-04-20",
    "fiscalDateEnding": "2020-06-30"
  },
  {
    "date": "2020-04-29",
    "symbol": "NOC",
    "eps": 5.48,
    "epsEstimated": 5.51,
    "time": "bmo",
    "revenue": 8620000000,
    "revenueEstimated": 9222563106,
    "updatedFromDate": "2025-04-20",
    "fiscalDateEnding": "2020-03-31"
  },
  {
    "date": "2020-01-30",
    "symbol": "NOC",
    "eps": 5.61,
    "epsEstimated": 4.78,
    "time": "bmo",
    "revenue": 8721000000,
    "revenueEstimated": 7415181818,
    "updatedFromDate": "2025-04-20",
    "fiscalDateEnding": "2019-12-31"
  },
  {
    "date": "2019-10-24",
    "symbol": "NOC",
    "eps": 5.49,
    "epsEstimated": 4.77,
    "time": "bmo",
    "revenue": 8475000000,
    "revenueEstimated": 7363524590,
    "updatedFromDate": "2025-04-20",
    "fiscalDateEnding": "2019-09-30"
  },
  {
    "date": "2019-07-24",
    "symbol": "NOC",
    "eps": 5.06,
    "epsEstimated": 4.68,
    "time": "bmo",
    "revenue": 8456000000,
    "revenueEstimated": 7820964426,
    "updatedFromDate": "2025-04-20",
    "fiscalDateEnding": "2019-06-30"
  },
  {
    "date": "2019-04-24",
    "symbol": "NOC",
    "eps": 5.06,
    "epsEstimated": 4.59,
    "time": "bmo",
    "revenue": 8189000000,
    "revenueEstimated": 7428361660,
    "updatedFromDate": "2025-04-20",
    "fiscalDateEnding": "2019-03-31"
  },
  {
    "date": "2019-01-31",
    "symbol": "NOC",
    "eps": 4.93,
    "epsEstimated": 4.32,
    "time": "bmo",
    "revenue": 8156000000,
    "revenueEstimated": 7146839756,
    "updatedFromDate": "2025-04-20",
    "fiscalDateEnding": "2018-12-31"
  },
  {
    "date": "2018-10-24",
    "symbol": "NOC",
    "eps": 5.8,
    "epsEstimated": 4.37,
    "time": "bmo",
    "revenue": 8085000000,
    "revenueEstimated": 5402362385,
    "updatedFromDate": "2025-04-20",
    "fiscalDateEnding": "2018-09-30"
  },
  {
    "date": "2018-07-25",
    "symbol": "NOC",
    "eps": 3.93,
    "epsEstimated": 3.83,
    "time": "bmo",
    "revenue": 7119000000,
    "revenueEstimated": 6955969465,
    "updatedFromDate": "2025-04-20",
    "fiscalDateEnding": "2018-06-30"
  },
  {
    "date": "2018-04-25",
    "symbol": "NOC",
    "eps": 4.21,
    "epsEstimated": 3.61,
    "time": "bmo",
    "revenue": 6735000000,
    "revenueEstimated": 5775142517,
    "updatedFromDate": "2025-04-20",
    "fiscalDateEnding": "2018-03-31"
  },
  {
    "date": "2018-01-25",
    "symbol": "NOC",
    "eps": 2.82,
    "epsEstimated": 2.75,
    "time": "bmo",
    "revenue": 6634000000,
    "revenueEstimated": 6366127659,
    "updatedFromDate": "2025-04-20",
    "fiscalDateEnding": "2017-12-31"
  },
  {
    "date": "2017-10-25",
    "symbol": "NOC",
    "eps": 3.42,
    "epsEstimated": 2.92,
    "time": "bmo",
    "revenue": 6527000000,
    "revenueEstimated": 5212358695,
    "updatedFromDate": "2025-04-20",
    "fiscalDateEnding": "2017-09-30"
  },
  {
    "date": "2017-07-26",
    "symbol": "NOC",
    "eps": 3.15,
    "epsEstimated": 2.87,
    "time": "bmo",
    "revenue": 6375000000,
    "revenueEstimated": 5897622222,
    "updatedFromDate": "2025-04-20",
    "fiscalDateEnding": "2017-06-30"
  },
  {
    "date": "2017-04-26",
    "symbol": "NOC",
    "eps": 3.63,
    "epsEstimated": 2.93,
    "time": "bmo",
    "revenue": 6267000000,
    "revenueEstimated": 5173911845,
    "updatedFromDate": "2025-04-20",
    "fiscalDateEnding": "2017-03-31"
  },
  {
    "date": "2017-01-26",
    "symbol": "NOC",
    "eps": 2.96,
    "epsEstimated": 2.49,
    "time": "bmo",
    "revenue": 6397000000,
    "revenueEstimated": 5381260135,
    "updatedFromDate": "2025-04-20",
    "fiscalDateEnding": "2016-12-31"
  },
  {
    "date": "2016-10-26",
    "symbol": "NOC",
    "eps": 2.92,
    "epsEstimated": 2.81,
    "time": "bmo",
    "revenue": 6155000000,
    "revenueEstimated": 5162850746,
    "updatedFromDate": "2025-04-20",
    "fiscalDateEnding": "2016-09-30"
  },
  {
    "date": "2016-07-27",
    "symbol": "NOC",
    "eps": 2.85,
    "epsEstimated": 2.53,
    "time": "bmo",
    "revenue": 6000000000,
    "revenueEstimated": 5326315789,
    "updatedFromDate": "2025-04-20",
    "fiscalDateEnding": "2016-06-30"
  }
]