[
  {
    "date": "2026-04-21",
    "symbol": "NOW",
    "eps": null,
    "epsEstimated": null,
    "time": "amc",
    "revenue": null,
    "revenueEstimated": null,
    "updatedFromDate": "2025-10-02",
    "fiscalDateEnding": "2026-03-30"
  },
  {
    "date": "2026-01-27",
    "symbol": "NOW",
    "eps": null,
    "epsEstimated": null,
    "time": "amc",
    "revenue": null,
    "revenueEstimated": null,
    "updatedFromDate": "2025-10-02",
    "fiscalDateEnding": "2025-12-30"
  },
  {
    "date": "2025-10-22",
    "symbol": "NOW",
    "eps": null,
    "epsEstimated": 4.21,
    "time": "bmo",
    "revenue": null,
    "revenueEstimated": 3354217140,
    "updatedFromDate": "2025-10-02",
    "fiscalDateEnding": "2025-09-30"
  },
  {
    "date": "2025-07-23",
    "symbol": "NOW",
    "eps": 4.09,
    "epsEstimated": 3.57,
    "time": "amc",
    "revenue": 3215000000,
    "revenueEstimated": 3120450850,
    "updatedFromDate": "2025-10-02",
    "fiscalDateEnding": "2025-06-30"
  },
  {
    "date": "2025-04-23",
    "symbol": "NOW",
    "eps": 4.04,
    "epsEstimated": 3.83,
    "time": "amc",
    "revenue": 3088000000,
    "revenueEstimated": 3083239432,
    "updatedFromDate": "2025-07-21",
    "fiscalDateEnding": "2025-03-31"
  },
  {
    "date": "2025-01-29",
    "symbol": "NOW",
    "eps": 3.67,
    "epsEstimated": 3.65,
    "time": "amc",
    "revenue": 2957000000,
    "revenueEstimated": 2963305321,
    "updatedFromDate": "2025-04-25",
    "fiscalDateEnding": "2024-12-31"
  },
  {
    "date": "2024-10-23",
    "symbol": "NOW",
    "eps": 3.72,
    "epsEstimated": 3.45,
    "time": "amc",
    "revenue": 2797000000,
    "revenueEstimated": 2745530127,
    "updatedFromDate": "2025-04-25",
    "fiscalDateEnding": "2024-09-30"
  },
  {
    "date": "2024-07-24",
    "symbol": "NOW",
    "eps": 3.13,
    "epsEstimated": 2.83,
    "time": "amc",
    "revenue": 2627000000,
    "revenueEstimated": 2606801917,
    "updatedFromDate": "2025-04-25",
    "fiscalDateEnding": "2024-06-30"
  },
  {
    "date": "2024-04-24",
    "symbol": "NOW",
    "eps": 3.41,
    "epsEstimated": 3.14,
    "time": "amc",
    "revenue": 2603000000,
    "revenueEstimated": 2588085530,
    "updatedFromDate": "2025-04-25",
    "fiscalDateEnding": "2024-03-31"
  },
  {
    "date": "2024-01-24",
    "symbol": "NOW",
    "eps": 3.11,
    "epsEstimated": 2.77,
    "time": "amc",
    "revenue": 2437000000,
    "revenueEstimated": 2398380000,
    "updatedFromDate": "2025-04-25",
    "fiscalDateEnding": "2023-12-31"
  },
  {
    "date": "2023-10-25",
    "symbol": "NOW",
    "eps": 2.92,
    "epsEstimated": 2.55,
    "time": "amc",
    "revenue": 2288000000,
    "revenueEstimated": 2270750000,
    "updatedFromDate": "2025-04-25",
    "fiscalDateEnding": "2023-09-30"
  },
  {
    "date": "2023-07-26",
    "symbol": "NOW",
    "eps": 2.37,
    "epsEstimated": 2.05,
    "time": "amc",
    "revenue": 2150000000,
    "revenueEstimated": 2126690000,
    "updatedFromDate": "2025-04-25",
    "fiscalDateEnding": "2023-06-30"
  },
  {
    "date": "2023-04-26",
    "symbol": "NOW",
    "eps": 2.37,
    "epsEstimated": 2.04,
    "time": "amc",
    "revenue": 2096000000,
    "revenueEstimated": 2083810000,
    "updatedFromDate": "2025-04-25",
    "fiscalDateEnding": "2023-03-31"
  },
  {
    "date": "2023-01-25",
    "symbol": "NOW",
    "eps": 2.28,
    "epsEstimated": 2.01,
    "time": "amc",
    "revenue": 1940000000,
    "revenueEstimated": 1938341582,
    "updatedFromDate": "2025-04-25",
    "fiscalDateEnding": "2022-12-31"
  },
  {
    "date": "2022-10-26",
    "symbol": "NOW",
    "eps": 1.96,
    "epsEstimated": 1.85,
    "time": "amc",
    "revenue": 1831000000,
    "revenueEstimated": 1851245022,
    "updatedFromDate": "2025-04-25",
    "fiscalDateEnding": "2022-09-30"
  },
  {
    "date": "2022-07-27",
    "symbol": "NOW",
    "eps": 1.62,
    "epsEstimated": 1.53,
    "time": "amc",
    "revenue": 1752000000,
    "revenueEstimated": 1761428117,
    "updatedFromDate": "2025-04-25",
    "fiscalDateEnding": "2022-06-30"
  },
  {
    "date": "2022-04-27",
    "symbol": "NOW",
    "eps": 1.73,
    "epsEstimated": 1.69,
    "time": "amc",
    "revenue": 1722000000,
    "revenueEstimated": 1698235152,
    "updatedFromDate": "2025-04-25",
    "fiscalDateEnding": "2022-03-31"
  },
  {
    "date": "2022-01-26",
    "symbol": "NOW",
    "eps": 1.46,
    "epsEstimated": 1.43,
    "time": "amc",
    "revenue": 1614000000,
    "revenueEstimated": 1599710000,
    "updatedFromDate": "2025-04-25",
    "fiscalDateEnding": "2021-12-31"
  },
  {
    "date": "2021-10-27",
    "symbol": "NOW",
    "eps": 1.55,
    "epsEstimated": 1.39,
    "time": "amc",
    "revenue": 1512000000,
    "revenueEstimated": 1473310000,
    "updatedFromDate": "2025-04-25",
    "fiscalDateEnding": "2021-09-30"
  },
  {
    "date": "2021-07-28",
    "symbol": "NOW",
    "eps": 1.42,
    "epsEstimated": 1.2,
    "time": "amc",
    "revenue": 1409000000,
    "revenueEstimated": 1359910000,
    "updatedFromDate": "2025-04-25",
    "fiscalDateEnding": "2021-06-30"
  },
  {
    "date": "2021-04-28",
    "symbol": "NOW",
    "eps": 1.52,
    "epsEstimated": 1.34,
    "time": "amc",
    "revenue": 1360000000,
    "revenueEstimated": 1336070000,
    "updatedFromDate": "2025-04-25",
    "fiscalDateEnding": "2021-03-31"
  },
  {
    "date": "2021-01-27",
    "symbol": "NOW",
    "eps": 1.17,
    "epsEstimated": 1.06,
    "time": "amc",
    "revenue": 1250330000,
    "revenueEstimated": 1107435142,
    "updatedFromDate": "2025-04-25",
    "fiscalDateEnding": "2020-12-31"
  },
  {
    "date": "2020-10-28",
    "symbol": "NOW",
    "eps": 1.21,
    "epsEstimated": 1.03,
    "time": "amc",
    "revenue": 1151972000,
    "revenueEstimated": 980604264,
    "updatedFromDate": "2025-04-25",
    "fiscalDateEnding": "2020-09-30"
  },
  {
    "date": "2020-07-29",
    "symbol": "NOW",
    "eps": 1.23,
    "epsEstimated": 1.02,
    "time": "amc",
    "revenue": 1070842000,
    "revenueEstimated": 879309284,
    "updatedFromDate": "2025-04-25",
    "fiscalDateEnding": "2020-06-30"
  },
  {
    "date": "2020-04-29",
    "symbol": "NOW",
    "eps": 1.05,
    "epsEstimated": 0.96,
    "time": "amc",
    "revenue": 1046340000,
    "revenueEstimated": 946688571,
    "updatedFromDate": "2025-04-25",
    "fiscalDateEnding": "2020-03-31"
  },
  {
    "date": "2020-01-29",
    "symbol": "NOW",
    "eps": 0.96,
    "epsEstimated": 0.88,
    "time": "amc",
    "revenue": 951774000,
    "revenueEstimated": 862545187,
    "updatedFromDate": "2025-04-25",
    "fiscalDateEnding": "2019-12-31"
  },
  {
    "date": "2019-10-23",
    "symbol": "NOW",
    "eps": 0.99,
    "epsEstimated": 0.89,
    "time": "amc",
    "revenue": 885833000,
    "revenueEstimated": 796354919,
    "updatedFromDate": "2025-04-25",
    "fiscalDateEnding": "2019-09-30"
  },
  {
    "date": "2019-07-24",
    "symbol": "NOW",
    "eps": 0.71,
    "epsEstimated": 0.64,
    "time": "amc",
    "revenue": 833904000,
    "revenueEstimated": 739942985,
    "updatedFromDate": "2025-04-25",
    "fiscalDateEnding": "2019-06-30"
  },
  {
    "date": "2019-04-24",
    "symbol": "NOW",
    "eps": 0.67,
    "epsEstimated": 0.54,
    "time": "amc",
    "revenue": 788926000,
    "revenueEstimated": 635850805,
    "updatedFromDate": "2025-04-25",
    "fiscalDateEnding": "2019-03-31"
  },
  {
    "date": "2019-01-30",
    "symbol": "NOW",
    "eps": 0.77,
    "epsEstimated": 0.64,
    "time": "amc",
    "revenue": 715441000,
    "revenueEstimated": 594618181,
    "updatedFromDate": "2025-04-25",
    "fiscalDateEnding": "2018-12-31"
  },
  {
    "date": "2018-10-24",
    "symbol": "NOW",
    "eps": 0.68,
    "epsEstimated": 0.6,
    "time": "amc",
    "revenue": 673097000,
    "revenueEstimated": 593911764,
    "updatedFromDate": "2025-04-25",
    "fiscalDateEnding": "2018-09-30"
  },
  {
    "date": "2018-07-25",
    "symbol": "NOW",
    "eps": 0.49,
    "epsEstimated": 0.43,
    "time": "amc",
    "revenue": 631056000,
    "revenueEstimated": 553822448,
    "updatedFromDate": "2025-04-25",
    "fiscalDateEnding": "2018-06-30"
  },
  {
    "date": "2018-04-25",
    "symbol": "NOW",
    "eps": 0.56,
    "epsEstimated": 0.37,
    "time": "amc",
    "revenue": 589222000,
    "revenueEstimated": 389292857,
    "updatedFromDate": "2025-04-25",
    "fiscalDateEnding": "2018-03-31"
  },
  {
    "date": "2018-01-31",
    "symbol": "NOW",
    "eps": 0.35,
    "epsEstimated": 0.35,
    "time": "amc",
    "revenue": 546370000,
    "revenueEstimated": 549100000,
    "updatedFromDate": "2025-04-25",
    "fiscalDateEnding": "2017-12-31"
  },
  {
    "date": "2017-10-25",
    "symbol": "NOW",
    "eps": 0.38,
    "epsEstimated": 0.32,
    "time": "amc",
    "revenue": 498170000,
    "revenueEstimated": 414652631,
    "updatedFromDate": "2025-04-25",
    "fiscalDateEnding": "2017-09-30"
  },
  {
    "date": "2017-07-26",
    "symbol": "NOW",
    "eps": 0.22,
    "epsEstimated": 0.2,
    "time": "amc",
    "revenue": 471703000,
    "revenueEstimated": 407545454,
    "updatedFromDate": "2025-04-25",
    "fiscalDateEnding": "2017-06-30"
  },
  {
    "date": "2017-04-26",
    "symbol": "NOW",
    "eps": 0.24,
    "epsEstimated": 0.17,
    "time": "amc",
    "revenue": 416783000,
    "revenueEstimated": 303733333,
    "updatedFromDate": "2025-04-25",
    "fiscalDateEnding": "2017-03-31"
  },
  {
    "date": "2017-01-25",
    "symbol": "NOW",
    "eps": 0.24,
    "epsEstimated": 0.23,
    "time": "amc",
    "revenue": 385666000,
    "revenueEstimated": 370012500,
    "updatedFromDate": "2025-04-25",
    "fiscalDateEnding": "2016-12-31"
  },
  {
    "date": "2016-10-26",
    "symbol": "NOW",
    "eps": 0.23,
    "epsEstimated": 0.2,
    "time": "amc",
    "revenue": 357656000,
    "revenueEstimated": 326595652,
    "updatedFromDate": "2025-04-25",
    "fiscalDateEnding": "2016-09-30"
  },
  {
    "date": "2016-07-27",
    "symbol": "NOW",
    "eps": 0.15,
    "epsEstimated": 0.09,
    "time": "amc",
    "revenue": 341312000,
    "revenueEstimated": 227533333,
    "updatedFromDate": "2025-04-25",
    "fiscalDateEnding": "2016-06-30"
  }
]