[
  {
    "date": "2026-05-11",
    "symbol": "NRG",
    "eps": null,
    "epsEstimated": null,
    "time": "bmo",
    "revenue": null,
    "revenueEstimated": null,
    "updatedFromDate": "2025-10-02",
    "fiscalDateEnding": "2026-03-30"
  },
  {
    "date": "2026-02-24",
    "symbol": "NRG",
    "eps": null,
    "epsEstimated": null,
    "time": "bmo",
    "revenue": null,
    "revenueEstimated": null,
    "updatedFromDate": "2025-10-02",
    "fiscalDateEnding": "2025-12-30"
  },
  {
    "date": "2025-11-06",
    "symbol": "NRG",
    "eps": null,
    "epsEstimated": 1.93,
    "time": "bmo",
    "revenue": null,
    "revenueEstimated": 7534716420,
    "updatedFromDate": "2025-10-02",
    "fiscalDateEnding": "2025-09-30"
  },
  {
    "date": "2025-08-06",
    "symbol": "NRG",
    "eps": 1.68,
    "epsEstimated": 1.74,
    "time": "bmo",
    "revenue": 6740000000,
    "revenueEstimated": 6452322906,
    "updatedFromDate": "2025-10-02",
    "fiscalDateEnding": "2025-06-30"
  },
  {
    "date": "2025-05-12",
    "symbol": "NRG",
    "eps": 2.62,
    "epsEstimated": 1.75,
    "time": "bmo",
    "revenue": 8585000000,
    "revenueEstimated": 7921753981,
    "updatedFromDate": "2025-08-12",
    "fiscalDateEnding": "2025-03-31"
  },
  {
    "date": "2025-02-26",
    "symbol": "NRG",
    "eps": 1.52,
    "epsEstimated": 1.04,
    "time": "bmo",
    "revenue": 6819000000,
    "revenueEstimated": 7815000000,
    "updatedFromDate": "2025-05-26",
    "fiscalDateEnding": "2024-12-31"
  },
  {
    "date": "2024-11-08",
    "symbol": "NRG",
    "eps": 1.85,
    "epsEstimated": 1.95,
    "time": "bmo",
    "revenue": 7223000000,
    "revenueEstimated": 9380850423,
    "updatedFromDate": "2025-04-25",
    "fiscalDateEnding": "2024-09-30"
  },
  {
    "date": "2024-08-08",
    "symbol": "NRG",
    "eps": 1.48,
    "epsEstimated": 1.55,
    "time": "bmo",
    "revenue": 6649000000,
    "revenueEstimated": 8319825695,
    "updatedFromDate": "2025-04-25",
    "fiscalDateEnding": "2024-06-30"
  },
  {
    "date": "2024-05-07",
    "symbol": "NRG",
    "eps": 0.8,
    "epsEstimated": 0.663,
    "time": "bmo",
    "revenue": 7492000000,
    "revenueEstimated": 7641877279,
    "updatedFromDate": "2025-04-25",
    "fiscalDateEnding": "2024-03-31"
  },
  {
    "date": "2024-02-28",
    "symbol": "NRG",
    "eps": 1.14,
    "epsEstimated": 0.94,
    "time": "bmo",
    "revenue": 6724000000,
    "revenueEstimated": 6398240000,
    "updatedFromDate": "2025-04-25",
    "fiscalDateEnding": "2023-12-31"
  },
  {
    "date": "2023-11-02",
    "symbol": "NRG",
    "eps": 1.41,
    "epsEstimated": 4.04,
    "time": "bmo",
    "revenue": 7946000000,
    "revenueEstimated": 10950700000,
    "updatedFromDate": "2025-04-25",
    "fiscalDateEnding": "2023-09-30"
  },
  {
    "date": "2023-08-08",
    "symbol": "NRG",
    "eps": 1.25,
    "epsEstimated": 2.47,
    "time": "bmo",
    "revenue": 6348000000,
    "revenueEstimated": 7726230000,
    "updatedFromDate": "2025-04-25",
    "fiscalDateEnding": "2023-06-30"
  },
  {
    "date": "2023-05-04",
    "symbol": "NRG",
    "eps": 0.86,
    "epsEstimated": 0.9,
    "time": "bmo",
    "revenue": 7722000000,
    "revenueEstimated": 3555000000,
    "updatedFromDate": "2025-04-25",
    "fiscalDateEnding": "2023-03-31"
  },
  {
    "date": "2023-02-16",
    "symbol": "NRG",
    "eps": 1.64,
    "epsEstimated": 1.43,
    "time": "bmo",
    "revenue": 7855000000,
    "revenueEstimated": 3090714014,
    "updatedFromDate": "2025-04-25",
    "fiscalDateEnding": "2022-12-31"
  },
  {
    "date": "2022-11-07",
    "symbol": "NRG",
    "eps": 0.29,
    "epsEstimated": 1.43,
    "time": "bmo",
    "revenue": 8510000000,
    "revenueEstimated": 7891143004,
    "updatedFromDate": "2025-04-25",
    "fiscalDateEnding": "2022-09-30"
  },
  {
    "date": "2022-08-04",
    "symbol": "NRG",
    "eps": 0.33,
    "epsEstimated": 0.31,
    "time": "bmo",
    "revenue": 7282000000,
    "revenueEstimated": 6681598681,
    "updatedFromDate": "2025-04-25",
    "fiscalDateEnding": "2022-06-30"
  },
  {
    "date": "2022-05-06",
    "symbol": "NRG",
    "eps": 0.25,
    "epsEstimated": 0.55,
    "time": "bmo",
    "revenue": 7896000000,
    "revenueEstimated": 4483821131,
    "updatedFromDate": "2025-04-25",
    "fiscalDateEnding": "2022-03-31"
  },
  {
    "date": "2022-02-24",
    "symbol": "NRG",
    "eps": -0.97,
    "epsEstimated": -1.34,
    "time": "bmo",
    "revenue": 7046000000,
    "revenueEstimated": 3488233388,
    "updatedFromDate": "2025-04-25",
    "fiscalDateEnding": "2021-12-31"
  },
  {
    "date": "2021-11-04",
    "symbol": "NRG",
    "eps": 6.6,
    "epsEstimated": 2.25,
    "time": "bmo",
    "revenue": 6609000000,
    "revenueEstimated": 4408730000,
    "updatedFromDate": "2025-04-25",
    "fiscalDateEnding": "2021-09-30"
  },
  {
    "date": "2021-08-05",
    "symbol": "NRG",
    "eps": 1.2,
    "epsEstimated": 2.41,
    "time": "bmo",
    "revenue": 5243000000,
    "revenueEstimated": 5243000000,
    "updatedFromDate": "2025-04-25",
    "fiscalDateEnding": "2021-06-30"
  },
  {
    "date": "2021-05-06",
    "symbol": "NRG",
    "eps": 0.84,
    "epsEstimated": 1.64,
    "time": "bmo",
    "revenue": 8091000000,
    "revenueEstimated": 2388600000,
    "updatedFromDate": "2025-04-25",
    "fiscalDateEnding": "2021-03-31"
  },
  {
    "date": "2021-03-01",
    "symbol": "NRG",
    "eps": -0.53,
    "epsEstimated": 0.37,
    "time": "bmo",
    "revenue": 2027000000,
    "revenueEstimated": null,
    "updatedFromDate": "2025-04-25",
    "fiscalDateEnding": "2020-12-31"
  },
  {
    "date": "2020-11-05",
    "symbol": "NRG",
    "eps": 1.02,
    "epsEstimated": 1.64,
    "time": "bmo",
    "revenue": 2809000000,
    "revenueEstimated": 4516431372,
    "updatedFromDate": "2025-04-25",
    "fiscalDateEnding": "2020-09-30"
  },
  {
    "date": "2020-08-06",
    "symbol": "NRG",
    "eps": 1.27,
    "epsEstimated": 1.17,
    "time": "bmo",
    "revenue": 2238000000,
    "revenueEstimated": 2061779527,
    "updatedFromDate": "2025-04-25",
    "fiscalDateEnding": "2020-06-30"
  },
  {
    "date": "2020-05-07",
    "symbol": "NRG",
    "eps": 0.53,
    "epsEstimated": 0.49,
    "time": "bmo",
    "revenue": 2019000000,
    "revenueEstimated": 1866622641,
    "updatedFromDate": "2025-04-25",
    "fiscalDateEnding": "2020-03-31"
  },
  {
    "date": "2020-02-27",
    "symbol": "NRG",
    "eps": 0.54,
    "epsEstimated": 0.57,
    "time": "bmo",
    "revenue": 2195000000,
    "revenueEstimated": 3011744186,
    "updatedFromDate": "2025-04-25",
    "fiscalDateEnding": "2019-12-31"
  },
  {
    "date": "2019-11-07",
    "symbol": "NRG",
    "eps": 1.88,
    "epsEstimated": 2.1,
    "time": "bmo",
    "revenue": 2996000000,
    "revenueEstimated": 3346595744,
    "updatedFromDate": "2025-04-25",
    "fiscalDateEnding": "2019-09-30"
  },
  {
    "date": "2019-08-07",
    "symbol": "NRG",
    "eps": 0.7,
    "epsEstimated": 0.76,
    "time": "bmo",
    "revenue": 2465000000,
    "revenueEstimated": 2676285714,
    "updatedFromDate": "2025-04-25",
    "fiscalDateEnding": "2019-06-30"
  },
  {
    "date": "2019-05-02",
    "symbol": "NRG",
    "eps": 0.34,
    "epsEstimated": 0.39,
    "time": "bmo",
    "revenue": 2165000000,
    "revenueEstimated": 2610735294,
    "updatedFromDate": "2025-04-25",
    "fiscalDateEnding": "2019-03-31"
  },
  {
    "date": "2019-02-28",
    "symbol": "NRG",
    "eps": 0.13,
    "epsEstimated": 0.07,
    "time": "bmo",
    "revenue": 1683000000,
    "revenueEstimated": 280500000,
    "updatedFromDate": "2025-04-25",
    "fiscalDateEnding": "2018-12-31"
  },
  {
    "date": "2018-11-08",
    "symbol": "NRG",
    "eps": 0.94,
    "epsEstimated": 1.12,
    "time": "bmo",
    "revenue": 3061000000,
    "revenueEstimated": 4176989583,
    "updatedFromDate": "2025-04-25",
    "fiscalDateEnding": "2018-09-30"
  },
  {
    "date": "2018-08-02",
    "symbol": "NRG",
    "eps": 0.31,
    "epsEstimated": 0.86,
    "time": "bmo",
    "revenue": 2922000000,
    "revenueEstimated": 10249210526,
    "updatedFromDate": "2025-04-25",
    "fiscalDateEnding": "2018-06-30"
  },
  {
    "date": "2018-05-03",
    "symbol": "NRG",
    "eps": 0.87,
    "epsEstimated": 0.14,
    "time": "bmo",
    "revenue": 2421000000,
    "revenueEstimated": 332298850,
    "updatedFromDate": "2025-04-25",
    "fiscalDateEnding": "2018-03-31"
  },
  {
    "date": "2018-03-01",
    "symbol": "NRG",
    "eps": 0.51,
    "epsEstimated": -0.08,
    "time": "bmo",
    "revenue": 2497000000,
    "revenueEstimated": 1901120000,
    "updatedFromDate": "2025-04-25",
    "fiscalDateEnding": "2017-12-31"
  },
  {
    "date": "2017-11-02",
    "symbol": "NRG",
    "eps": 0.61,
    "epsEstimated": 0.94,
    "time": "bmo",
    "revenue": 3049000000,
    "revenueEstimated": 4222295081,
    "updatedFromDate": "2025-04-25",
    "fiscalDateEnding": "2017-09-30"
  },
  {
    "date": "2017-08-03",
    "symbol": "NRG",
    "eps": 0.36,
    "epsEstimated": -0.05,
    "time": "bmo",
    "revenue": 2701000000,
    "revenueEstimated": 531000000,
    "updatedFromDate": "2025-04-25",
    "fiscalDateEnding": "2017-06-30"
  },
  {
    "date": "2017-05-02",
    "symbol": "NRG",
    "eps": -0.52,
    "epsEstimated": -0.41,
    "time": "bmo",
    "revenue": 2759000000,
    "revenueEstimated": 2743603791,
    "updatedFromDate": "2025-04-25",
    "fiscalDateEnding": "2017-03-31"
  },
  {
    "date": "2017-02-28",
    "symbol": "NRG",
    "eps": 0.9,
    "epsEstimated": -0.1,
    "time": "bmo",
    "revenue": 2532000000,
    "revenueEstimated": 3958500000,
    "updatedFromDate": "2025-04-25",
    "fiscalDateEnding": "2016-12-31"
  },
  {
    "date": "2016-11-04",
    "symbol": "NRG",
    "eps": 1.27,
    "epsEstimated": 0.94,
    "time": "bmo",
    "revenue": 3952000000,
    "revenueEstimated": 4971140625,
    "updatedFromDate": "2025-04-25",
    "fiscalDateEnding": "2016-09-30"
  },
  {
    "date": "2016-08-09",
    "symbol": "NRG",
    "eps": -0.04,
    "epsEstimated": -0.01235,
    "time": "bmo",
    "revenue": 2638000000,
    "revenueEstimated": 1798400000,
    "updatedFromDate": "2025-04-25",
    "fiscalDateEnding": "2016-06-30"
  }
]