[
  {
    "date": "2026-04-21",
    "symbol": "NSC",
    "eps": null,
    "epsEstimated": null,
    "time": "bmo",
    "revenue": null,
    "revenueEstimated": null,
    "updatedFromDate": "2025-10-02",
    "fiscalDateEnding": "2026-03-30"
  },
  {
    "date": "2026-01-27",
    "symbol": "NSC",
    "eps": null,
    "epsEstimated": null,
    "time": "bmo",
    "revenue": null,
    "revenueEstimated": null,
    "updatedFromDate": "2025-10-02",
    "fiscalDateEnding": "2025-12-30"
  },
  {
    "date": "2025-10-28",
    "symbol": "NSC",
    "eps": null,
    "epsEstimated": 3.31,
    "time": "bmo",
    "revenue": null,
    "revenueEstimated": null,
    "updatedFromDate": "2025-10-02",
    "fiscalDateEnding": "2025-09-30"
  },
  {
    "date": "2025-07-29",
    "symbol": "NSC",
    "eps": 3.29,
    "epsEstimated": 3.31,
    "time": "bmo",
    "revenue": 3110000000,
    "revenueEstimated": 3128160105,
    "updatedFromDate": "2025-10-02",
    "fiscalDateEnding": "2025-06-30"
  },
  {
    "date": "2025-04-23",
    "symbol": "NSC",
    "eps": 2.69,
    "epsEstimated": 2.66,
    "time": "bmo",
    "revenue": 2993000000,
    "revenueEstimated": 2970757705,
    "updatedFromDate": "2025-07-23",
    "fiscalDateEnding": "2025-03-31"
  },
  {
    "date": "2025-01-29",
    "symbol": "NSC",
    "eps": 3.04,
    "epsEstimated": 2.94,
    "time": "bmo",
    "revenue": 3024000000,
    "revenueEstimated": 3014891942,
    "updatedFromDate": "2025-04-29",
    "fiscalDateEnding": "2024-12-31"
  },
  {
    "date": "2024-10-22",
    "symbol": "NSC",
    "eps": 3.25,
    "epsEstimated": 3.11,
    "time": "bmo",
    "revenue": 3051000000,
    "revenueEstimated": 3086107500,
    "updatedFromDate": "2025-04-25",
    "fiscalDateEnding": "2024-09-30"
  },
  {
    "date": "2024-07-25",
    "symbol": "NSC",
    "eps": 3.06,
    "epsEstimated": 2.86,
    "time": "amc",
    "revenue": 3044000000,
    "revenueEstimated": 3038651561,
    "updatedFromDate": "2025-04-25",
    "fiscalDateEnding": "2024-06-30"
  },
  {
    "date": "2024-04-24",
    "symbol": "NSC",
    "eps": 2.49,
    "epsEstimated": 2.53,
    "time": "bmo",
    "revenue": 3004000000,
    "revenueEstimated": 3017856206,
    "updatedFromDate": "2025-04-25",
    "fiscalDateEnding": "2024-03-31"
  },
  {
    "date": "2024-01-26",
    "symbol": "NSC",
    "eps": 2.83,
    "epsEstimated": 2.87,
    "time": "bmo",
    "revenue": 3073000000,
    "revenueEstimated": 3079710000,
    "updatedFromDate": "2025-04-25",
    "fiscalDateEnding": "2023-12-31"
  },
  {
    "date": "2023-10-25",
    "symbol": "NSC",
    "eps": 2.65,
    "epsEstimated": 2.69,
    "time": "bmo",
    "revenue": 2971000000,
    "revenueEstimated": 2947720000,
    "updatedFromDate": "2025-04-25",
    "fiscalDateEnding": "2023-09-30"
  },
  {
    "date": "2023-07-27",
    "symbol": "NSC",
    "eps": 2.95,
    "epsEstimated": 3.15,
    "time": "bmo",
    "revenue": 2980000000,
    "revenueEstimated": 3076240000,
    "updatedFromDate": "2025-04-25",
    "fiscalDateEnding": "2023-06-30"
  },
  {
    "date": "2023-04-26",
    "symbol": "NSC",
    "eps": 3.32,
    "epsEstimated": 3.15,
    "time": "bmo",
    "revenue": 3132000000,
    "revenueEstimated": 3109840000,
    "updatedFromDate": "2025-04-25",
    "fiscalDateEnding": "2023-03-31"
  },
  {
    "date": "2023-01-25",
    "symbol": "NSC",
    "eps": 3.42,
    "epsEstimated": 3.44,
    "time": "bmo",
    "revenue": 3237000000,
    "revenueEstimated": 3206269477,
    "updatedFromDate": "2025-04-25",
    "fiscalDateEnding": "2022-12-31"
  },
  {
    "date": "2022-10-26",
    "symbol": "NSC",
    "eps": 4.1,
    "epsEstimated": 3.64,
    "time": "bmo",
    "revenue": 3343000000,
    "revenueEstimated": 3233550873,
    "updatedFromDate": "2025-04-25",
    "fiscalDateEnding": "2022-09-30"
  },
  {
    "date": "2022-07-27",
    "symbol": "NSC",
    "eps": 3.45,
    "epsEstimated": 3.47,
    "time": "bmo",
    "revenue": 3250000000,
    "revenueEstimated": 3130212912,
    "updatedFromDate": "2025-04-25",
    "fiscalDateEnding": "2022-06-30"
  },
  {
    "date": "2022-04-27",
    "symbol": "NSC",
    "eps": 2.93,
    "epsEstimated": 2.92,
    "time": "bmo",
    "revenue": 2915000000,
    "revenueEstimated": 2831377397,
    "updatedFromDate": "2025-04-25",
    "fiscalDateEnding": "2022-03-31"
  },
  {
    "date": "2022-01-26",
    "symbol": "NSC",
    "eps": 3.12,
    "epsEstimated": 3.04,
    "time": "bmo",
    "revenue": 2852000000,
    "revenueEstimated": 2824739443,
    "updatedFromDate": "2025-04-25",
    "fiscalDateEnding": "2021-12-31"
  },
  {
    "date": "2021-10-27",
    "symbol": "NSC",
    "eps": 3.06,
    "epsEstimated": 2.91,
    "time": "bmo",
    "revenue": 2852000000,
    "revenueEstimated": 2809470000,
    "updatedFromDate": "2025-04-25",
    "fiscalDateEnding": "2021-09-30"
  },
  {
    "date": "2021-07-28",
    "symbol": "NSC",
    "eps": 3.28,
    "epsEstimated": 2.96,
    "time": "bmo",
    "revenue": 2799000000,
    "revenueEstimated": 2805220000,
    "updatedFromDate": "2025-04-25",
    "fiscalDateEnding": "2021-06-30"
  },
  {
    "date": "2021-04-28",
    "symbol": "NSC",
    "eps": 2.66,
    "epsEstimated": 2.54,
    "time": "bmo",
    "revenue": 2639000000,
    "revenueEstimated": 2627720000,
    "updatedFromDate": "2025-04-25",
    "fiscalDateEnding": "2021-03-31"
  },
  {
    "date": "2021-01-27",
    "symbol": "NSC",
    "eps": 2.63,
    "epsEstimated": 2.48,
    "time": "bmo",
    "revenue": 2573000000,
    "revenueEstimated": 2417375000,
    "updatedFromDate": "2025-04-25",
    "fiscalDateEnding": "2020-12-31"
  },
  {
    "date": "2020-10-28",
    "symbol": "NSC",
    "eps": 2.51,
    "epsEstimated": 2.38,
    "time": "bmo",
    "revenue": 2506000000,
    "revenueEstimated": 2376207171,
    "updatedFromDate": "2025-04-25",
    "fiscalDateEnding": "2020-09-30"
  },
  {
    "date": "2020-07-29",
    "symbol": "NSC",
    "eps": 1.53,
    "epsEstimated": 1.33,
    "time": "bmo",
    "revenue": 2085000000,
    "revenueEstimated": 1812450980,
    "updatedFromDate": "2025-04-25",
    "fiscalDateEnding": "2020-06-30"
  },
  {
    "date": "2020-04-29",
    "symbol": "NSC",
    "eps": 2.58,
    "epsEstimated": 2.19,
    "time": "bmo",
    "revenue": 2625000000,
    "revenueEstimated": 2289244186,
    "updatedFromDate": "2025-04-25",
    "fiscalDateEnding": "2020-03-31"
  },
  {
    "date": "2020-01-29",
    "symbol": "NSC",
    "eps": 2.55,
    "epsEstimated": 2.28,
    "time": "bmo",
    "revenue": 2690000000,
    "revenueEstimated": 2405176470,
    "updatedFromDate": "2025-04-25",
    "fiscalDateEnding": "2019-12-31"
  },
  {
    "date": "2019-10-23",
    "symbol": "NSC",
    "eps": 2.49,
    "epsEstimated": 2.59,
    "time": "bmo",
    "revenue": 2841000000,
    "revenueEstimated": 2955096385,
    "updatedFromDate": "2025-04-25",
    "fiscalDateEnding": "2019-09-30"
  },
  {
    "date": "2019-07-24",
    "symbol": "NSC",
    "eps": 2.7,
    "epsEstimated": 2.79,
    "time": "bmo",
    "revenue": 2925000000,
    "revenueEstimated": 3022499999,
    "updatedFromDate": "2025-04-25",
    "fiscalDateEnding": "2019-06-30"
  },
  {
    "date": "2019-04-24",
    "symbol": "NSC",
    "eps": 2.51,
    "epsEstimated": 2.18,
    "time": "bmo",
    "revenue": 2840000000,
    "revenueEstimated": 2466613545,
    "updatedFromDate": "2025-04-25",
    "fiscalDateEnding": "2019-03-31"
  },
  {
    "date": "2019-01-24",
    "symbol": "NSC",
    "eps": 2.57,
    "epsEstimated": 2.29,
    "time": "amc",
    "revenue": 2896000000,
    "revenueEstimated": 2580482490,
    "updatedFromDate": "2025-04-25",
    "fiscalDateEnding": "2018-12-31"
  },
  {
    "date": "2018-10-24",
    "symbol": "NSC",
    "eps": 2.52,
    "epsEstimated": 2.44,
    "time": "bmo",
    "revenue": 2947000000,
    "revenueEstimated": 2853444444,
    "updatedFromDate": "2025-04-25",
    "fiscalDateEnding": "2018-09-30"
  },
  {
    "date": "2018-07-25",
    "symbol": "NSC",
    "eps": 2.5,
    "epsEstimated": 2.33,
    "time": "bmo",
    "revenue": 2898000000,
    "revenueEstimated": 2700936000,
    "updatedFromDate": "2025-04-25",
    "fiscalDateEnding": "2018-06-30"
  },
  {
    "date": "2018-04-25",
    "symbol": "NSC",
    "eps": 1.93,
    "epsEstimated": 1.77,
    "time": "bmo",
    "revenue": 2717000000,
    "revenueEstimated": 2491756476,
    "updatedFromDate": "2025-04-25",
    "fiscalDateEnding": "2018-03-31"
  },
  {
    "date": "2018-01-24",
    "symbol": "NSC",
    "eps": 1.69,
    "epsEstimated": 1.56,
    "time": "bmo",
    "revenue": 2669000000,
    "revenueEstimated": 2479485207,
    "updatedFromDate": "2025-04-25",
    "fiscalDateEnding": "2017-12-31"
  },
  {
    "date": "2017-10-25",
    "symbol": "NSC",
    "eps": 1.75,
    "epsEstimated": 1.64,
    "time": "bmo",
    "revenue": 2670000000,
    "revenueEstimated": 2502171428,
    "updatedFromDate": "2025-04-25",
    "fiscalDateEnding": "2017-09-30"
  },
  {
    "date": "2017-07-26",
    "symbol": "NSC",
    "eps": 1.71,
    "epsEstimated": 1.65,
    "time": "bmo",
    "revenue": 2637000000,
    "revenueEstimated": 2544473684,
    "updatedFromDate": "2025-04-25",
    "fiscalDateEnding": "2017-06-30"
  },
  {
    "date": "2017-04-26",
    "symbol": "NSC",
    "eps": 1.48,
    "epsEstimated": 1.36,
    "time": "bmo",
    "revenue": 2575000000,
    "revenueEstimated": 2366216216,
    "updatedFromDate": "2025-04-25",
    "fiscalDateEnding": "2017-03-31"
  },
  {
    "date": "2017-01-25",
    "symbol": "NSC",
    "eps": 1.42,
    "epsEstimated": 1.36,
    "time": "bmo",
    "revenue": 2490000000,
    "revenueEstimated": 2384788732,
    "updatedFromDate": "2025-04-25",
    "fiscalDateEnding": "2016-12-31"
  },
  {
    "date": "2016-10-26",
    "symbol": "NSC",
    "eps": 1.55,
    "epsEstimated": 1.45,
    "time": "bmo",
    "revenue": 2524000000,
    "revenueEstimated": 2361161290,
    "updatedFromDate": "2025-04-25",
    "fiscalDateEnding": "2016-09-30"
  },
  {
    "date": "2016-07-27",
    "symbol": "NSC",
    "eps": 1.36,
    "epsEstimated": 1.35,
    "time": "bmo",
    "revenue": 2454000000,
    "revenueEstimated": 2435955882,
    "updatedFromDate": "2025-04-25",
    "fiscalDateEnding": "2016-06-30"
  }
]