[
  {
    "date": "2026-05-28",
    "symbol": "NTAP",
    "eps": null,
    "epsEstimated": null,
    "time": "amc",
    "revenue": null,
    "revenueEstimated": null,
    "updatedFromDate": "2025-10-02",
    "fiscalDateEnding": "2026-04-25"
  },
  {
    "date": "2026-02-26",
    "symbol": "NTAP",
    "eps": null,
    "epsEstimated": null,
    "time": "amc",
    "revenue": null,
    "revenueEstimated": null,
    "updatedFromDate": "2025-10-02",
    "fiscalDateEnding": "2026-01-25"
  },
  {
    "date": "2025-11-20",
    "symbol": "NTAP",
    "eps": null,
    "epsEstimated": 1.89,
    "time": "bmo",
    "revenue": null,
    "revenueEstimated": null,
    "updatedFromDate": "2025-10-02",
    "fiscalDateEnding": "2025-10-25"
  },
  {
    "date": "2025-08-27",
    "symbol": "NTAP",
    "eps": 1.55,
    "epsEstimated": 1.54,
    "time": "amc",
    "revenue": 1557000000,
    "revenueEstimated": 1545807618,
    "updatedFromDate": "2025-10-02",
    "fiscalDateEnding": "2025-07-25"
  },
  {
    "date": "2025-05-29",
    "symbol": "NTAP",
    "eps": 1.93,
    "epsEstimated": 1.9,
    "time": "amc",
    "revenue": 1732000000,
    "revenueEstimated": 1723338539,
    "updatedFromDate": "2025-08-29",
    "fiscalDateEnding": "2025-04-25"
  },
  {
    "date": "2025-02-27",
    "symbol": "NTAP",
    "eps": 1.91,
    "epsEstimated": 1.91,
    "time": "amc",
    "revenue": 1641000000,
    "revenueEstimated": 1679857627,
    "updatedFromDate": "2025-05-27",
    "fiscalDateEnding": "2025-01-24"
  },
  {
    "date": "2024-11-21",
    "symbol": "NTAP",
    "eps": 1.87,
    "epsEstimated": 1.78,
    "time": "amc",
    "revenue": 1658000000,
    "revenueEstimated": 1645024143,
    "updatedFromDate": "2025-04-25",
    "fiscalDateEnding": "2024-10-25"
  },
  {
    "date": "2024-08-28",
    "symbol": "NTAP",
    "eps": 1.56,
    "epsEstimated": 1.45,
    "time": "amc",
    "revenue": 1541000000,
    "revenueEstimated": 1526294590,
    "updatedFromDate": "2025-04-25",
    "fiscalDateEnding": "2024-07-26"
  },
  {
    "date": "2024-05-30",
    "symbol": "NTAP",
    "eps": 1.8,
    "epsEstimated": 1.79,
    "time": "amc",
    "revenue": 1667000000,
    "revenueEstimated": 1654849539,
    "updatedFromDate": "2025-04-25",
    "fiscalDateEnding": "2024-04-26"
  },
  {
    "date": "2024-02-29",
    "symbol": "NTAP",
    "eps": 1.94,
    "epsEstimated": 1.69,
    "time": "amc",
    "revenue": 1606000000,
    "revenueEstimated": 1590520510,
    "updatedFromDate": "2025-04-25",
    "fiscalDateEnding": "2024-01-26"
  },
  {
    "date": "2023-11-28",
    "symbol": "NTAP",
    "eps": 1.58,
    "epsEstimated": 1.4,
    "time": "amc",
    "revenue": 1562000000,
    "revenueEstimated": 1555950000,
    "updatedFromDate": "2025-04-25",
    "fiscalDateEnding": "2023-10-27"
  },
  {
    "date": "2023-08-23",
    "symbol": "NTAP",
    "eps": 1.15,
    "epsEstimated": 1.07,
    "time": "amc",
    "revenue": 1432000000,
    "revenueEstimated": 1522390000,
    "updatedFromDate": "2025-04-25",
    "fiscalDateEnding": "2023-07-28"
  },
  {
    "date": "2023-05-31",
    "symbol": "NTAP",
    "eps": 1.54,
    "epsEstimated": 1.35,
    "time": "amc",
    "revenue": 1581000000,
    "revenueEstimated": 1541320000,
    "updatedFromDate": "2025-04-25",
    "fiscalDateEnding": "2023-04-28"
  },
  {
    "date": "2023-02-22",
    "symbol": "NTAP",
    "eps": 1.37,
    "epsEstimated": 1.31,
    "time": "amc",
    "revenue": 1526000000,
    "revenueEstimated": 1609375624,
    "updatedFromDate": "2025-04-25",
    "fiscalDateEnding": "2023-01-27"
  },
  {
    "date": "2022-11-29",
    "symbol": "NTAP",
    "eps": 1.48,
    "epsEstimated": 1.34,
    "time": "amc",
    "revenue": 1663000000,
    "revenueEstimated": 1673589413,
    "updatedFromDate": "2025-04-25",
    "fiscalDateEnding": "2022-10-28"
  },
  {
    "date": "2022-08-24",
    "symbol": "NTAP",
    "eps": 1.2,
    "epsEstimated": 1.1,
    "time": "amc",
    "revenue": 1592000000,
    "revenueEstimated": 1548329632,
    "updatedFromDate": "2025-04-25",
    "fiscalDateEnding": "2022-07-29"
  },
  {
    "date": "2022-06-01",
    "symbol": "NTAP",
    "eps": 1.42,
    "epsEstimated": 1.28,
    "time": "amc",
    "revenue": 1682000000,
    "revenueEstimated": 1681643684,
    "updatedFromDate": "2025-04-25",
    "fiscalDateEnding": "2022-04-29"
  },
  {
    "date": "2022-02-23",
    "symbol": "NTAP",
    "eps": 1.44,
    "epsEstimated": 1.28,
    "time": "amc",
    "revenue": 1614000000,
    "revenueEstimated": 1613169737,
    "updatedFromDate": "2025-04-25",
    "fiscalDateEnding": "2022-01-28"
  },
  {
    "date": "2021-11-30",
    "symbol": "NTAP",
    "eps": 1.28,
    "epsEstimated": 1.21,
    "time": "amc",
    "revenue": 1566000000,
    "revenueEstimated": 1609440000,
    "updatedFromDate": "2025-04-25",
    "fiscalDateEnding": "2021-10-29"
  },
  {
    "date": "2021-08-25",
    "symbol": "NTAP",
    "eps": 1.15,
    "epsEstimated": 0.95,
    "time": "amc",
    "revenue": 1458000000,
    "revenueEstimated": 1547900000,
    "updatedFromDate": "2025-04-25",
    "fiscalDateEnding": "2021-07-30"
  },
  {
    "date": "2021-06-02",
    "symbol": "NTAP",
    "eps": 1.17,
    "epsEstimated": 1.12,
    "time": "amc",
    "revenue": 1555000000,
    "revenueEstimated": 5013833704,
    "updatedFromDate": "2025-04-25",
    "fiscalDateEnding": "2021-04-30"
  },
  {
    "date": "2021-02-24",
    "symbol": "NTAP",
    "eps": 1.1,
    "epsEstimated": 1.01,
    "time": "amc",
    "revenue": 1470000000,
    "revenueEstimated": 1339009900,
    "updatedFromDate": "2025-04-25",
    "fiscalDateEnding": "2021-01-29"
  },
  {
    "date": "2020-12-01",
    "symbol": "NTAP",
    "eps": 1.05,
    "epsEstimated": 0.72,
    "time": "amc",
    "revenue": 1416000000,
    "revenueEstimated": 1312224657,
    "updatedFromDate": "2025-04-25",
    "fiscalDateEnding": "2020-10-30"
  },
  {
    "date": "2020-08-26",
    "symbol": "NTAP",
    "eps": 0.73,
    "epsEstimated": 0.4,
    "time": "amc",
    "revenue": 1303000000,
    "revenueEstimated": 1061865547,
    "updatedFromDate": "2025-04-25",
    "fiscalDateEnding": "2020-07-31"
  },
  {
    "date": "2020-05-27",
    "symbol": "NTAP",
    "eps": 1.19,
    "epsEstimated": 1.04,
    "time": "amc",
    "revenue": 1401000000,
    "revenueEstimated": 1224403361,
    "updatedFromDate": "2025-04-25",
    "fiscalDateEnding": "2020-04-24"
  },
  {
    "date": "2020-02-12",
    "symbol": "NTAP",
    "eps": 1.16,
    "epsEstimated": 1.18,
    "time": "amc",
    "revenue": 1404000000,
    "revenueEstimated": 1428206896,
    "updatedFromDate": "2025-04-25",
    "fiscalDateEnding": "2020-01-24"
  },
  {
    "date": "2019-11-13",
    "symbol": "NTAP",
    "eps": 1.09,
    "epsEstimated": 0.94,
    "time": "amc",
    "revenue": 1371000000,
    "revenueEstimated": 1182330275,
    "updatedFromDate": "2025-04-25",
    "fiscalDateEnding": "2019-10-25"
  },
  {
    "date": "2019-08-14",
    "symbol": "NTAP",
    "eps": 0.65,
    "epsEstimated": 0.57,
    "time": "amc",
    "revenue": 1236000000,
    "revenueEstimated": 1102892307,
    "updatedFromDate": "2025-04-25",
    "fiscalDateEnding": "2019-07-26"
  },
  {
    "date": "2019-05-22",
    "symbol": "NTAP",
    "eps": 1.22,
    "epsEstimated": 1.26,
    "time": "amc",
    "revenue": 1592000000,
    "revenueEstimated": 1631147540,
    "updatedFromDate": "2025-04-25",
    "fiscalDateEnding": "2019-04-26"
  },
  {
    "date": "2019-02-13",
    "symbol": "NTAP",
    "eps": 1.2,
    "epsEstimated": 1.15,
    "time": "amc",
    "revenue": 1563000000,
    "revenueEstimated": 1497875000,
    "updatedFromDate": "2025-04-25",
    "fiscalDateEnding": "2019-01-25"
  },
  {
    "date": "2018-11-14",
    "symbol": "NTAP",
    "eps": 1.06,
    "epsEstimated": 0.99,
    "time": "amc",
    "revenue": 1517000000,
    "revenueEstimated": 1416820754,
    "updatedFromDate": "2025-04-25",
    "fiscalDateEnding": "2018-10-26"
  },
  {
    "date": "2018-08-15",
    "symbol": "NTAP",
    "eps": 1.04,
    "epsEstimated": 0.8,
    "time": "amc",
    "revenue": 1474000000,
    "revenueEstimated": 1133846153,
    "updatedFromDate": "2025-04-25",
    "fiscalDateEnding": "2018-07-27"
  },
  {
    "date": "2018-05-23",
    "symbol": "NTAP",
    "eps": 1.05,
    "epsEstimated": 1.01,
    "time": "amc",
    "revenue": 1641000000,
    "revenueEstimated": 1581371428,
    "updatedFromDate": "2025-04-25",
    "fiscalDateEnding": "2018-04-27"
  },
  {
    "date": "2018-02-14",
    "symbol": "NTAP",
    "eps": 0.99,
    "epsEstimated": 0.9,
    "time": "amc",
    "revenue": 1523000000,
    "revenueEstimated": 1414636363,
    "updatedFromDate": "2025-04-25",
    "fiscalDateEnding": "2018-01-26"
  },
  {
    "date": "2017-11-15",
    "symbol": "NTAP",
    "eps": 0.81,
    "epsEstimated": 0.69,
    "time": "amc",
    "revenue": 1422000000,
    "revenueEstimated": 1205370370,
    "updatedFromDate": "2025-04-25",
    "fiscalDateEnding": "2017-10-27"
  },
  {
    "date": "2017-08-16",
    "symbol": "NTAP",
    "eps": 0.62,
    "epsEstimated": 0.55,
    "time": "amc",
    "revenue": 1325000000,
    "revenueEstimated": 1171854838,
    "updatedFromDate": "2025-04-25",
    "fiscalDateEnding": "2017-07-28"
  },
  {
    "date": "2017-05-24",
    "symbol": "NTAP",
    "eps": 0.86,
    "epsEstimated": 0.82,
    "time": "amc",
    "revenue": 1481000000,
    "revenueEstimated": 1385418604,
    "updatedFromDate": "2025-04-25",
    "fiscalDateEnding": "2017-04-28"
  },
  {
    "date": "2017-02-15",
    "symbol": "NTAP",
    "eps": 0.82,
    "epsEstimated": 0.74,
    "time": "amc",
    "revenue": 1404000000,
    "revenueEstimated": 1267024390,
    "updatedFromDate": "2025-04-25",
    "fiscalDateEnding": "2017-01-27"
  },
  {
    "date": "2016-11-16",
    "symbol": "NTAP",
    "eps": 0.6,
    "epsEstimated": 0.54,
    "time": "amc",
    "revenue": 1340000000,
    "revenueEstimated": 1206000000,
    "updatedFromDate": "2025-04-25",
    "fiscalDateEnding": "2016-10-28"
  },
  {
    "date": "2016-08-17",
    "symbol": "NTAP",
    "eps": 0.46,
    "epsEstimated": 0.36,
    "time": "amc",
    "revenue": 1294000000,
    "revenueEstimated": 1012695652,
    "updatedFromDate": "2025-04-25",
    "fiscalDateEnding": "2016-07-29"
  }
]