[
  {
    "date": "2026-04-20",
    "symbol": "NTRS",
    "eps": null,
    "epsEstimated": null,
    "time": "bmo",
    "revenue": null,
    "revenueEstimated": null,
    "updatedFromDate": "2025-10-02",
    "fiscalDateEnding": "2026-03-30"
  },
  {
    "date": "2026-01-22",
    "symbol": "NTRS",
    "eps": null,
    "epsEstimated": null,
    "time": "bmo",
    "revenue": null,
    "revenueEstimated": null,
    "updatedFromDate": "2025-10-02",
    "fiscalDateEnding": "2025-12-30"
  },
  {
    "date": "2025-10-22",
    "symbol": "NTRS",
    "eps": null,
    "epsEstimated": 2.22,
    "time": "bmo",
    "revenue": null,
    "revenueEstimated": 2018567010,
    "updatedFromDate": "2025-10-02",
    "fiscalDateEnding": "2025-09-30"
  },
  {
    "date": "2025-07-23",
    "symbol": "NTRS",
    "eps": 2.13,
    "epsEstimated": 2.06,
    "time": "bmo",
    "revenue": 3600200000,
    "revenueEstimated": 1965641660,
    "updatedFromDate": "2025-10-02",
    "fiscalDateEnding": "2025-06-30"
  },
  {
    "date": "2025-04-22",
    "symbol": "NTRS",
    "eps": 1.9,
    "epsEstimated": 1.85,
    "time": "bmo",
    "revenue": 3512700000,
    "revenueEstimated": 1952737074,
    "updatedFromDate": "2025-07-22",
    "fiscalDateEnding": "2025-03-31"
  },
  {
    "date": "2025-01-23",
    "symbol": "NTRS",
    "eps": 2.26,
    "epsEstimated": 1.96,
    "time": "bmo",
    "revenue": 1959600000,
    "revenueEstimated": 1923594528,
    "updatedFromDate": "2025-04-25",
    "fiscalDateEnding": "2024-12-31"
  },
  {
    "date": "2024-10-23",
    "symbol": "NTRS",
    "eps": 2.01,
    "epsEstimated": 1.74,
    "time": "bmo",
    "revenue": 1406200000,
    "revenueEstimated": 1925075514,
    "updatedFromDate": "2025-04-25",
    "fiscalDateEnding": "2024-09-30"
  },
  {
    "date": "2024-07-17",
    "symbol": "NTRS",
    "eps": 1.78,
    "epsEstimated": 1.75,
    "time": "bmo",
    "revenue": 4609700000,
    "revenueEstimated": 1843045834,
    "updatedFromDate": "2025-04-25",
    "fiscalDateEnding": "2024-06-30"
  },
  {
    "date": "2024-04-16",
    "symbol": "NTRS",
    "eps": 1.7,
    "epsEstimated": 1.45,
    "time": "bmo",
    "revenue": 3564300000,
    "revenueEstimated": 1783093655,
    "updatedFromDate": "2025-04-25",
    "fiscalDateEnding": "2024-03-31"
  },
  {
    "date": "2024-01-18",
    "symbol": "NTRS",
    "eps": 1.46,
    "epsEstimated": 1.33,
    "time": "bmo",
    "revenue": 3261800000,
    "revenueEstimated": 1729650000,
    "updatedFromDate": "2025-04-25",
    "fiscalDateEnding": "2023-12-31"
  },
  {
    "date": "2023-10-18",
    "symbol": "NTRS",
    "eps": 1.49,
    "epsEstimated": 1.5,
    "time": "bmo",
    "revenue": 1712500000,
    "revenueEstimated": 1747660000,
    "updatedFromDate": "2025-04-25",
    "fiscalDateEnding": "2023-09-30"
  },
  {
    "date": "2023-07-19",
    "symbol": "NTRS",
    "eps": 1.56,
    "epsEstimated": 1.62,
    "time": "bmo",
    "revenue": 1772600000,
    "revenueEstimated": 1766210000,
    "updatedFromDate": "2025-04-25",
    "fiscalDateEnding": "2023-06-30"
  },
  {
    "date": "2023-04-25",
    "symbol": "NTRS",
    "eps": 1.51,
    "epsEstimated": 1.52,
    "time": "bmo",
    "revenue": 1729600000,
    "revenueEstimated": 1776150000,
    "updatedFromDate": "2025-04-25",
    "fiscalDateEnding": "2023-03-31"
  },
  {
    "date": "2023-01-19",
    "symbol": "NTRS",
    "eps": 1.65,
    "epsEstimated": 1.81,
    "time": "bmo",
    "revenue": 1514000000,
    "revenueEstimated": 1753288312,
    "updatedFromDate": "2025-04-25",
    "fiscalDateEnding": "2022-12-31"
  },
  {
    "date": "2022-10-19",
    "symbol": "NTRS",
    "eps": 1.8,
    "epsEstimated": 1.84,
    "time": "bmo",
    "revenue": 1754300000,
    "revenueEstimated": 1767768081,
    "updatedFromDate": "2025-04-25",
    "fiscalDateEnding": "2022-09-30"
  },
  {
    "date": "2022-07-20",
    "symbol": "NTRS",
    "eps": 1.86,
    "epsEstimated": 1.93,
    "time": "bmo",
    "revenue": 1764200000,
    "revenueEstimated": 1761791988,
    "updatedFromDate": "2025-04-25",
    "fiscalDateEnding": "2022-06-30"
  },
  {
    "date": "2022-04-26",
    "symbol": "NTRS",
    "eps": 1.77,
    "epsEstimated": 1.64,
    "time": "bmo",
    "revenue": 1716700000,
    "revenueEstimated": 1685188471,
    "updatedFromDate": "2025-04-25",
    "fiscalDateEnding": "2022-03-31"
  },
  {
    "date": "2022-01-20",
    "symbol": "NTRS",
    "eps": 1.91,
    "epsEstimated": 1.81,
    "time": "bmo",
    "revenue": 1678500000,
    "revenueEstimated": 1681420000,
    "updatedFromDate": "2025-04-25",
    "fiscalDateEnding": "2021-12-31"
  },
  {
    "date": "2021-10-20",
    "symbol": "NTRS",
    "eps": 1.8,
    "epsEstimated": 1.67,
    "time": "bmo",
    "revenue": 1646800000,
    "revenueEstimated": 1608060000,
    "updatedFromDate": "2025-04-25",
    "fiscalDateEnding": "2021-09-30"
  },
  {
    "date": "2021-07-21",
    "symbol": "NTRS",
    "eps": 1.79,
    "epsEstimated": 1.71,
    "time": "bmo",
    "revenue": 1607300000,
    "revenueEstimated": 1607630000,
    "updatedFromDate": "2025-04-25",
    "fiscalDateEnding": "2021-06-30"
  },
  {
    "date": "2021-04-20",
    "symbol": "NTRS",
    "eps": 1.7,
    "epsEstimated": 1.49,
    "time": "bmo",
    "revenue": 1613400000,
    "revenueEstimated": 1191516778,
    "updatedFromDate": "2025-04-25",
    "fiscalDateEnding": "2021-03-31"
  },
  {
    "date": "2021-01-21",
    "symbol": "NTRS",
    "eps": 1.49,
    "epsEstimated": 1.52,
    "time": "bmo",
    "revenue": 1524400000,
    "revenueEstimated": 1313800000,
    "updatedFromDate": "2025-04-25",
    "fiscalDateEnding": "2020-12-31"
  },
  {
    "date": "2020-10-21",
    "symbol": "NTRS",
    "eps": 1.48,
    "epsEstimated": 1.38,
    "time": "bmo",
    "revenue": 1484600000,
    "revenueEstimated": 1355582608,
    "updatedFromDate": "2025-04-25",
    "fiscalDateEnding": "2020-09-30"
  },
  {
    "date": "2020-07-22",
    "symbol": "NTRS",
    "eps": 1.46,
    "epsEstimated": 1.37,
    "time": "bmo",
    "revenue": 1440100000,
    "revenueEstimated": 1414008904,
    "updatedFromDate": "2025-04-25",
    "fiscalDateEnding": "2020-06-30"
  },
  {
    "date": "2020-04-21",
    "symbol": "NTRS",
    "eps": 1.55,
    "epsEstimated": 1.45,
    "time": "bmo",
    "revenue": 1526700000,
    "revenueEstimated": 1546635483,
    "updatedFromDate": "2025-04-25",
    "fiscalDateEnding": "2020-03-31"
  },
  {
    "date": "2020-01-22",
    "symbol": "NTRS",
    "eps": 1.8,
    "epsEstimated": 1.74,
    "time": "bmo",
    "revenue": 1548700000,
    "revenueEstimated": 1584366666,
    "updatedFromDate": "2025-04-25",
    "fiscalDateEnding": "2019-12-31"
  },
  {
    "date": "2019-10-23",
    "symbol": "NTRS",
    "eps": 1.69,
    "epsEstimated": 1.63,
    "time": "bmo",
    "revenue": 1544900000,
    "revenueEstimated": 1606852071,
    "updatedFromDate": "2025-04-25",
    "fiscalDateEnding": "2019-09-30"
  },
  {
    "date": "2019-07-24",
    "symbol": "NTRS",
    "eps": 1.75,
    "epsEstimated": 1.68,
    "time": "bmo",
    "revenue": 1513100000,
    "revenueEstimated": 1585728000,
    "updatedFromDate": "2025-04-25",
    "fiscalDateEnding": "2019-06-30"
  },
  {
    "date": "2019-04-23",
    "symbol": "NTRS",
    "eps": 1.48,
    "epsEstimated": 1.47,
    "time": "bmo",
    "revenue": 1480900000,
    "revenueEstimated": 1634779054,
    "updatedFromDate": "2025-04-25",
    "fiscalDateEnding": "2019-03-31"
  },
  {
    "date": "2019-01-23",
    "symbol": "NTRS",
    "eps": 1.67,
    "epsEstimated": 1.64,
    "time": "bmo",
    "revenue": 1507800000,
    "revenueEstimated": 1513993333,
    "updatedFromDate": "2025-04-25",
    "fiscalDateEnding": "2018-12-31"
  },
  {
    "date": "2018-10-17",
    "symbol": "NTRS",
    "eps": 1.58,
    "epsEstimated": 1.61,
    "time": "bmo",
    "revenue": 1483300000,
    "revenueEstimated": 1629666455,
    "updatedFromDate": "2025-04-25",
    "fiscalDateEnding": "2018-09-30"
  },
  {
    "date": "2018-07-18",
    "symbol": "NTRS",
    "eps": 1.68,
    "epsEstimated": 1.63,
    "time": "bmo",
    "revenue": 1504600000,
    "revenueEstimated": 1553254166,
    "updatedFromDate": "2025-04-25",
    "fiscalDateEnding": "2018-06-30"
  },
  {
    "date": "2018-04-17",
    "symbol": "NTRS",
    "eps": 1.55,
    "epsEstimated": 1.4,
    "time": "bmo",
    "revenue": 1479000000,
    "revenueEstimated": 1372177215,
    "updatedFromDate": "2025-04-25",
    "fiscalDateEnding": "2018-03-31"
  },
  {
    "date": "2018-01-24",
    "symbol": "NTRS",
    "eps": 1.33,
    "epsEstimated": 1.31,
    "time": "bmo",
    "revenue": 1424800000,
    "revenueEstimated": 1468480451,
    "updatedFromDate": "2025-04-25",
    "fiscalDateEnding": "2017-12-31"
  },
  {
    "date": "2017-10-18",
    "symbol": "NTRS",
    "eps": 1.23,
    "epsEstimated": 1.12,
    "time": "bmo",
    "revenue": 1352200000,
    "revenueEstimated": 1325678333,
    "updatedFromDate": "2025-04-25",
    "fiscalDateEnding": "2017-09-30"
  },
  {
    "date": "2017-07-19",
    "symbol": "NTRS",
    "eps": 1.18,
    "epsEstimated": 1.23,
    "time": "bmo",
    "revenue": 1328200000,
    "revenueEstimated": 1499611607,
    "updatedFromDate": "2025-04-25",
    "fiscalDateEnding": "2017-06-30"
  },
  {
    "date": "2017-04-25",
    "symbol": "NTRS",
    "eps": 1.09,
    "epsEstimated": 1.07,
    "time": "bmo",
    "revenue": 1285400000,
    "revenueEstimated": 1290380733,
    "updatedFromDate": "2025-04-25",
    "fiscalDateEnding": "2017-03-31"
  },
  {
    "date": "2017-01-18",
    "symbol": "NTRS",
    "eps": 1.11,
    "epsEstimated": 1.12,
    "time": "bmo",
    "revenue": 1273100000,
    "revenueEstimated": 1286571171,
    "updatedFromDate": "2025-04-25",
    "fiscalDateEnding": "2016-12-31"
  },
  {
    "date": "2016-10-19",
    "symbol": "NTRS",
    "eps": 1.11,
    "epsEstimated": 1.09,
    "time": "bmo",
    "revenue": 1216700000,
    "revenueEstimated": 1213238738,
    "updatedFromDate": "2025-04-25",
    "fiscalDateEnding": "2016-09-30"
  },
  {
    "date": "2016-07-20",
    "symbol": "NTRS",
    "eps": 1.06,
    "epsEstimated": 1.06,
    "time": "bmo",
    "revenue": 1324500000,
    "revenueEstimated": 1339600000,
    "updatedFromDate": "2025-04-25",
    "fiscalDateEnding": "2016-06-30"
  }
]