[
  {
    "date": "2026-04-27",
    "symbol": "NUE",
    "eps": null,
    "epsEstimated": null,
    "time": "amc",
    "revenue": null,
    "revenueEstimated": null,
    "updatedFromDate": "2025-10-02",
    "fiscalDateEnding": "2026-04-05"
  },
  {
    "date": "2026-01-26",
    "symbol": "NUE",
    "eps": null,
    "epsEstimated": null,
    "time": "amc",
    "revenue": null,
    "revenueEstimated": null,
    "updatedFromDate": "2025-10-02",
    "fiscalDateEnding": "2026-01-05"
  },
  {
    "date": "2025-10-27",
    "symbol": "NUE",
    "eps": null,
    "epsEstimated": 2.23,
    "time": "amc",
    "revenue": null,
    "revenueEstimated": 8202650840,
    "updatedFromDate": "2025-10-02",
    "fiscalDateEnding": "2025-10-05"
  },
  {
    "date": "2025-07-28",
    "symbol": "NUE",
    "eps": 2.6,
    "epsEstimated": 2.55,
    "time": "amc",
    "revenue": 8456000000,
    "revenueEstimated": 8536737564,
    "updatedFromDate": "2025-10-02",
    "fiscalDateEnding": "2025-07-05"
  },
  {
    "date": "2025-04-28",
    "symbol": "NUE",
    "eps": 0.77,
    "epsEstimated": 0.687,
    "time": "amc",
    "revenue": 7830000000,
    "revenueEstimated": 7221096470,
    "updatedFromDate": "2025-07-28",
    "fiscalDateEnding": "2025-04-05"
  },
  {
    "date": "2025-01-27",
    "symbol": "NUE",
    "eps": 1.22,
    "epsEstimated": 0.94,
    "time": "amc",
    "revenue": 7076000000,
    "revenueEstimated": 6762907361,
    "updatedFromDate": "2025-04-27",
    "fiscalDateEnding": "2024-12-31"
  },
  {
    "date": "2024-10-21",
    "symbol": "NUE",
    "eps": 1.49,
    "epsEstimated": 1.5,
    "time": "amc",
    "revenue": 7444160000,
    "revenueEstimated": 7280388105,
    "updatedFromDate": "2025-04-25",
    "fiscalDateEnding": "2024-09-28"
  },
  {
    "date": "2024-07-22",
    "symbol": "NUE",
    "eps": 2.68,
    "epsEstimated": 2.35,
    "time": "amc",
    "revenue": 8077172000,
    "revenueEstimated": 7685635238,
    "updatedFromDate": "2025-04-25",
    "fiscalDateEnding": "2024-06-29"
  },
  {
    "date": "2024-04-22",
    "symbol": "NUE",
    "eps": 3.46,
    "epsEstimated": 3.66,
    "time": "amc",
    "revenue": 8137083000,
    "revenueEstimated": 8257901081,
    "updatedFromDate": "2025-04-25",
    "fiscalDateEnding": "2024-03-30"
  },
  {
    "date": "2024-01-29",
    "symbol": "NUE",
    "eps": 3.16,
    "epsEstimated": 2.9,
    "time": "amc",
    "revenue": 7704531000,
    "revenueEstimated": 7653350000,
    "updatedFromDate": "2025-04-25",
    "fiscalDateEnding": "2023-12-31"
  },
  {
    "date": "2023-10-23",
    "symbol": "NUE",
    "eps": 4.57,
    "epsEstimated": 4.25,
    "time": "bmo",
    "revenue": 8775734000,
    "revenueEstimated": 8311470000,
    "updatedFromDate": "2025-04-25",
    "fiscalDateEnding": "2023-09-30"
  },
  {
    "date": "2023-07-24",
    "symbol": "NUE",
    "eps": 5.81,
    "epsEstimated": 5.53,
    "time": "bmo",
    "revenue": 9523256000,
    "revenueEstimated": 9620660000,
    "updatedFromDate": "2025-04-25",
    "fiscalDateEnding": "2023-07-01"
  },
  {
    "date": "2023-04-20",
    "symbol": "NUE",
    "eps": 4.45,
    "epsEstimated": 3.81,
    "time": "bmo",
    "revenue": 8709980000,
    "revenueEstimated": 8997550000,
    "updatedFromDate": "2025-04-25",
    "fiscalDateEnding": "2023-04-01"
  },
  {
    "date": "2023-01-26",
    "symbol": "NUE",
    "eps": 4.89,
    "epsEstimated": 4.19,
    "time": "bmo",
    "revenue": 8723956000,
    "revenueEstimated": 8430733609,
    "updatedFromDate": "2025-04-25",
    "fiscalDateEnding": "2022-12-31"
  },
  {
    "date": "2022-10-20",
    "symbol": "NUE",
    "eps": 6.5,
    "epsEstimated": 6.73,
    "time": "bmo",
    "revenue": 10500755000,
    "revenueEstimated": 10250901814,
    "updatedFromDate": "2025-04-25",
    "fiscalDateEnding": "2022-10-01"
  },
  {
    "date": "2022-07-21",
    "symbol": "NUE",
    "eps": 9.67,
    "epsEstimated": 8.85,
    "time": "bmo",
    "revenue": 11794474000,
    "revenueEstimated": 11600977089,
    "updatedFromDate": "2025-04-25",
    "fiscalDateEnding": "2022-07-02"
  },
  {
    "date": "2022-04-21",
    "symbol": "NUE",
    "eps": 7.67,
    "epsEstimated": 7.29,
    "time": "bmo",
    "revenue": 10493282000,
    "revenueEstimated": 10455738194,
    "updatedFromDate": "2025-04-25",
    "fiscalDateEnding": "2022-04-02"
  },
  {
    "date": "2022-01-27",
    "symbol": "NUE",
    "eps": 7.97,
    "epsEstimated": 7.91,
    "time": "bmo",
    "revenue": 10364412000,
    "revenueEstimated": 10445543276,
    "updatedFromDate": "2025-04-25",
    "fiscalDateEnding": "2021-12-31"
  },
  {
    "date": "2021-10-21",
    "symbol": "NUE",
    "eps": 7.28,
    "epsEstimated": 7.28,
    "time": "bmo",
    "revenue": 10313223000,
    "revenueEstimated": 9824570000,
    "updatedFromDate": "2025-04-25",
    "fiscalDateEnding": "2021-10-02"
  },
  {
    "date": "2021-07-22",
    "symbol": "NUE",
    "eps": 5.15,
    "epsEstimated": 4.79,
    "time": "bmo",
    "revenue": 8789164000,
    "revenueEstimated": 9654790000,
    "updatedFromDate": "2025-04-25",
    "fiscalDateEnding": "2021-07-03"
  },
  {
    "date": "2021-04-22",
    "symbol": "NUE",
    "eps": 3.12,
    "epsEstimated": 3.09,
    "time": "bmo",
    "revenue": 7017140000,
    "revenueEstimated": 7079760000,
    "updatedFromDate": "2025-04-25",
    "fiscalDateEnding": "2021-04-03"
  },
  {
    "date": "2021-01-28",
    "symbol": "NUE",
    "eps": 1.29,
    "epsEstimated": 1.18,
    "time": "bmo",
    "revenue": 5260055000,
    "revenueEstimated": 4769710889,
    "updatedFromDate": "2025-04-25",
    "fiscalDateEnding": "2020-12-31"
  },
  {
    "date": "2020-10-22",
    "symbol": "NUE",
    "eps": 0.65,
    "epsEstimated": 0.51,
    "time": "bmo",
    "revenue": 4927960000,
    "revenueEstimated": 3866553230,
    "updatedFromDate": "2025-04-25",
    "fiscalDateEnding": "2020-10-03"
  },
  {
    "date": "2020-07-23",
    "symbol": "NUE",
    "eps": 0.37,
    "epsEstimated": 0.14,
    "time": "bmo",
    "revenue": 4327306000,
    "revenueEstimated": 1637359027,
    "updatedFromDate": "2025-04-25",
    "fiscalDateEnding": "2020-07-04"
  },
  {
    "date": "2020-04-28",
    "symbol": "NUE",
    "eps": 0.99,
    "epsEstimated": 0.98,
    "time": "bmo",
    "revenue": 5624337000,
    "revenueEstimated": 5397091060,
    "updatedFromDate": "2025-04-25",
    "fiscalDateEnding": "2020-04-04"
  },
  {
    "date": "2020-01-28",
    "symbol": "NUE",
    "eps": 0.52,
    "epsEstimated": 0.34,
    "time": "bmo",
    "revenue": 5131746000,
    "revenueEstimated": 4097119790,
    "updatedFromDate": "2025-04-25",
    "fiscalDateEnding": "2019-12-31"
  },
  {
    "date": "2019-10-22",
    "symbol": "NUE",
    "eps": 0.9,
    "epsEstimated": 0.8,
    "time": "bmo",
    "revenue": 5464502000,
    "revenueEstimated": 4857335111,
    "updatedFromDate": "2025-04-25",
    "fiscalDateEnding": "2019-09-28"
  },
  {
    "date": "2019-07-18",
    "symbol": "NUE",
    "eps": 1.26,
    "epsEstimated": 1.29,
    "time": "bmo",
    "revenue": 5895986000,
    "revenueEstimated": 12278148333,
    "updatedFromDate": "2025-04-25",
    "fiscalDateEnding": "2019-06-29"
  },
  {
    "date": "2019-04-23",
    "symbol": "NUE",
    "eps": 1.55,
    "epsEstimated": 1.5,
    "time": "bmo",
    "revenue": 6096624000,
    "revenueEstimated": 5899958709,
    "updatedFromDate": "2025-04-25",
    "fiscalDateEnding": "2019-03-30"
  },
  {
    "date": "2019-01-29",
    "symbol": "NUE",
    "eps": 2.07,
    "epsEstimated": 1.94,
    "time": "bmo",
    "revenue": 6295884000,
    "revenueEstimated": 5900490318,
    "updatedFromDate": "2025-04-25",
    "fiscalDateEnding": "2018-12-31"
  },
  {
    "date": "2018-10-18",
    "symbol": "NUE",
    "eps": 2.33,
    "epsEstimated": 2.35,
    "time": "bmo",
    "revenue": 6742202000,
    "revenueEstimated": 6800072961,
    "updatedFromDate": "2025-04-25",
    "fiscalDateEnding": "2018-09-29"
  },
  {
    "date": "2018-07-19",
    "symbol": "NUE",
    "eps": 2.07,
    "epsEstimated": 2.09,
    "time": "bmo",
    "revenue": 6460774000,
    "revenueEstimated": 6523223188,
    "updatedFromDate": "2025-04-25",
    "fiscalDateEnding": "2018-06-30"
  },
  {
    "date": "2018-04-19",
    "symbol": "NUE",
    "eps": 1.17,
    "epsEstimated": 1.1,
    "time": "bmo",
    "revenue": 5568419000,
    "revenueEstimated": 5235247863,
    "updatedFromDate": "2025-04-25",
    "fiscalDateEnding": "2018-03-31"
  },
  {
    "date": "2018-01-30",
    "symbol": "NUE",
    "eps": 0.65,
    "epsEstimated": 0.55,
    "time": "bmo",
    "revenue": 5092328000,
    "revenueEstimated": 4308869230,
    "updatedFromDate": "2025-04-25",
    "fiscalDateEnding": "2017-12-31"
  },
  {
    "date": "2017-10-19",
    "symbol": "NUE",
    "eps": 0.79,
    "epsEstimated": 0.78,
    "time": "bmo",
    "revenue": 5170117000,
    "revenueEstimated": 5104655696,
    "updatedFromDate": "2025-04-25",
    "fiscalDateEnding": "2017-09-30"
  },
  {
    "date": "2017-07-20",
    "symbol": "NUE",
    "eps": 1,
    "epsEstimated": 1.06,
    "time": "bmo",
    "revenue": 5174769000,
    "revenueEstimated": 5485288000,
    "updatedFromDate": "2025-04-25",
    "fiscalDateEnding": "2017-07-01"
  },
  {
    "date": "2017-04-20",
    "symbol": "NUE",
    "eps": 1.13,
    "epsEstimated": 1.13,
    "time": "bmo",
    "revenue": 4815179000,
    "revenueEstimated": 4815200000,
    "updatedFromDate": "2025-04-25",
    "fiscalDateEnding": "2017-04-01"
  },
  {
    "date": "2017-01-31",
    "symbol": "NUE",
    "eps": 0.43,
    "epsEstimated": 0.34,
    "time": "bmo",
    "revenue": 3956538000,
    "revenueEstimated": 3128395348,
    "updatedFromDate": "2025-04-25",
    "fiscalDateEnding": "2016-12-31"
  },
  {
    "date": "2016-10-20",
    "symbol": "NUE",
    "eps": 0.88,
    "epsEstimated": 0.9,
    "time": "bmo",
    "revenue": 4290236000,
    "revenueEstimated": 4387704545,
    "updatedFromDate": "2025-04-25",
    "fiscalDateEnding": "2016-10-01"
  },
  {
    "date": "2016-07-21",
    "symbol": "NUE",
    "eps": 0.73,
    "epsEstimated": 0.7,
    "time": "bmo",
    "revenue": 4245772000,
    "revenueEstimated": 4071315068,
    "updatedFromDate": "2025-04-25",
    "fiscalDateEnding": "2016-07-02"
  }
]