[
  {
    "date": "2026-04-20",
    "symbol": "NVR",
    "eps": null,
    "epsEstimated": null,
    "time": "bmo",
    "revenue": null,
    "revenueEstimated": null,
    "updatedFromDate": "2025-10-02",
    "fiscalDateEnding": "2026-03-30"
  },
  {
    "date": "2026-01-26",
    "symbol": "NVR",
    "eps": null,
    "epsEstimated": null,
    "time": "bmo",
    "revenue": null,
    "revenueEstimated": null,
    "updatedFromDate": "2025-10-02",
    "fiscalDateEnding": "2025-12-30"
  },
  {
    "date": "2025-10-28",
    "symbol": "NVR",
    "eps": null,
    "epsEstimated": 107.88,
    "time": "bmo",
    "revenue": null,
    "revenueEstimated": null,
    "updatedFromDate": "2025-10-02",
    "fiscalDateEnding": "2025-09-30"
  },
  {
    "date": "2025-07-23",
    "symbol": "NVR",
    "eps": 108.54,
    "epsEstimated": 106.2,
    "time": "bmo",
    "revenue": 2603307000,
    "revenueEstimated": 2502449120,
    "updatedFromDate": "2025-10-02",
    "fiscalDateEnding": "2025-06-30"
  },
  {
    "date": "2025-04-22",
    "symbol": "NVR",
    "eps": 94.83,
    "epsEstimated": 106.07,
    "time": "bmo",
    "revenue": 2350445000,
    "revenueEstimated": 2355022948,
    "updatedFromDate": "2025-07-22",
    "fiscalDateEnding": "2025-03-31"
  },
  {
    "date": "2025-01-28",
    "symbol": "NVR",
    "eps": 139.93,
    "epsEstimated": 127.85,
    "time": "bmo",
    "revenue": 2851208000,
    "revenueEstimated": 2811403208,
    "updatedFromDate": "2025-04-28",
    "fiscalDateEnding": "2024-12-31"
  },
  {
    "date": "2024-10-22",
    "symbol": "NVR",
    "eps": 130.5,
    "epsEstimated": 131,
    "time": "bmo",
    "revenue": 2737679000,
    "revenueEstimated": 2710270007,
    "updatedFromDate": "2025-04-25",
    "fiscalDateEnding": "2024-09-30"
  },
  {
    "date": "2024-07-23",
    "symbol": "NVR",
    "eps": 120.69,
    "epsEstimated": 121.21,
    "time": "bmo",
    "revenue": 2559430000,
    "revenueEstimated": 2565833153,
    "updatedFromDate": "2025-04-25",
    "fiscalDateEnding": "2024-06-30"
  },
  {
    "date": "2024-04-23",
    "symbol": "NVR",
    "eps": 116.41,
    "epsEstimated": 103.97,
    "time": "bmo",
    "revenue": 2333463000,
    "revenueEstimated": 2253785875,
    "updatedFromDate": "2025-04-25",
    "fiscalDateEnding": "2024-03-31"
  },
  {
    "date": "2024-01-30",
    "symbol": "NVR",
    "eps": 121.56,
    "epsEstimated": 121.5,
    "time": "bmo",
    "revenue": 2351663000,
    "revenueEstimated": 2587080000,
    "updatedFromDate": "2025-04-25",
    "fiscalDateEnding": "2023-12-31"
  },
  {
    "date": "2023-10-24",
    "symbol": "NVR",
    "eps": 125.26,
    "epsEstimated": 115.6,
    "time": "bmo",
    "revenue": 2574092000,
    "revenueEstimated": 2607880000,
    "updatedFromDate": "2025-04-25",
    "fiscalDateEnding": "2023-09-30"
  },
  {
    "date": "2023-07-25",
    "symbol": "NVR",
    "eps": 116.54,
    "epsEstimated": 100.33,
    "time": "bmo",
    "revenue": 2342153000,
    "revenueEstimated": 2352440000,
    "updatedFromDate": "2025-04-25",
    "fiscalDateEnding": "2023-06-30"
  },
  {
    "date": "2023-04-25",
    "symbol": "NVR",
    "eps": 99.89,
    "epsEstimated": 88.96,
    "time": "bmo",
    "revenue": 2181295000,
    "revenueEstimated": 2240000000,
    "updatedFromDate": "2025-04-25",
    "fiscalDateEnding": "2023-03-31"
  },
  {
    "date": "2023-01-31",
    "symbol": "NVR",
    "eps": 133.44,
    "epsEstimated": 98.88,
    "time": "bmo",
    "revenue": 2715752000,
    "revenueEstimated": 2499542726,
    "updatedFromDate": "2025-04-25",
    "fiscalDateEnding": "2022-12-31"
  },
  {
    "date": "2022-10-25",
    "symbol": "NVR",
    "eps": 118.51,
    "epsEstimated": 121.71,
    "time": "bmo",
    "revenue": 2780337000,
    "revenueEstimated": 2587189799,
    "updatedFromDate": "2025-04-25",
    "fiscalDateEnding": "2022-09-30"
  },
  {
    "date": "2022-07-26",
    "symbol": "NVR",
    "eps": 123.65,
    "epsEstimated": 126.77,
    "time": "bmo",
    "revenue": 2661715000,
    "revenueEstimated": 2592877758,
    "updatedFromDate": "2025-04-25",
    "fiscalDateEnding": "2022-06-30"
  },
  {
    "date": "2022-04-26",
    "symbol": "NVR",
    "eps": 116.56,
    "epsEstimated": 96.98,
    "time": "bmo",
    "revenue": 2380483000,
    "revenueEstimated": 2356844862,
    "updatedFromDate": "2025-04-25",
    "fiscalDateEnding": "2022-03-31"
  },
  {
    "date": "2022-02-01",
    "symbol": "NVR",
    "eps": 89.09,
    "epsEstimated": 99.76,
    "time": "bmo",
    "revenue": 2232489000,
    "revenueEstimated": 2584971895,
    "updatedFromDate": "2025-04-25",
    "fiscalDateEnding": "2021-12-31"
  },
  {
    "date": "2021-10-21",
    "symbol": "NVR",
    "eps": 86.44,
    "epsEstimated": 92.51,
    "time": "bmo",
    "revenue": 2397976000,
    "revenueEstimated": 2407270000,
    "updatedFromDate": "2025-04-25",
    "fiscalDateEnding": "2021-09-30"
  },
  {
    "date": "2021-07-21",
    "symbol": "NVR",
    "eps": 82.45,
    "epsEstimated": 72.53,
    "time": "bmo",
    "revenue": 2285807000,
    "revenueEstimated": 2407270000,
    "updatedFromDate": "2025-04-25",
    "fiscalDateEnding": "2021-06-30"
  },
  {
    "date": "2021-04-21",
    "symbol": "NVR",
    "eps": 63.21,
    "epsEstimated": 63.01,
    "time": "bmo",
    "revenue": 2043478000,
    "revenueEstimated": 2089150000,
    "updatedFromDate": "2025-04-25",
    "fiscalDateEnding": "2021-03-31"
  },
  {
    "date": "2021-01-28",
    "symbol": "NVR",
    "eps": 76.93,
    "epsEstimated": 79.82,
    "time": "bmo",
    "revenue": 2346400000,
    "revenueEstimated": 2315150000,
    "updatedFromDate": "2025-04-25",
    "fiscalDateEnding": "2020-12-31"
  },
  {
    "date": "2020-10-20",
    "symbol": "NVR",
    "eps": 65.11,
    "epsEstimated": 59.89,
    "time": "bmo",
    "revenue": 1992234000,
    "revenueEstimated": 1766760518,
    "updatedFromDate": "2025-04-25",
    "fiscalDateEnding": "2020-09-30"
  },
  {
    "date": "2020-07-22",
    "symbol": "NVR",
    "eps": 42.5,
    "epsEstimated": 42,
    "time": "bmo",
    "revenue": 1622222000,
    "revenueEstimated": 1606187717,
    "updatedFromDate": "2025-04-25",
    "fiscalDateEnding": "2020-06-30"
  },
  {
    "date": "2020-04-23",
    "symbol": "NVR",
    "eps": 44.96,
    "epsEstimated": 45.61,
    "time": "bmo",
    "revenue": 1584997000,
    "revenueEstimated": 1613983296,
    "updatedFromDate": "2025-04-25",
    "fiscalDateEnding": "2020-03-31"
  },
  {
    "date": "2020-01-28",
    "symbol": "NVR",
    "eps": 64.41,
    "epsEstimated": 59,
    "time": "bmo",
    "revenue": 1993427000,
    "revenueEstimated": 1832707995,
    "updatedFromDate": "2025-04-25",
    "fiscalDateEnding": "2019-12-31"
  },
  {
    "date": "2019-10-18",
    "symbol": "NVR",
    "eps": 56.11,
    "epsEstimated": 51.22,
    "time": "bmo",
    "revenue": 1914604000,
    "revenueEstimated": 1754605866,
    "updatedFromDate": "2025-04-25",
    "fiscalDateEnding": "2019-09-30"
  },
  {
    "date": "2019-07-19",
    "symbol": "NVR",
    "eps": 53.09,
    "epsEstimated": 44.82,
    "time": "bmo",
    "revenue": 1802931000,
    "revenueEstimated": 1527581934,
    "updatedFromDate": "2025-04-25",
    "fiscalDateEnding": "2019-06-30"
  },
  {
    "date": "2019-04-22",
    "symbol": "NVR",
    "eps": 47.64,
    "epsEstimated": 34.45,
    "time": "bmo",
    "revenue": 1689844000,
    "revenueEstimated": 1226518345,
    "updatedFromDate": "2025-04-25",
    "fiscalDateEnding": "2019-03-31"
  },
  {
    "date": "2019-01-25",
    "symbol": "NVR",
    "eps": 58.57,
    "epsEstimated": 50.67,
    "time": "bmo",
    "revenue": 1997771000,
    "revenueEstimated": 1733136335,
    "updatedFromDate": "2025-04-25",
    "fiscalDateEnding": "2018-12-31"
  },
  {
    "date": "2018-10-18",
    "symbol": "NVR",
    "eps": 48.28,
    "epsEstimated": 50.94,
    "time": "bmo",
    "revenue": 1855769000,
    "revenueEstimated": 1961738649,
    "updatedFromDate": "2025-04-25",
    "fiscalDateEnding": "2018-09-30"
  },
  {
    "date": "2018-07-20",
    "symbol": "NVR",
    "eps": 49.05,
    "epsEstimated": 47.21,
    "time": "bmo",
    "revenue": 1790220000,
    "revenueEstimated": 1725739653,
    "updatedFromDate": "2025-04-25",
    "fiscalDateEnding": "2018-06-30"
  },
  {
    "date": "2018-04-19",
    "symbol": "NVR",
    "eps": 37.88,
    "epsEstimated": 31.79,
    "time": "bmo",
    "revenue": 1531507000,
    "revenueEstimated": 1239599898,
    "updatedFromDate": "2025-04-25",
    "fiscalDateEnding": "2018-03-31"
  },
  {
    "date": "2018-01-25",
    "symbol": "NVR",
    "eps": 43.41,
    "epsEstimated": 48.95,
    "time": "bmo",
    "revenue": 1819018000,
    "revenueEstimated": 2012861644,
    "updatedFromDate": "2025-04-25",
    "fiscalDateEnding": "2017-12-31"
  },
  {
    "date": "2017-10-19",
    "symbol": "NVR",
    "eps": 38.02,
    "epsEstimated": 36.26,
    "time": "bmo",
    "revenue": 1669873000,
    "revenueEstimated": 1594791478,
    "updatedFromDate": "2025-04-25",
    "fiscalDateEnding": "2017-09-30"
  },
  {
    "date": "2017-07-21",
    "symbol": "NVR",
    "eps": 35.19,
    "epsEstimated": 28.89,
    "time": "bmo",
    "revenue": 1546046000,
    "revenueEstimated": 1270864450,
    "updatedFromDate": "2025-04-25",
    "fiscalDateEnding": "2017-06-30"
  },
  {
    "date": "2017-04-20",
    "symbol": "NVR",
    "eps": 25.12,
    "epsEstimated": 21.03,
    "time": "bmo",
    "revenue": 1278753000,
    "revenueEstimated": 1071759792,
    "updatedFromDate": "2025-04-25",
    "fiscalDateEnding": "2017-03-31"
  },
  {
    "date": "2017-01-25",
    "symbol": "NVR",
    "eps": 37.8,
    "epsEstimated": 33.09,
    "time": "bmo",
    "revenue": 1755224000,
    "revenueEstimated": 1537459444,
    "updatedFromDate": "2025-04-25",
    "fiscalDateEnding": "2016-12-31"
  },
  {
    "date": "2016-10-20",
    "symbol": "NVR",
    "eps": 28.46,
    "epsEstimated": 29.46,
    "time": "bmo",
    "revenue": 1539569000,
    "revenueEstimated": 1594835628,
    "updatedFromDate": "2025-04-25",
    "fiscalDateEnding": "2016-09-30"
  },
  {
    "date": "2016-07-21",
    "symbol": "NVR",
    "eps": 22.01,
    "epsEstimated": 26.01,
    "time": "bmo",
    "revenue": 1389620000,
    "revenueEstimated": 1643557837,
    "updatedFromDate": "2025-04-25",
    "fiscalDateEnding": "2016-06-30"
  }
]