[
  {
    "date": "2026-05-06",
    "symbol": "NWS",
    "eps": null,
    "epsEstimated": null,
    "time": "amc",
    "revenue": null,
    "revenueEstimated": null,
    "updatedFromDate": "2025-10-02",
    "fiscalDateEnding": "2026-03-30"
  },
  {
    "date": "2026-02-03",
    "symbol": "NWS",
    "eps": null,
    "epsEstimated": null,
    "time": "amc",
    "revenue": null,
    "revenueEstimated": null,
    "updatedFromDate": "2025-10-02",
    "fiscalDateEnding": "2025-12-30"
  },
  {
    "date": "2025-11-06",
    "symbol": "NWS",
    "eps": null,
    "epsEstimated": 0.16,
    "time": "bmo",
    "revenue": null,
    "revenueEstimated": 2117679830,
    "updatedFromDate": "2025-10-02",
    "fiscalDateEnding": "2025-09-30"
  },
  {
    "date": "2025-08-05",
    "symbol": "NWS",
    "eps": 0.19,
    "epsEstimated": 0.1994,
    "time": "amc",
    "revenue": 2109000000,
    "revenueEstimated": 2093826067,
    "updatedFromDate": "2025-10-02",
    "fiscalDateEnding": "2025-06-30"
  },
  {
    "date": "2025-05-08",
    "symbol": "NWS",
    "eps": 0.17,
    "epsEstimated": 0.141,
    "time": "amc",
    "revenue": 2009000000,
    "revenueEstimated": 2004175472,
    "updatedFromDate": "2025-08-08",
    "fiscalDateEnding": "2025-03-31"
  },
  {
    "date": "2025-02-05",
    "symbol": "NWS",
    "eps": 0.33,
    "epsEstimated": 0.34,
    "time": "amc",
    "revenue": 2238000000,
    "revenueEstimated": 2185145207,
    "updatedFromDate": "2025-05-05",
    "fiscalDateEnding": "2024-12-31"
  },
  {
    "date": "2024-11-07",
    "symbol": "NWS",
    "eps": 0.21,
    "epsEstimated": 0.1681,
    "time": "amc",
    "revenue": 2577000000,
    "revenueEstimated": 2579295535,
    "updatedFromDate": "2025-04-25",
    "fiscalDateEnding": "2024-09-30"
  },
  {
    "date": "2024-08-08",
    "symbol": "NWS",
    "eps": 0.17,
    "epsEstimated": 0.1576,
    "time": "amc",
    "revenue": 2577000000,
    "revenueEstimated": 2492344236,
    "updatedFromDate": "2025-04-25",
    "fiscalDateEnding": "2024-06-30"
  },
  {
    "date": "2024-05-08",
    "symbol": "NWS",
    "eps": 0.11,
    "epsEstimated": 0.1128,
    "time": "amc",
    "revenue": 2423000000,
    "revenueEstimated": 2454605453,
    "updatedFromDate": "2025-04-25",
    "fiscalDateEnding": "2024-03-31"
  },
  {
    "date": "2024-02-07",
    "symbol": "NWS",
    "eps": 0.26,
    "epsEstimated": 0.2213,
    "time": "amc",
    "revenue": 2586000000,
    "revenueEstimated": 2564795721,
    "updatedFromDate": "2025-04-25",
    "fiscalDateEnding": "2023-12-31"
  },
  {
    "date": "2023-11-09",
    "symbol": "NWS",
    "eps": 0.16,
    "epsEstimated": 0.1179,
    "time": "amc",
    "revenue": 2499000000,
    "revenueEstimated": 2483416344,
    "updatedFromDate": "2025-04-25",
    "fiscalDateEnding": "2023-09-30"
  },
  {
    "date": "2023-08-10",
    "symbol": "NWS",
    "eps": 0.14,
    "epsEstimated": 0.08524,
    "time": "amc",
    "revenue": 2433000000,
    "revenueEstimated": 2489507113,
    "updatedFromDate": "2025-04-25",
    "fiscalDateEnding": "2023-06-30"
  },
  {
    "date": "2023-05-11",
    "symbol": "NWS",
    "eps": 0.09,
    "epsEstimated": 0.04834,
    "time": "amc",
    "revenue": 2447000000,
    "revenueEstimated": 2378618401,
    "updatedFromDate": "2025-04-25",
    "fiscalDateEnding": "2023-03-31"
  },
  {
    "date": "2023-02-09",
    "symbol": "NWS",
    "eps": 0.14,
    "epsEstimated": 0.2022,
    "time": "amc",
    "revenue": 2521000000,
    "revenueEstimated": 2568602456,
    "updatedFromDate": "2025-04-25",
    "fiscalDateEnding": "2022-12-31"
  },
  {
    "date": "2022-11-08",
    "symbol": "NWS",
    "eps": 0.12,
    "epsEstimated": 0.12,
    "time": "amc",
    "revenue": 2478000000,
    "revenueEstimated": 2478000000,
    "updatedFromDate": "2025-04-25",
    "fiscalDateEnding": "2022-09-30"
  },
  {
    "date": "2022-08-08",
    "symbol": "NWS",
    "eps": 0.37,
    "epsEstimated": 0.08279,
    "time": "amc",
    "revenue": 2674000000,
    "revenueEstimated": 2575665790,
    "updatedFromDate": "2025-04-25",
    "fiscalDateEnding": "2022-06-30"
  },
  {
    "date": "2022-05-05",
    "symbol": "NWS",
    "eps": 0.16,
    "epsEstimated": 0.1457,
    "time": "amc",
    "revenue": 2492000000,
    "revenueEstimated": 2494486861,
    "updatedFromDate": "2025-04-25",
    "fiscalDateEnding": "2022-03-31"
  },
  {
    "date": "2022-02-03",
    "symbol": "NWS",
    "eps": 0.44,
    "epsEstimated": 0.2825,
    "time": "amc",
    "revenue": 2717000000,
    "revenueEstimated": 2641960693,
    "updatedFromDate": "2025-04-25",
    "fiscalDateEnding": "2021-12-31"
  },
  {
    "date": "2021-11-04",
    "symbol": "NWS",
    "eps": 0.23,
    "epsEstimated": null,
    "time": "amc",
    "revenue": 2502000000,
    "revenueEstimated": null,
    "updatedFromDate": "2025-04-25",
    "fiscalDateEnding": "2021-09-30"
  },
  {
    "date": "2021-08-05",
    "symbol": "NWS",
    "eps": 0.16,
    "epsEstimated": null,
    "time": "amc",
    "revenue": 2492000000,
    "revenueEstimated": null,
    "updatedFromDate": "2025-04-25",
    "fiscalDateEnding": "2021-06-30"
  },
  {
    "date": "2021-05-06",
    "symbol": "NWS",
    "eps": 0.09,
    "epsEstimated": null,
    "time": "amc",
    "revenue": 2335000000,
    "revenueEstimated": null,
    "updatedFromDate": "2025-04-25",
    "fiscalDateEnding": "2021-03-31"
  },
  {
    "date": "2021-02-04",
    "symbol": "NWS",
    "eps": 0.34,
    "epsEstimated": null,
    "time": "amc",
    "revenue": 2414000000,
    "revenueEstimated": null,
    "updatedFromDate": "2025-04-25",
    "fiscalDateEnding": "2020-12-31"
  },
  {
    "date": "2020-11-05",
    "symbol": "NWS",
    "eps": 0.08,
    "epsEstimated": null,
    "time": "amc",
    "revenue": 2117000000,
    "revenueEstimated": null,
    "updatedFromDate": "2025-04-25",
    "fiscalDateEnding": "2020-09-30"
  },
  {
    "date": "2020-08-06",
    "symbol": "NWS",
    "eps": -0.03,
    "epsEstimated": null,
    "time": "amc",
    "revenue": 1923000000,
    "revenueEstimated": null,
    "updatedFromDate": "2025-04-25",
    "fiscalDateEnding": "2020-06-30"
  },
  {
    "date": "2020-05-07",
    "symbol": "NWS",
    "eps": 0.03,
    "epsEstimated": null,
    "time": "amc",
    "revenue": 2266000000,
    "revenueEstimated": null,
    "updatedFromDate": "2025-04-25",
    "fiscalDateEnding": "2020-03-31"
  },
  {
    "date": "2020-02-06",
    "symbol": "NWS",
    "eps": 0.18,
    "epsEstimated": null,
    "time": "amc",
    "revenue": 2479000000,
    "revenueEstimated": null,
    "updatedFromDate": "2025-04-25",
    "fiscalDateEnding": "2019-12-31"
  },
  {
    "date": "2019-11-07",
    "symbol": "NWS",
    "eps": 0.04,
    "epsEstimated": null,
    "time": "amc",
    "revenue": 2340000000,
    "revenueEstimated": null,
    "updatedFromDate": "2025-04-25",
    "fiscalDateEnding": "2019-09-30"
  },
  {
    "date": "2019-08-08",
    "symbol": "NWS",
    "eps": 0.07,
    "epsEstimated": null,
    "time": "amc",
    "revenue": 2466000000,
    "revenueEstimated": null,
    "updatedFromDate": "2025-04-25",
    "fiscalDateEnding": "2019-06-30"
  },
  {
    "date": "2019-05-09",
    "symbol": "NWS",
    "eps": 0.04,
    "epsEstimated": null,
    "time": "amc",
    "revenue": 2457000000,
    "revenueEstimated": null,
    "updatedFromDate": "2025-04-25",
    "fiscalDateEnding": "2019-03-31"
  },
  {
    "date": "2019-02-07",
    "symbol": "NWS",
    "eps": 0.18,
    "epsEstimated": null,
    "time": "amc",
    "revenue": 2627000000,
    "revenueEstimated": null,
    "updatedFromDate": "2025-04-25",
    "fiscalDateEnding": "2018-12-31"
  },
  {
    "date": "2018-11-07",
    "symbol": "NWS",
    "eps": 0.17,
    "epsEstimated": null,
    "time": "amc",
    "revenue": 2524000000,
    "revenueEstimated": null,
    "updatedFromDate": "2025-04-25",
    "fiscalDateEnding": "2018-09-30"
  },
  {
    "date": "2018-08-09",
    "symbol": "NWS",
    "eps": 0.08,
    "epsEstimated": null,
    "time": "amc",
    "revenue": 2693000000,
    "revenueEstimated": null,
    "updatedFromDate": "2025-04-25",
    "fiscalDateEnding": "2018-06-30"
  },
  {
    "date": "2018-05-10",
    "symbol": "NWS",
    "eps": 0.06,
    "epsEstimated": null,
    "time": "amc",
    "revenue": 2093000000,
    "revenueEstimated": null,
    "updatedFromDate": "2025-04-25",
    "fiscalDateEnding": "2018-03-31"
  },
  {
    "date": "2018-02-08",
    "symbol": "NWS",
    "eps": 0.24,
    "epsEstimated": null,
    "time": "amc",
    "revenue": 2180000000,
    "revenueEstimated": null,
    "updatedFromDate": "2025-04-25",
    "fiscalDateEnding": "2017-12-31"
  },
  {
    "date": "2017-11-09",
    "symbol": "NWS",
    "eps": 0.07,
    "epsEstimated": null,
    "time": "amc",
    "revenue": 2058000000,
    "revenueEstimated": null,
    "updatedFromDate": "2025-04-25",
    "fiscalDateEnding": "2017-09-30"
  },
  {
    "date": "2017-08-10",
    "symbol": "NWS",
    "eps": 0.11,
    "epsEstimated": null,
    "time": "amc",
    "revenue": 2080000000,
    "revenueEstimated": null,
    "updatedFromDate": "2025-04-25",
    "fiscalDateEnding": "2017-06-30"
  },
  {
    "date": "2017-05-09",
    "symbol": "NWS",
    "eps": 0.07,
    "epsEstimated": 0.04,
    "time": "amc",
    "revenue": 1978000000,
    "revenueEstimated": null,
    "updatedFromDate": "2025-04-25",
    "fiscalDateEnding": "2017-03-31"
  },
  {
    "date": "2017-02-09",
    "symbol": "NWS",
    "eps": 0.19,
    "epsEstimated": 0.18,
    "time": "amc",
    "revenue": 2116000000,
    "revenueEstimated": null,
    "updatedFromDate": "2025-04-25",
    "fiscalDateEnding": "2016-12-31"
  },
  {
    "date": "2016-11-07",
    "symbol": "NWS",
    "eps": -0.01,
    "epsEstimated": -0.01,
    "time": "amc",
    "revenue": 1965000000,
    "revenueEstimated": null,
    "updatedFromDate": "2025-04-25",
    "fiscalDateEnding": "2016-09-30"
  },
  {
    "date": "2016-08-08",
    "symbol": "NWS",
    "eps": 0.1,
    "epsEstimated": 0.12,
    "time": "amc",
    "revenue": 2226000000,
    "revenueEstimated": null,
    "updatedFromDate": "2025-04-25",
    "fiscalDateEnding": "2016-06-30"
  }
]