[
  {
    "date": "2026-05-06",
    "symbol": "NWSA",
    "eps": null,
    "epsEstimated": null,
    "time": "amc",
    "revenue": null,
    "revenueEstimated": null,
    "updatedFromDate": "2025-10-02",
    "fiscalDateEnding": "2026-03-30"
  },
  {
    "date": "2026-02-03",
    "symbol": "NWSA",
    "eps": null,
    "epsEstimated": null,
    "time": "amc",
    "revenue": null,
    "revenueEstimated": null,
    "updatedFromDate": "2025-10-02",
    "fiscalDateEnding": "2025-12-30"
  },
  {
    "date": "2025-11-06",
    "symbol": "NWSA",
    "eps": null,
    "epsEstimated": 0.18,
    "time": "bmo",
    "revenue": null,
    "revenueEstimated": 2117679830,
    "updatedFromDate": "2025-10-02",
    "fiscalDateEnding": "2025-09-30"
  },
  {
    "date": "2025-08-05",
    "symbol": "NWSA",
    "eps": 0.19,
    "epsEstimated": 0.19,
    "time": "amc",
    "revenue": 2109000000,
    "revenueEstimated": 2121385100,
    "updatedFromDate": "2025-10-02",
    "fiscalDateEnding": "2025-06-30"
  },
  {
    "date": "2025-05-08",
    "symbol": "NWSA",
    "eps": 0.17,
    "epsEstimated": 0.19,
    "time": "amc",
    "revenue": 2009000000,
    "revenueEstimated": 2094986250,
    "updatedFromDate": "2025-08-08",
    "fiscalDateEnding": "2025-03-31"
  },
  {
    "date": "2025-02-05",
    "symbol": "NWSA",
    "eps": 0.33,
    "epsEstimated": 0.29,
    "time": "amc",
    "revenue": 2238000000,
    "revenueEstimated": 2661860000,
    "updatedFromDate": "2025-05-05",
    "fiscalDateEnding": "2024-12-31"
  },
  {
    "date": "2024-11-07",
    "symbol": "NWSA",
    "eps": 0.21,
    "epsEstimated": 0.16,
    "time": "amc",
    "revenue": 2577000000,
    "revenueEstimated": 2559570000,
    "updatedFromDate": "2025-04-25",
    "fiscalDateEnding": "2024-09-30"
  },
  {
    "date": "2024-08-08",
    "symbol": "NWSA",
    "eps": 0.17,
    "epsEstimated": 0.15,
    "time": "amc",
    "revenue": 2577000000,
    "revenueEstimated": 2486920000,
    "updatedFromDate": "2025-04-25",
    "fiscalDateEnding": "2024-06-30"
  },
  {
    "date": "2024-05-08",
    "symbol": "NWSA",
    "eps": 0.11,
    "epsEstimated": 0.1,
    "time": "amc",
    "revenue": 2423000000,
    "revenueEstimated": 2452740000,
    "updatedFromDate": "2025-04-25",
    "fiscalDateEnding": "2024-03-31"
  },
  {
    "date": "2024-02-07",
    "symbol": "NWSA",
    "eps": 0.26,
    "epsEstimated": 0.19,
    "time": "amc",
    "revenue": 2586000000,
    "revenueEstimated": 2554320000,
    "updatedFromDate": "2025-04-25",
    "fiscalDateEnding": "2023-12-31"
  },
  {
    "date": "2023-11-09",
    "symbol": "NWSA",
    "eps": 0.16,
    "epsEstimated": 0.11,
    "time": "amc",
    "revenue": 2499000000,
    "revenueEstimated": 2466080000,
    "updatedFromDate": "2025-04-25",
    "fiscalDateEnding": "2023-09-30"
  },
  {
    "date": "2023-08-10",
    "symbol": "NWSA",
    "eps": 0.14,
    "epsEstimated": 0.09,
    "time": "amc",
    "revenue": 2433000000,
    "revenueEstimated": 2482200000,
    "updatedFromDate": "2025-04-25",
    "fiscalDateEnding": "2023-06-30"
  },
  {
    "date": "2023-05-11",
    "symbol": "NWSA",
    "eps": 0.09,
    "epsEstimated": 0.05,
    "time": "amc",
    "revenue": 2447000000,
    "revenueEstimated": 2371060000,
    "updatedFromDate": "2025-04-25",
    "fiscalDateEnding": "2023-03-31"
  },
  {
    "date": "2023-02-09",
    "symbol": "NWSA",
    "eps": 0.14,
    "epsEstimated": 0.19,
    "time": "amc",
    "revenue": 2521000000,
    "revenueEstimated": 2568602456,
    "updatedFromDate": "2025-04-25",
    "fiscalDateEnding": "2022-12-31"
  },
  {
    "date": "2022-11-08",
    "symbol": "NWSA",
    "eps": 0.12,
    "epsEstimated": 0.15,
    "time": "amc",
    "revenue": 2478000000,
    "revenueEstimated": 2478000000,
    "updatedFromDate": "2025-04-25",
    "fiscalDateEnding": "2022-09-30"
  },
  {
    "date": "2022-08-08",
    "symbol": "NWSA",
    "eps": 0.37,
    "epsEstimated": 0.11,
    "time": "amc",
    "revenue": 2674000000,
    "revenueEstimated": 2575665790,
    "updatedFromDate": "2025-04-25",
    "fiscalDateEnding": "2022-06-30"
  },
  {
    "date": "2022-05-05",
    "symbol": "NWSA",
    "eps": 0.16,
    "epsEstimated": 0.14,
    "time": "amc",
    "revenue": 2492000000,
    "revenueEstimated": 2494486861,
    "updatedFromDate": "2025-04-25",
    "fiscalDateEnding": "2022-03-31"
  },
  {
    "date": "2022-02-03",
    "symbol": "NWSA",
    "eps": 0.44,
    "epsEstimated": 0.31,
    "time": "amc",
    "revenue": 2717000000,
    "revenueEstimated": 2641960693,
    "updatedFromDate": "2025-04-25",
    "fiscalDateEnding": "2021-12-31"
  },
  {
    "date": "2021-11-04",
    "symbol": "NWSA",
    "eps": 0.23,
    "epsEstimated": 0.13,
    "time": "amc",
    "revenue": 2502000000,
    "revenueEstimated": 2143540381,
    "updatedFromDate": "2025-04-25",
    "fiscalDateEnding": "2021-09-30"
  },
  {
    "date": "2021-08-05",
    "symbol": "NWSA",
    "eps": 0.16,
    "epsEstimated": 0.11,
    "time": "amc",
    "revenue": 2492000000,
    "revenueEstimated": 2492000000,
    "updatedFromDate": "2025-04-25",
    "fiscalDateEnding": "2021-06-30"
  },
  {
    "date": "2021-05-06",
    "symbol": "NWSA",
    "eps": 0.09,
    "epsEstimated": 0.051,
    "time": "amc",
    "revenue": 2335000000,
    "revenueEstimated": 1733737500,
    "updatedFromDate": "2025-04-25",
    "fiscalDateEnding": "2021-03-31"
  },
  {
    "date": "2021-02-04",
    "symbol": "NWSA",
    "eps": 0.34,
    "epsEstimated": 0.11,
    "time": "amc",
    "revenue": 2414000000,
    "revenueEstimated": 2232750000,
    "updatedFromDate": "2025-04-25",
    "fiscalDateEnding": "2020-12-31"
  },
  {
    "date": "2020-11-05",
    "symbol": "NWSA",
    "eps": 0.08,
    "epsEstimated": 0.00286,
    "time": "amc",
    "revenue": 2117000000,
    "revenueEstimated": null,
    "updatedFromDate": "2025-04-25",
    "fiscalDateEnding": "2020-09-30"
  },
  {
    "date": "2020-08-06",
    "symbol": "NWSA",
    "eps": -0.03,
    "epsEstimated": -0.09,
    "time": "amc",
    "revenue": 1923000000,
    "revenueEstimated": 5769000000,
    "updatedFromDate": "2025-04-25",
    "fiscalDateEnding": "2020-06-30"
  },
  {
    "date": "2020-05-07",
    "symbol": "NWSA",
    "eps": 0.03,
    "epsEstimated": 0.00986,
    "time": "amc",
    "revenue": 2266000000,
    "revenueEstimated": 755333333,
    "updatedFromDate": "2025-04-25",
    "fiscalDateEnding": "2020-03-31"
  },
  {
    "date": "2020-02-06",
    "symbol": "NWSA",
    "eps": 0.18,
    "epsEstimated": 0.15,
    "time": "amc",
    "revenue": 2479000000,
    "revenueEstimated": 2065833333,
    "updatedFromDate": "2025-04-25",
    "fiscalDateEnding": "2019-12-31"
  },
  {
    "date": "2019-11-07",
    "symbol": "NWSA",
    "eps": 0.04,
    "epsEstimated": 0.05086,
    "time": "amc",
    "revenue": 2340000000,
    "revenueEstimated": 2925000000,
    "updatedFromDate": "2025-04-25",
    "fiscalDateEnding": "2019-09-30"
  },
  {
    "date": "2019-08-08",
    "symbol": "NWSA",
    "eps": 0.07,
    "epsEstimated": 0.02871,
    "time": "amc",
    "revenue": 2466000000,
    "revenueEstimated": 2034450000,
    "updatedFromDate": "2025-04-25",
    "fiscalDateEnding": "2019-06-30"
  },
  {
    "date": "2019-05-09",
    "symbol": "NWSA",
    "eps": 0.04,
    "epsEstimated": 0.00067,
    "time": "amc",
    "revenue": 2457000000,
    "revenueEstimated": null,
    "updatedFromDate": "2025-04-25",
    "fiscalDateEnding": "2019-03-31"
  },
  {
    "date": "2019-02-07",
    "symbol": "NWSA",
    "eps": 0.18,
    "epsEstimated": 0.14,
    "time": "amc",
    "revenue": 2627000000,
    "revenueEstimated": 2043222222,
    "updatedFromDate": "2025-04-25",
    "fiscalDateEnding": "2018-12-31"
  },
  {
    "date": "2018-11-07",
    "symbol": "NWSA",
    "eps": 0.17,
    "epsEstimated": 0.04438,
    "time": "amc",
    "revenue": 2524000000,
    "revenueEstimated": 593882352,
    "updatedFromDate": "2025-04-25",
    "fiscalDateEnding": "2018-09-30"
  },
  {
    "date": "2018-08-09",
    "symbol": "NWSA",
    "eps": 0.08,
    "epsEstimated": 0.06,
    "time": "amc",
    "revenue": 2693000000,
    "revenueEstimated": 2019750000,
    "updatedFromDate": "2025-04-25",
    "fiscalDateEnding": "2018-06-30"
  },
  {
    "date": "2018-05-10",
    "symbol": "NWSA",
    "eps": 0.06,
    "epsEstimated": 0.05,
    "time": "amc",
    "revenue": 2093000000,
    "revenueEstimated": 2093000000,
    "updatedFromDate": "2025-04-25",
    "fiscalDateEnding": "2018-03-31"
  },
  {
    "date": "2018-02-08",
    "symbol": "NWSA",
    "eps": 0.24,
    "epsEstimated": 0.19,
    "time": "amc",
    "revenue": 2180000000,
    "revenueEstimated": 1725833333,
    "updatedFromDate": "2025-04-25",
    "fiscalDateEnding": "2017-12-31"
  },
  {
    "date": "2017-11-09",
    "symbol": "NWSA",
    "eps": 0.07,
    "epsEstimated": 0.01317,
    "time": "amc",
    "revenue": 2058000000,
    "revenueEstimated": 294000000,
    "updatedFromDate": "2025-04-25",
    "fiscalDateEnding": "2017-09-30"
  },
  {
    "date": "2017-08-10",
    "symbol": "NWSA",
    "eps": 0.11,
    "epsEstimated": 0.09,
    "time": "amc",
    "revenue": 2080000000,
    "revenueEstimated": 1701818181,
    "updatedFromDate": "2025-04-25",
    "fiscalDateEnding": "2017-06-30"
  },
  {
    "date": "2017-05-09",
    "symbol": "NWSA",
    "eps": 0.07,
    "epsEstimated": 0.05014,
    "time": "amc",
    "revenue": 1978000000,
    "revenueEstimated": 1412857142,
    "updatedFromDate": "2025-04-25",
    "fiscalDateEnding": "2017-03-31"
  },
  {
    "date": "2017-02-09",
    "symbol": "NWSA",
    "eps": 0.19,
    "epsEstimated": 0.18,
    "time": "amc",
    "revenue": 2116000000,
    "revenueEstimated": 2116000000,
    "updatedFromDate": "2025-04-25",
    "fiscalDateEnding": "2016-12-31"
  },
  {
    "date": "2016-11-07",
    "symbol": "NWSA",
    "eps": -0.01,
    "epsEstimated": -0.00117,
    "time": "amc",
    "revenue": 1965000000,
    "revenueEstimated": null,
    "updatedFromDate": "2025-04-25",
    "fiscalDateEnding": "2016-09-30"
  },
  {
    "date": "2016-08-08",
    "symbol": "NWSA",
    "eps": 0.1,
    "epsEstimated": 0.12,
    "time": "amc",
    "revenue": 2226000000,
    "revenueEstimated": 2893800000,
    "updatedFromDate": "2025-04-25",
    "fiscalDateEnding": "2016-06-30"
  }
]