[
  {
    "date": "2026-04-27",
    "symbol": "NXPI",
    "eps": null,
    "epsEstimated": null,
    "time": "amc",
    "revenue": null,
    "revenueEstimated": null,
    "updatedFromDate": "2025-10-02",
    "fiscalDateEnding": "2026-03-29"
  },
  {
    "date": "2026-02-02",
    "symbol": "NXPI",
    "eps": null,
    "epsEstimated": null,
    "time": "amc",
    "revenue": null,
    "revenueEstimated": null,
    "updatedFromDate": "2025-10-02",
    "fiscalDateEnding": "2025-12-29"
  },
  {
    "date": "2025-10-27",
    "symbol": "NXPI",
    "eps": null,
    "epsEstimated": 3.1,
    "time": "amc",
    "revenue": null,
    "revenueEstimated": 3154308790,
    "updatedFromDate": "2025-10-02",
    "fiscalDateEnding": "2025-09-29"
  },
  {
    "date": "2025-07-21",
    "symbol": "NXPI",
    "eps": 2.72,
    "epsEstimated": 2.68,
    "time": "amc",
    "revenue": 2926000000,
    "revenueEstimated": 2901882077,
    "updatedFromDate": "2025-10-02",
    "fiscalDateEnding": "2025-06-29"
  },
  {
    "date": "2025-04-28",
    "symbol": "NXPI",
    "eps": 2.64,
    "epsEstimated": 2.61,
    "time": "amc",
    "revenue": 2835000000,
    "revenueEstimated": 2830973432,
    "updatedFromDate": "2025-07-28",
    "fiscalDateEnding": "2025-03-30"
  },
  {
    "date": "2025-02-03",
    "symbol": "NXPI",
    "eps": 3.18,
    "epsEstimated": 3.14,
    "time": "amc",
    "revenue": 3111000000,
    "revenueEstimated": 3103099769,
    "updatedFromDate": "2025-05-03",
    "fiscalDateEnding": "2024-12-31"
  },
  {
    "date": "2024-11-04",
    "symbol": "NXPI",
    "eps": 3.45,
    "epsEstimated": 3.43,
    "time": "amc",
    "revenue": 3250000000,
    "revenueEstimated": 3254289188,
    "updatedFromDate": "2025-04-25",
    "fiscalDateEnding": "2024-09-29"
  },
  {
    "date": "2024-07-22",
    "symbol": "NXPI",
    "eps": 3.2,
    "epsEstimated": 3.21,
    "time": "amc",
    "revenue": 3127000000,
    "revenueEstimated": 3125468609,
    "updatedFromDate": "2025-04-25",
    "fiscalDateEnding": "2024-06-30"
  },
  {
    "date": "2024-04-29",
    "symbol": "NXPI",
    "eps": 3.24,
    "epsEstimated": 3.19,
    "time": "amc",
    "revenue": 3125999999,
    "revenueEstimated": 3129199417,
    "updatedFromDate": "2025-04-25",
    "fiscalDateEnding": "2024-03-31"
  },
  {
    "date": "2024-02-05",
    "symbol": "NXPI",
    "eps": 3.71,
    "epsEstimated": 3.64,
    "time": "amc",
    "revenue": 3422000000,
    "revenueEstimated": 3397480000,
    "updatedFromDate": "2025-04-25",
    "fiscalDateEnding": "2023-12-31"
  },
  {
    "date": "2023-11-06",
    "symbol": "NXPI",
    "eps": 3.7,
    "epsEstimated": 3.59,
    "time": "amc",
    "revenue": 3434000000,
    "revenueEstimated": 3398830000,
    "updatedFromDate": "2025-04-25",
    "fiscalDateEnding": "2023-10-01"
  },
  {
    "date": "2023-07-24",
    "symbol": "NXPI",
    "eps": 3.43,
    "epsEstimated": 3.29,
    "time": "amc",
    "revenue": 3299000000,
    "revenueEstimated": 3398830000,
    "updatedFromDate": "2025-04-25",
    "fiscalDateEnding": "2023-07-02"
  },
  {
    "date": "2023-05-01",
    "symbol": "NXPI",
    "eps": 3.19,
    "epsEstimated": 3.02,
    "time": "amc",
    "revenue": 3121000000,
    "revenueEstimated": 3036690000,
    "updatedFromDate": "2025-04-25",
    "fiscalDateEnding": "2023-04-02"
  },
  {
    "date": "2023-01-30",
    "symbol": "NXPI",
    "eps": 3.73,
    "epsEstimated": 3.6,
    "time": "amc",
    "revenue": 3312000000,
    "revenueEstimated": 3296040455,
    "updatedFromDate": "2025-04-25",
    "fiscalDateEnding": "2022-12-31"
  },
  {
    "date": "2022-10-31",
    "symbol": "NXPI",
    "eps": 3.81,
    "epsEstimated": 3.63,
    "time": "amc",
    "revenue": 3445000000,
    "revenueEstimated": 3424880881,
    "updatedFromDate": "2025-04-25",
    "fiscalDateEnding": "2022-10-02"
  },
  {
    "date": "2022-07-25",
    "symbol": "NXPI",
    "eps": 4.74,
    "epsEstimated": 3.39,
    "time": "amc",
    "revenue": 3312000000,
    "revenueEstimated": 3269334025,
    "updatedFromDate": "2025-04-25",
    "fiscalDateEnding": "2022-07-03"
  },
  {
    "date": "2022-05-02",
    "symbol": "NXPI",
    "eps": 3.45,
    "epsEstimated": 3.18,
    "time": "amc",
    "revenue": 3136000000,
    "revenueEstimated": 3103859905,
    "updatedFromDate": "2025-04-25",
    "fiscalDateEnding": "2022-04-03"
  },
  {
    "date": "2022-01-31",
    "symbol": "NXPI",
    "eps": 3.08,
    "epsEstimated": 3.01,
    "time": "amc",
    "revenue": 3039000000,
    "revenueEstimated": 3008283095,
    "updatedFromDate": "2025-04-25",
    "fiscalDateEnding": "2021-12-31"
  },
  {
    "date": "2021-11-01",
    "symbol": "NXPI",
    "eps": 2.82,
    "epsEstimated": 2.74,
    "time": "amc",
    "revenue": 2861000000,
    "revenueEstimated": 2851020000,
    "updatedFromDate": "2025-04-25",
    "fiscalDateEnding": "2021-10-03"
  },
  {
    "date": "2021-08-02",
    "symbol": "NXPI",
    "eps": 2.38,
    "epsEstimated": 2.31,
    "time": "amc",
    "revenue": 2596000000,
    "revenueEstimated": 2576320000,
    "updatedFromDate": "2025-04-25",
    "fiscalDateEnding": "2021-07-04"
  },
  {
    "date": "2021-04-26",
    "symbol": "NXPI",
    "eps": 2.31,
    "epsEstimated": 2.21,
    "time": "amc",
    "revenue": 2567000000,
    "revenueEstimated": 2547240000,
    "updatedFromDate": "2025-04-25",
    "fiscalDateEnding": "2021-04-04"
  },
  {
    "date": "2021-02-01",
    "symbol": "NXPI",
    "eps": 2.68,
    "epsEstimated": 2.11,
    "time": "amc",
    "revenue": 2507000000,
    "revenueEstimated": 2457000000,
    "updatedFromDate": "2025-04-25",
    "fiscalDateEnding": "2020-12-31"
  },
  {
    "date": "2020-10-26",
    "symbol": "NXPI",
    "eps": 1.7,
    "epsEstimated": 1.59,
    "time": "amc",
    "revenue": 2267000000,
    "revenueEstimated": 2155049382,
    "updatedFromDate": "2025-04-25",
    "fiscalDateEnding": "2020-09-27"
  },
  {
    "date": "2020-07-27",
    "symbol": "NXPI",
    "eps": 0.7,
    "epsEstimated": 0.85,
    "time": "amc",
    "revenue": 1817000000,
    "revenueEstimated": 1643031914,
    "updatedFromDate": "2025-04-25",
    "fiscalDateEnding": "2020-06-28"
  },
  {
    "date": "2020-04-27",
    "symbol": "NXPI",
    "eps": 2.04,
    "epsEstimated": 1.37,
    "time": "amc",
    "revenue": 2021000000,
    "revenueEstimated": 2021000000,
    "updatedFromDate": "2025-04-25",
    "fiscalDateEnding": "2020-03-29"
  },
  {
    "date": "2020-02-03",
    "symbol": "NXPI",
    "eps": 2.41,
    "epsEstimated": 2.02,
    "time": "amc",
    "revenue": 2301000000,
    "revenueEstimated": 2335688442,
    "updatedFromDate": "2025-04-25",
    "fiscalDateEnding": "2019-12-31"
  },
  {
    "date": "2019-10-28",
    "symbol": "NXPI",
    "eps": 2.42,
    "epsEstimated": 1.93,
    "time": "amc",
    "revenue": 2265000000,
    "revenueEstimated": 2159378238,
    "updatedFromDate": "2025-04-25",
    "fiscalDateEnding": "2019-09-30"
  },
  {
    "date": "2019-07-30",
    "symbol": "NXPI",
    "eps": 2.24,
    "epsEstimated": 1.77,
    "time": "amc",
    "revenue": 2217000000,
    "revenueEstimated": 2055084269,
    "updatedFromDate": "2025-04-25",
    "fiscalDateEnding": "2019-06-30"
  },
  {
    "date": "2019-04-29",
    "symbol": "NXPI",
    "eps": 1.95,
    "epsEstimated": 1.55,
    "time": "amc",
    "revenue": 2094000000,
    "revenueEstimated": 1945393548,
    "updatedFromDate": "2025-04-25",
    "fiscalDateEnding": "2019-03-31"
  },
  {
    "date": "2019-02-06",
    "symbol": "NXPI",
    "eps": 2.3,
    "epsEstimated": 2.09,
    "time": "amc",
    "revenue": 2403000000,
    "revenueEstimated": 2345235576,
    "updatedFromDate": "2025-04-25",
    "fiscalDateEnding": "2018-12-31"
  },
  {
    "date": "2018-10-31",
    "symbol": "NXPI",
    "eps": 2.01,
    "epsEstimated": 1.92,
    "time": "amc",
    "revenue": 2445000000,
    "revenueEstimated": 2303447368,
    "updatedFromDate": "2025-04-25",
    "fiscalDateEnding": "2018-09-30"
  },
  {
    "date": "2018-07-26",
    "symbol": "NXPI",
    "eps": 1.25,
    "epsEstimated": 1.64,
    "time": "bmo",
    "revenue": 2290000000,
    "revenueEstimated": 2498181818,
    "updatedFromDate": "2025-04-25",
    "fiscalDateEnding": "2018-06-30"
  },
  {
    "date": "2018-05-02",
    "symbol": "NXPI",
    "eps": 1.11,
    "epsEstimated": 1.71,
    "time": "amc",
    "revenue": 2269000000,
    "revenueEstimated": 2353559006,
    "updatedFromDate": "2025-04-25",
    "fiscalDateEnding": "2018-03-31"
  },
  {
    "date": "2018-02-07",
    "symbol": "NXPI",
    "eps": 3.21,
    "epsEstimated": 1.82,
    "time": "amc",
    "revenue": 2456000000,
    "revenueEstimated": 2237688888,
    "updatedFromDate": "2025-04-25",
    "fiscalDateEnding": "2017-12-31"
  },
  {
    "date": "2017-10-25",
    "symbol": "NXPI",
    "eps": 1.4,
    "epsEstimated": 1.69,
    "time": "amc",
    "revenue": 2387000000,
    "revenueEstimated": 2161011834,
    "updatedFromDate": "2025-04-25",
    "fiscalDateEnding": "2017-09-30"
  },
  {
    "date": "2017-08-02",
    "symbol": "NXPI",
    "eps": 1.22,
    "epsEstimated": 1.52,
    "time": "amc",
    "revenue": 2202000000,
    "revenueEstimated": 2216486842,
    "updatedFromDate": "2025-04-25",
    "fiscalDateEnding": "2017-06-30"
  },
  {
    "date": "2017-05-03",
    "symbol": "NXPI",
    "eps": 1.75,
    "epsEstimated": 1.34,
    "time": "amc",
    "revenue": 2211000000,
    "revenueEstimated": 2129111111,
    "updatedFromDate": "2025-04-25",
    "fiscalDateEnding": "2017-03-31"
  },
  {
    "date": "2017-02-01",
    "symbol": "NXPI",
    "eps": 1.95,
    "epsEstimated": 1.65,
    "time": "amc",
    "revenue": 2440000000,
    "revenueEstimated": 2292121212,
    "updatedFromDate": "2025-04-25",
    "fiscalDateEnding": "2016-12-31"
  },
  {
    "date": "2016-10-26",
    "symbol": "NXPI",
    "eps": 1.24,
    "epsEstimated": 1.6,
    "time": "amc",
    "revenue": 2469000000,
    "revenueEstimated": 2391843750,
    "updatedFromDate": "2025-04-25",
    "fiscalDateEnding": "2016-09-30"
  },
  {
    "date": "2016-07-27",
    "symbol": "NXPI",
    "eps": 1.39,
    "epsEstimated": 1.36,
    "time": "amc",
    "revenue": 2365000000,
    "revenueEstimated": 2294925925,
    "updatedFromDate": "2025-04-25",
    "fiscalDateEnding": "2016-06-30"
  }
]