[
  {
    "date": "2026-05-04",
    "symbol": "O",
    "eps": null,
    "epsEstimated": null,
    "time": "amc",
    "revenue": null,
    "revenueEstimated": null,
    "updatedFromDate": "2025-10-02",
    "fiscalDateEnding": "2026-03-30"
  },
  {
    "date": "2026-02-23",
    "symbol": "O",
    "eps": null,
    "epsEstimated": null,
    "time": "amc",
    "revenue": null,
    "revenueEstimated": null,
    "updatedFromDate": "2025-10-02",
    "fiscalDateEnding": "2025-12-30"
  },
  {
    "date": "2025-11-03",
    "symbol": "O",
    "eps": null,
    "epsEstimated": 1.07,
    "time": "bmo",
    "revenue": null,
    "revenueEstimated": 1354724920,
    "updatedFromDate": "2025-10-02",
    "fiscalDateEnding": "2025-09-30"
  },
  {
    "date": "2025-08-06",
    "symbol": "O",
    "eps": 1.05,
    "epsEstimated": 1.06,
    "time": "amc",
    "revenue": 1410378000,
    "revenueEstimated": 1338049860,
    "updatedFromDate": "2025-10-02",
    "fiscalDateEnding": "2025-06-30"
  },
  {
    "date": "2025-05-05",
    "symbol": "O",
    "eps": 1.06,
    "epsEstimated": 1.06,
    "time": "amc",
    "revenue": 1380505000,
    "revenueEstimated": 1316547930,
    "updatedFromDate": "2025-08-05",
    "fiscalDateEnding": "2025-03-31"
  },
  {
    "date": "2025-02-24",
    "symbol": "O",
    "eps": 1.05,
    "epsEstimated": 1.06,
    "time": "amc",
    "revenue": 1340299000,
    "revenueEstimated": 1282339630,
    "updatedFromDate": "2025-05-23",
    "fiscalDateEnding": "2024-12-31"
  },
  {
    "date": "2024-11-04",
    "symbol": "O",
    "eps": 1.05,
    "epsEstimated": 1.05,
    "time": "amc",
    "revenue": 1330915000,
    "revenueEstimated": 1262840680,
    "updatedFromDate": "2025-04-25",
    "fiscalDateEnding": "2024-09-30"
  },
  {
    "date": "2024-08-05",
    "symbol": "O",
    "eps": 1.06,
    "epsEstimated": 1.05,
    "time": "amc",
    "revenue": 1348031000,
    "revenueEstimated": 1247330000,
    "updatedFromDate": "2025-04-25",
    "fiscalDateEnding": "2024-06-30"
  },
  {
    "date": "2024-05-06",
    "symbol": "O",
    "eps": 1.03,
    "epsEstimated": 1.03,
    "time": "amc",
    "revenue": 1269417000,
    "revenueEstimated": 1255760000,
    "updatedFromDate": "2025-04-25",
    "fiscalDateEnding": "2024-03-31"
  },
  {
    "date": "2024-02-20",
    "symbol": "O",
    "eps": 1.01,
    "epsEstimated": 1.02,
    "time": "amc",
    "revenue": 1076285000,
    "revenueEstimated": 1022980000,
    "updatedFromDate": "2025-04-25",
    "fiscalDateEnding": "2023-12-31"
  },
  {
    "date": "2023-11-06",
    "symbol": "O",
    "eps": 1.02,
    "epsEstimated": 1,
    "time": "amc",
    "revenue": 1039104000,
    "revenueEstimated": 1000900000,
    "updatedFromDate": "2025-04-25",
    "fiscalDateEnding": "2023-09-30"
  },
  {
    "date": "2023-08-02",
    "symbol": "O",
    "eps": 1,
    "epsEstimated": 0.99,
    "time": "amc",
    "revenue": 1019205000,
    "revenueEstimated": 985110000,
    "updatedFromDate": "2025-04-25",
    "fiscalDateEnding": "2023-06-30"
  },
  {
    "date": "2023-05-03",
    "symbol": "O",
    "eps": 0.98,
    "epsEstimated": 1.02,
    "time": "amc",
    "revenue": 944399000,
    "revenueEstimated": 907670000,
    "updatedFromDate": "2025-04-25",
    "fiscalDateEnding": "2023-03-31"
  },
  {
    "date": "2023-02-21",
    "symbol": "O",
    "eps": 1,
    "epsEstimated": 0.98,
    "time": "amc",
    "revenue": 888650000,
    "revenueEstimated": 846302357,
    "updatedFromDate": "2025-04-25",
    "fiscalDateEnding": "2022-12-31"
  },
  {
    "date": "2022-11-02",
    "symbol": "O",
    "eps": 0.98,
    "epsEstimated": 0.96,
    "time": "amc",
    "revenue": 837269000,
    "revenueEstimated": 817497395,
    "updatedFromDate": "2025-04-25",
    "fiscalDateEnding": "2022-09-30"
  },
  {
    "date": "2022-08-03",
    "symbol": "O",
    "eps": 0.97,
    "epsEstimated": 0.95,
    "time": "amc",
    "revenue": 810419000,
    "revenueEstimated": 795635773,
    "updatedFromDate": "2025-04-25",
    "fiscalDateEnding": "2022-06-30"
  },
  {
    "date": "2022-05-04",
    "symbol": "O",
    "eps": 0.98,
    "epsEstimated": 0.97,
    "time": "amc",
    "revenue": 807343000,
    "revenueEstimated": 754779507,
    "updatedFromDate": "2025-04-25",
    "fiscalDateEnding": "2022-03-31"
  },
  {
    "date": "2022-02-22",
    "symbol": "O",
    "eps": 0.94,
    "epsEstimated": 0.93,
    "time": "amc",
    "revenue": 685019000,
    "revenueEstimated": 667098956,
    "updatedFromDate": "2025-04-25",
    "fiscalDateEnding": "2021-12-31"
  },
  {
    "date": "2021-11-01",
    "symbol": "O",
    "eps": 0.91,
    "epsEstimated": 0.92,
    "time": "amc",
    "revenue": 491875000,
    "revenueEstimated": 469760000,
    "updatedFromDate": "2025-04-25",
    "fiscalDateEnding": "2021-09-30"
  },
  {
    "date": "2021-08-02",
    "symbol": "O",
    "eps": 0.88,
    "epsEstimated": 0.88,
    "time": "amc",
    "revenue": 464282000,
    "revenueEstimated": 442420000,
    "updatedFromDate": "2025-04-25",
    "fiscalDateEnding": "2021-06-30"
  },
  {
    "date": "2021-05-03",
    "symbol": "O",
    "eps": 0.86,
    "epsEstimated": 0.85,
    "time": "amc",
    "revenue": 442804000,
    "revenueEstimated": 422240000,
    "updatedFromDate": "2025-04-25",
    "fiscalDateEnding": "2021-03-31"
  },
  {
    "date": "2021-02-22",
    "symbol": "O",
    "eps": 0.84,
    "epsEstimated": 0.83,
    "time": "amc",
    "revenue": 418076000,
    "revenueEstimated": 430372352,
    "updatedFromDate": "2025-04-25",
    "fiscalDateEnding": "2020-12-31"
  },
  {
    "date": "2020-11-02",
    "symbol": "O",
    "eps": 0.81,
    "epsEstimated": 0.84,
    "time": "amc",
    "revenue": 404572000,
    "revenueEstimated": 2022859999,
    "updatedFromDate": "2025-04-25",
    "fiscalDateEnding": "2020-09-30"
  },
  {
    "date": "2020-08-03",
    "symbol": "O",
    "eps": 0.86,
    "epsEstimated": 0.76,
    "time": "amc",
    "revenue": 414636000,
    "revenueEstimated": 428011354,
    "updatedFromDate": "2025-04-25",
    "fiscalDateEnding": "2020-06-30"
  },
  {
    "date": "2020-05-04",
    "symbol": "O",
    "eps": 0.88,
    "epsEstimated": 0.85,
    "time": "amc",
    "revenue": 414341000,
    "revenueEstimated": 423757840,
    "updatedFromDate": "2025-04-25",
    "fiscalDateEnding": "2020-03-31"
  },
  {
    "date": "2020-02-19",
    "symbol": "O",
    "eps": 0.86,
    "epsEstimated": 0.83,
    "time": "amc",
    "revenue": 397529000,
    "revenueEstimated": 346563743,
    "updatedFromDate": "2025-04-25",
    "fiscalDateEnding": "2019-12-31"
  },
  {
    "date": "2019-11-04",
    "symbol": "O",
    "eps": 0.83,
    "epsEstimated": 0.83,
    "time": "amc",
    "revenue": 374247000,
    "revenueEstimated": 385942218,
    "updatedFromDate": "2025-04-25",
    "fiscalDateEnding": "2019-09-30"
  },
  {
    "date": "2019-08-05",
    "symbol": "O",
    "eps": 0.82,
    "epsEstimated": 0.81,
    "time": "amc",
    "revenue": 365450000,
    "revenueEstimated": 397695588,
    "updatedFromDate": "2025-04-25",
    "fiscalDateEnding": "2019-06-30"
  },
  {
    "date": "2019-05-01",
    "symbol": "O",
    "eps": 0.82,
    "epsEstimated": 0.8,
    "time": "amc",
    "revenue": 354365000,
    "revenueEstimated": 325632702,
    "updatedFromDate": "2025-04-25",
    "fiscalDateEnding": "2019-03-31"
  },
  {
    "date": "2019-02-20",
    "symbol": "O",
    "eps": 0.79,
    "epsEstimated": 0.75,
    "time": "amc",
    "revenue": 342576000,
    "revenueEstimated": 366201931,
    "updatedFromDate": "2025-04-25",
    "fiscalDateEnding": "2018-12-31"
  },
  {
    "date": "2018-10-31",
    "symbol": "O",
    "eps": 0.81,
    "epsEstimated": 0.79,
    "time": "amc",
    "revenue": 338081000,
    "revenueEstimated": 328137441,
    "updatedFromDate": "2025-04-25",
    "fiscalDateEnding": "2018-09-30"
  },
  {
    "date": "2018-08-01",
    "symbol": "O",
    "eps": 0.8,
    "epsEstimated": 0.79,
    "time": "amc",
    "revenue": 328886000,
    "revenueEstimated": 309552941,
    "updatedFromDate": "2025-04-25",
    "fiscalDateEnding": "2018-06-30"
  },
  {
    "date": "2018-05-08",
    "symbol": "O",
    "eps": 0.79,
    "epsEstimated": 0.79,
    "time": "amc",
    "revenue": 318295000,
    "revenueEstimated": 362203448,
    "updatedFromDate": "2025-04-25",
    "fiscalDateEnding": "2018-03-31"
  },
  {
    "date": "2018-02-21",
    "symbol": "O",
    "eps": 0.76,
    "epsEstimated": 0.77,
    "time": "amc",
    "revenue": 310654000,
    "revenueEstimated": 451927272,
    "updatedFromDate": "2025-04-25",
    "fiscalDateEnding": "2017-12-31"
  },
  {
    "date": "2017-10-25",
    "symbol": "O",
    "eps": 0.77,
    "epsEstimated": 0.76,
    "time": "amc",
    "revenue": 306920000,
    "revenueEstimated": 297309375,
    "updatedFromDate": "2025-04-25",
    "fiscalDateEnding": "2017-09-30"
  },
  {
    "date": "2017-07-26",
    "symbol": "O",
    "eps": 0.76,
    "epsEstimated": 0.76,
    "time": "amc",
    "revenue": 300170000,
    "revenueEstimated": 320213333,
    "updatedFromDate": "2025-04-25",
    "fiscalDateEnding": "2017-06-30"
  },
  {
    "date": "2017-04-25",
    "symbol": "O",
    "eps": 0.76,
    "epsEstimated": 0.75,
    "time": "amc",
    "revenue": 298025000,
    "revenueEstimated": 320074074,
    "updatedFromDate": "2025-04-25",
    "fiscalDateEnding": "2017-03-31"
  },
  {
    "date": "2017-02-22",
    "symbol": "O",
    "eps": 0.77,
    "epsEstimated": 0.75,
    "time": "amc",
    "revenue": 287843000,
    "revenueEstimated": 261636363,
    "updatedFromDate": "2025-04-25",
    "fiscalDateEnding": "2016-12-31"
  },
  {
    "date": "2016-10-26",
    "symbol": "O",
    "eps": 0.72,
    "epsEstimated": 0.72,
    "time": "amc",
    "revenue": 277174000,
    "revenueEstimated": 297733333,
    "updatedFromDate": "2025-04-25",
    "fiscalDateEnding": "2016-09-30"
  },
  {
    "date": "2016-07-27",
    "symbol": "O",
    "eps": 0.71,
    "epsEstimated": 0.72,
    "time": "amc",
    "revenue": 271039000,
    "revenueEstimated": 289731344,
    "updatedFromDate": "2025-04-25",
    "fiscalDateEnding": "2016-06-30"
  }
]