[
  {
    "date": "2026-04-21",
    "symbol": "ODFL",
    "eps": null,
    "epsEstimated": null,
    "time": "bmo",
    "revenue": null,
    "revenueEstimated": null,
    "updatedFromDate": "2025-10-02",
    "fiscalDateEnding": "2026-03-30"
  },
  {
    "date": "2026-02-03",
    "symbol": "ODFL",
    "eps": null,
    "epsEstimated": null,
    "time": "bmo",
    "revenue": null,
    "revenueEstimated": null,
    "updatedFromDate": "2025-10-02",
    "fiscalDateEnding": "2025-12-30"
  },
  {
    "date": "2025-10-22",
    "symbol": "ODFL",
    "eps": null,
    "epsEstimated": 1.23,
    "time": "bmo",
    "revenue": null,
    "revenueEstimated": null,
    "updatedFromDate": "2025-10-02",
    "fiscalDateEnding": "2025-09-30"
  },
  {
    "date": "2025-07-30",
    "symbol": "ODFL",
    "eps": 1.27,
    "epsEstimated": 1.28,
    "time": "bmo",
    "revenue": 1407724000,
    "revenueEstimated": 1416432402,
    "updatedFromDate": "2025-10-02",
    "fiscalDateEnding": "2025-06-30"
  },
  {
    "date": "2025-04-23",
    "symbol": "ODFL",
    "eps": 1.19,
    "epsEstimated": 1.14,
    "time": "bmo",
    "revenue": 1374858000,
    "revenueEstimated": 1366315633,
    "updatedFromDate": "2025-07-22",
    "fiscalDateEnding": "2025-03-31"
  },
  {
    "date": "2025-02-05",
    "symbol": "ODFL",
    "eps": 1.23,
    "epsEstimated": 1.16,
    "time": "bmo",
    "revenue": 1385829000,
    "revenueEstimated": 1375328736,
    "updatedFromDate": "2025-05-05",
    "fiscalDateEnding": "2024-12-31"
  },
  {
    "date": "2024-10-23",
    "symbol": "ODFL",
    "eps": 1.43,
    "epsEstimated": 1.42,
    "time": "bmo",
    "revenue": 1470211000,
    "revenueEstimated": 1488436839,
    "updatedFromDate": "2025-04-24",
    "fiscalDateEnding": "2024-09-30"
  },
  {
    "date": "2024-07-24",
    "symbol": "ODFL",
    "eps": 1.48,
    "epsEstimated": 1.45,
    "time": "bmo",
    "revenue": 1498697000,
    "revenueEstimated": 1499223100,
    "updatedFromDate": "2025-04-24",
    "fiscalDateEnding": "2024-06-30"
  },
  {
    "date": "2024-04-24",
    "symbol": "ODFL",
    "eps": 1.34,
    "epsEstimated": 1.34,
    "time": "bmo",
    "revenue": 1460073000,
    "revenueEstimated": 1470946774,
    "updatedFromDate": "2025-04-24",
    "fiscalDateEnding": "2024-03-31"
  },
  {
    "date": "2024-01-31",
    "symbol": "ODFL",
    "eps": 1.47,
    "epsEstimated": 1.43,
    "time": "bmo",
    "revenue": 1495550000,
    "revenueEstimated": 1496850000,
    "updatedFromDate": "2025-04-24",
    "fiscalDateEnding": "2023-12-31"
  },
  {
    "date": "2023-10-25",
    "symbol": "ODFL",
    "eps": 1.55,
    "epsEstimated": 1.45,
    "time": "bmo",
    "revenue": 1515277000,
    "revenueEstimated": 1520830000,
    "updatedFromDate": "2025-04-24",
    "fiscalDateEnding": "2023-09-30"
  },
  {
    "date": "2023-07-26",
    "symbol": "ODFL",
    "eps": 1.33,
    "epsEstimated": 1.32,
    "time": "bmo",
    "revenue": 1413189000,
    "revenueEstimated": 1471350000,
    "updatedFromDate": "2025-04-24",
    "fiscalDateEnding": "2023-06-30"
  },
  {
    "date": "2023-04-26",
    "symbol": "ODFL",
    "eps": 1.29,
    "epsEstimated": 1.35,
    "time": "bmo",
    "revenue": 1442136000,
    "revenueEstimated": 1482810000,
    "updatedFromDate": "2025-04-24",
    "fiscalDateEnding": "2023-03-31"
  },
  {
    "date": "2023-02-01",
    "symbol": "ODFL",
    "eps": 1.46,
    "epsEstimated": 1.34,
    "time": "bmo",
    "revenue": 1491659000,
    "revenueEstimated": 1498687124,
    "updatedFromDate": "2025-04-24",
    "fiscalDateEnding": "2022-12-31"
  },
  {
    "date": "2022-10-26",
    "symbol": "ODFL",
    "eps": 1.68,
    "epsEstimated": 1.53,
    "time": "bmo",
    "revenue": 1603690000,
    "revenueEstimated": 1615171550,
    "updatedFromDate": "2025-04-24",
    "fiscalDateEnding": "2022-09-30"
  },
  {
    "date": "2022-07-27",
    "symbol": "ODFL",
    "eps": 1.65,
    "epsEstimated": 1.55,
    "time": "bmo",
    "revenue": 1667448000,
    "revenueEstimated": 1649963206,
    "updatedFromDate": "2025-04-24",
    "fiscalDateEnding": "2022-06-30"
  },
  {
    "date": "2022-04-27",
    "symbol": "ODFL",
    "eps": 1.3,
    "epsEstimated": 1.19,
    "time": "bmo",
    "revenue": 1497280000,
    "revenueEstimated": 1454174407,
    "updatedFromDate": "2025-04-24",
    "fiscalDateEnding": "2022-03-31"
  },
  {
    "date": "2022-02-02",
    "symbol": "ODFL",
    "eps": 1.21,
    "epsEstimated": 1.12,
    "time": "bmo",
    "revenue": 1410358000,
    "revenueEstimated": 1380896384,
    "updatedFromDate": "2025-04-24",
    "fiscalDateEnding": "2021-12-31"
  },
  {
    "date": "2021-10-27",
    "symbol": "ODFL",
    "eps": 1.24,
    "epsEstimated": 1.19,
    "time": "bmo",
    "revenue": 1400046000,
    "revenueEstimated": 1336980000,
    "updatedFromDate": "2025-04-24",
    "fiscalDateEnding": "2021-09-30"
  },
  {
    "date": "2021-07-28",
    "symbol": "ODFL",
    "eps": 1.16,
    "epsEstimated": 1.09,
    "time": "bmo",
    "revenue": 1319409000,
    "revenueEstimated": 1334950000,
    "updatedFromDate": "2025-04-24",
    "fiscalDateEnding": "2021-06-30"
  },
  {
    "date": "2021-04-22",
    "symbol": "ODFL",
    "eps": 0.85,
    "epsEstimated": 0.79,
    "time": "bmo",
    "revenue": 1126515000,
    "revenueEstimated": 1100700000,
    "updatedFromDate": "2025-04-24",
    "fiscalDateEnding": "2021-03-31"
  },
  {
    "date": "2021-02-04",
    "symbol": "ODFL",
    "eps": 0.81,
    "epsEstimated": 0.79,
    "time": "bmo",
    "revenue": 1073389000,
    "revenueEstimated": 1046041509,
    "updatedFromDate": "2025-04-24",
    "fiscalDateEnding": "2020-12-31"
  },
  {
    "date": "2020-10-27",
    "symbol": "ODFL",
    "eps": 0.86,
    "epsEstimated": 0.76,
    "time": "bmo",
    "revenue": 1058166000,
    "revenueEstimated": 946780105,
    "updatedFromDate": "2025-04-24",
    "fiscalDateEnding": "2020-09-30"
  },
  {
    "date": "2020-07-30",
    "symbol": "ODFL",
    "eps": 0.63,
    "epsEstimated": 0.52,
    "time": "bmo",
    "revenue": 896210000,
    "revenueEstimated": 774325440,
    "updatedFromDate": "2025-04-24",
    "fiscalDateEnding": "2020-06-30"
  },
  {
    "date": "2020-04-23",
    "symbol": "ODFL",
    "eps": 0.56,
    "epsEstimated": 0.56,
    "time": "bmo",
    "revenue": 987364000,
    "revenueEstimated": 996259171,
    "updatedFromDate": "2025-04-24",
    "fiscalDateEnding": "2020-03-31"
  },
  {
    "date": "2020-02-06",
    "symbol": "ODFL",
    "eps": 0.6,
    "epsEstimated": 0.59,
    "time": "bmo",
    "revenue": 1009206000,
    "revenueEstimated": 992385900,
    "updatedFromDate": "2025-04-24",
    "fiscalDateEnding": "2019-12-31"
  },
  {
    "date": "2019-10-24",
    "symbol": "ODFL",
    "eps": 0.68,
    "epsEstimated": 0.7,
    "time": "bmo",
    "revenue": 1048457000,
    "revenueEstimated": 1079068883,
    "updatedFromDate": "2025-04-24",
    "fiscalDateEnding": "2019-09-30"
  },
  {
    "date": "2019-07-25",
    "symbol": "ODFL",
    "eps": 0.72,
    "epsEstimated": 0.7,
    "time": "bmo",
    "revenue": 1060666000,
    "revenueEstimated": 1038568791,
    "updatedFromDate": "2025-04-24",
    "fiscalDateEnding": "2019-06-30"
  },
  {
    "date": "2019-04-25",
    "symbol": "ODFL",
    "eps": 0.55,
    "epsEstimated": 0.53,
    "time": "bmo",
    "revenue": 990782000,
    "revenueEstimated": 954423027,
    "updatedFromDate": "2025-04-24",
    "fiscalDateEnding": "2019-03-31"
  },
  {
    "date": "2019-02-07",
    "symbol": "ODFL",
    "eps": 0.65,
    "epsEstimated": 0.58,
    "time": "bmo",
    "revenue": 1026944000,
    "revenueEstimated": 916350030,
    "updatedFromDate": "2025-04-24",
    "fiscalDateEnding": "2018-12-31"
  },
  {
    "date": "2018-10-25",
    "symbol": "ODFL",
    "eps": 0.71,
    "epsEstimated": 0.66,
    "time": "bmo",
    "revenue": 1058233000,
    "revenueEstimated": 990655319,
    "updatedFromDate": "2025-04-24",
    "fiscalDateEnding": "2018-09-30"
  },
  {
    "date": "2018-07-26",
    "symbol": "ODFL",
    "eps": 0.66,
    "epsEstimated": 0.61,
    "time": "bmo",
    "revenue": 1033498000,
    "revenueEstimated": 948022556,
    "updatedFromDate": "2025-04-24",
    "fiscalDateEnding": "2018-06-30"
  },
  {
    "date": "2018-04-26",
    "symbol": "ODFL",
    "eps": 0.44,
    "epsEstimated": 0.43,
    "time": "bmo",
    "revenue": 925020000,
    "revenueEstimated": 893820224,
    "updatedFromDate": "2025-04-24",
    "fiscalDateEnding": "2018-03-31"
  },
  {
    "date": "2018-02-08",
    "symbol": "ODFL",
    "eps": 0.37,
    "epsEstimated": 0.37,
    "time": "bmo",
    "revenue": 891117000,
    "revenueEstimated": 664608184,
    "updatedFromDate": "2025-04-24",
    "fiscalDateEnding": "2017-12-31"
  },
  {
    "date": "2017-10-26",
    "symbol": "ODFL",
    "eps": 0.41,
    "epsEstimated": 0.38,
    "time": "bmo",
    "revenue": 872987000,
    "revenueEstimated": 816677419,
    "updatedFromDate": "2025-04-24",
    "fiscalDateEnding": "2017-09-30"
  },
  {
    "date": "2017-07-27",
    "symbol": "ODFL",
    "eps": 0.4,
    "epsEstimated": 0.36,
    "time": "bmo",
    "revenue": 839912000,
    "revenueEstimated": 776378151,
    "updatedFromDate": "2025-04-24",
    "fiscalDateEnding": "2017-06-30"
  },
  {
    "date": "2017-04-27",
    "symbol": "ODFL",
    "eps": 0.27,
    "epsEstimated": 0.26,
    "time": "bmo",
    "revenue": 754096000,
    "revenueEstimated": 744673750,
    "updatedFromDate": "2025-04-24",
    "fiscalDateEnding": "2017-03-31"
  },
  {
    "date": "2017-02-02",
    "symbol": "ODFL",
    "eps": 0.28,
    "epsEstimated": 0.29,
    "time": "bmo",
    "revenue": 745738000,
    "revenueEstimated": 772653012,
    "updatedFromDate": "2025-04-24",
    "fiscalDateEnding": "2016-12-31"
  },
  {
    "date": "2016-10-27",
    "symbol": "ODFL",
    "eps": 0.34,
    "epsEstimated": 0.32,
    "time": "bmo",
    "revenue": 782611000,
    "revenueEstimated": 737011650,
    "updatedFromDate": "2025-04-24",
    "fiscalDateEnding": "2016-09-30"
  },
  {
    "date": "2016-07-28",
    "symbol": "ODFL",
    "eps": 0.33,
    "epsEstimated": 0.31,
    "time": "bmo",
    "revenue": 755435000,
    "revenueEstimated": 732275510,
    "updatedFromDate": "2025-04-24",
    "fiscalDateEnding": "2016-06-30"
  }
]