[
  {
    "date": "2026-04-27",
    "symbol": "OKE",
    "eps": null,
    "epsEstimated": null,
    "time": "amc",
    "revenue": null,
    "revenueEstimated": null,
    "updatedFromDate": "2025-10-02",
    "fiscalDateEnding": "2026-03-30"
  },
  {
    "date": "2026-02-23",
    "symbol": "OKE",
    "eps": null,
    "epsEstimated": null,
    "time": "amc",
    "revenue": null,
    "revenueEstimated": null,
    "updatedFromDate": "2025-10-02",
    "fiscalDateEnding": "2025-12-30"
  },
  {
    "date": "2025-11-04",
    "symbol": "OKE",
    "eps": null,
    "epsEstimated": 1.48,
    "time": "bmo",
    "revenue": null,
    "revenueEstimated": null,
    "updatedFromDate": "2025-10-02",
    "fiscalDateEnding": "2025-09-30"
  },
  {
    "date": "2025-08-04",
    "symbol": "OKE",
    "eps": 1.34,
    "epsEstimated": 1.33,
    "time": "amc",
    "revenue": 7887000000,
    "revenueEstimated": 7687965244,
    "updatedFromDate": "2025-10-02",
    "fiscalDateEnding": "2025-06-30"
  },
  {
    "date": "2025-04-29",
    "symbol": "OKE",
    "eps": 1.04,
    "epsEstimated": 1.24,
    "time": "amc",
    "revenue": 8043000000,
    "revenueEstimated": 6570800071,
    "updatedFromDate": "2025-07-29",
    "fiscalDateEnding": "2025-03-31"
  },
  {
    "date": "2025-02-24",
    "symbol": "OKE",
    "eps": 1.57,
    "epsEstimated": 1.46,
    "time": "amc",
    "revenue": 7000000000,
    "revenueEstimated": 6184953629,
    "updatedFromDate": "2025-05-24",
    "fiscalDateEnding": "2024-12-31"
  },
  {
    "date": "2024-10-29",
    "symbol": "OKE",
    "eps": 1.18,
    "epsEstimated": 1.23,
    "time": "amc",
    "revenue": 5023000000,
    "revenueEstimated": 5581298770,
    "updatedFromDate": "2025-04-24",
    "fiscalDateEnding": "2024-09-30"
  },
  {
    "date": "2024-08-05",
    "symbol": "OKE",
    "eps": 1.33,
    "epsEstimated": 1.21,
    "time": "amc",
    "revenue": 4894000000,
    "revenueEstimated": 5604003495,
    "updatedFromDate": "2025-04-24",
    "fiscalDateEnding": "2024-06-30"
  },
  {
    "date": "2024-04-30",
    "symbol": "OKE",
    "eps": 1.09,
    "epsEstimated": 1.16,
    "time": "amc",
    "revenue": 4781000000,
    "revenueEstimated": 5647985192,
    "updatedFromDate": "2025-04-24",
    "fiscalDateEnding": "2024-03-31"
  },
  {
    "date": "2024-02-26",
    "symbol": "OKE",
    "eps": 1.18,
    "epsEstimated": 1.2,
    "time": "amc",
    "revenue": 5183000000,
    "revenueEstimated": 6039630000,
    "updatedFromDate": "2025-04-24",
    "fiscalDateEnding": "2023-12-31"
  },
  {
    "date": "2023-10-31",
    "symbol": "OKE",
    "eps": 0.99,
    "epsEstimated": 1.05,
    "time": "amc",
    "revenue": 4189000000,
    "revenueEstimated": 5758070000,
    "updatedFromDate": "2025-04-24",
    "fiscalDateEnding": "2023-09-30"
  },
  {
    "date": "2023-08-07",
    "symbol": "OKE",
    "eps": 1.04,
    "epsEstimated": 1.02,
    "time": "amc",
    "revenue": 3732000000,
    "revenueEstimated": 4296870000,
    "updatedFromDate": "2025-04-24",
    "fiscalDateEnding": "2023-06-30"
  },
  {
    "date": "2023-05-02",
    "symbol": "OKE",
    "eps": 2.34,
    "epsEstimated": 2.07,
    "time": "amc",
    "revenue": 4521000000,
    "revenueEstimated": 5541150000,
    "updatedFromDate": "2025-04-24",
    "fiscalDateEnding": "2023-03-31"
  },
  {
    "date": "2023-02-27",
    "symbol": "OKE",
    "eps": 1.08,
    "epsEstimated": 1.02,
    "time": "amc",
    "revenue": 5032031000,
    "revenueEstimated": 5896693834,
    "updatedFromDate": "2025-04-24",
    "fiscalDateEnding": "2022-12-31"
  },
  {
    "date": "2022-11-01",
    "symbol": "OKE",
    "eps": 1.03,
    "epsEstimated": 0.96,
    "time": "amc",
    "revenue": 5913531000,
    "revenueEstimated": 6205442289,
    "updatedFromDate": "2025-04-24",
    "fiscalDateEnding": "2022-09-30"
  },
  {
    "date": "2022-08-08",
    "symbol": "OKE",
    "eps": 0.92,
    "epsEstimated": 0.87,
    "time": "amc",
    "revenue": 5996000000,
    "revenueEstimated": 5060073240,
    "updatedFromDate": "2025-04-24",
    "fiscalDateEnding": "2022-06-30"
  },
  {
    "date": "2022-05-03",
    "symbol": "OKE",
    "eps": 0.87,
    "epsEstimated": 0.89,
    "time": "amc",
    "revenue": 5444609000,
    "revenueEstimated": 4996335224,
    "updatedFromDate": "2025-04-24",
    "fiscalDateEnding": "2022-03-31"
  },
  {
    "date": "2022-02-28",
    "symbol": "OKE",
    "eps": 0.85,
    "epsEstimated": 0.89,
    "time": "amc",
    "revenue": 5420491000,
    "revenueEstimated": 4337610228,
    "updatedFromDate": "2025-04-24",
    "fiscalDateEnding": "2021-12-31"
  },
  {
    "date": "2021-11-02",
    "symbol": "OKE",
    "eps": 0.88,
    "epsEstimated": 0.82,
    "time": "amc",
    "revenue": 4536175000,
    "revenueEstimated": 3518300000,
    "updatedFromDate": "2025-04-24",
    "fiscalDateEnding": "2021-09-30"
  },
  {
    "date": "2021-08-03",
    "symbol": "OKE",
    "eps": 0.77,
    "epsEstimated": 0.75,
    "time": "amc",
    "revenue": 3388964000,
    "revenueEstimated": 3388960000,
    "updatedFromDate": "2025-04-24",
    "fiscalDateEnding": "2021-06-30"
  },
  {
    "date": "2021-04-27",
    "symbol": "OKE",
    "eps": 0.86,
    "epsEstimated": 0.77,
    "time": "amc",
    "revenue": 3194679000,
    "revenueEstimated": 2686930000,
    "updatedFromDate": "2025-04-24",
    "fiscalDateEnding": "2021-03-31"
  },
  {
    "date": "2021-02-22",
    "symbol": "OKE",
    "eps": 0.69,
    "epsEstimated": 0.73,
    "time": "amc",
    "revenue": 2570577000,
    "revenueEstimated": 2711430534,
    "updatedFromDate": "2025-04-24",
    "fiscalDateEnding": "2020-12-31"
  },
  {
    "date": "2020-10-27",
    "symbol": "OKE",
    "eps": 0.7,
    "epsEstimated": 0.61,
    "time": "amc",
    "revenue": 2174264000,
    "revenueEstimated": 1894715771,
    "updatedFromDate": "2025-04-24",
    "fiscalDateEnding": "2020-09-30"
  },
  {
    "date": "2020-07-28",
    "symbol": "OKE",
    "eps": 0.32,
    "epsEstimated": 0.51,
    "time": "amc",
    "revenue": 1660729000,
    "revenueEstimated": 2646786843,
    "updatedFromDate": "2025-04-24",
    "fiscalDateEnding": "2020-06-30"
  },
  {
    "date": "2020-04-28",
    "symbol": "OKE",
    "eps": 0.83,
    "epsEstimated": 0.8,
    "time": "amc",
    "revenue": 2136672000,
    "revenueEstimated": 2059442891,
    "updatedFromDate": "2025-04-24",
    "fiscalDateEnding": "2020-03-31"
  },
  {
    "date": "2020-02-24",
    "symbol": "OKE",
    "eps": 0.77,
    "epsEstimated": 0.77,
    "time": "amc",
    "revenue": 2663606000,
    "revenueEstimated": 2663606000,
    "updatedFromDate": "2025-04-24",
    "fiscalDateEnding": "2019-12-31"
  },
  {
    "date": "2019-10-29",
    "symbol": "OKE",
    "eps": 0.74,
    "epsEstimated": 0.74,
    "time": "amc",
    "revenue": 2263228000,
    "revenueEstimated": 2293812162,
    "updatedFromDate": "2025-04-24",
    "fiscalDateEnding": "2019-09-30"
  },
  {
    "date": "2019-07-30",
    "symbol": "OKE",
    "eps": 0.75,
    "epsEstimated": 0.71,
    "time": "amc",
    "revenue": 2457575000,
    "revenueEstimated": 2326504333,
    "updatedFromDate": "2025-04-24",
    "fiscalDateEnding": "2019-06-30"
  },
  {
    "date": "2019-04-30",
    "symbol": "OKE",
    "eps": 0.81,
    "epsEstimated": 0.73,
    "time": "amc",
    "revenue": 2779958000,
    "revenueEstimated": 2505394246,
    "updatedFromDate": "2025-04-24",
    "fiscalDateEnding": "2019-03-31"
  },
  {
    "date": "2019-02-25",
    "symbol": "OKE",
    "eps": 0.7,
    "epsEstimated": 0.73,
    "time": "amc",
    "revenue": 3136700000,
    "revenueEstimated": 3271130000,
    "updatedFromDate": "2025-04-24",
    "fiscalDateEnding": "2018-12-31"
  },
  {
    "date": "2018-10-30",
    "symbol": "OKE",
    "eps": 0.75,
    "epsEstimated": 0.71,
    "time": "amc",
    "revenue": 3393890000,
    "revenueEstimated": 3212882533,
    "updatedFromDate": "2025-04-24",
    "fiscalDateEnding": "2018-09-30"
  },
  {
    "date": "2018-07-31",
    "symbol": "OKE",
    "eps": 0.68,
    "epsEstimated": 0.67,
    "time": "amc",
    "revenue": 2960529000,
    "revenueEstimated": 2916963235,
    "updatedFromDate": "2025-04-24",
    "fiscalDateEnding": "2018-06-30"
  },
  {
    "date": "2018-05-01",
    "symbol": "OKE",
    "eps": 0.64,
    "epsEstimated": 0.61,
    "time": "amc",
    "revenue": 3102077000,
    "revenueEstimated": 2956689062,
    "updatedFromDate": "2025-04-24",
    "fiscalDateEnding": "2018-03-31"
  },
  {
    "date": "2018-02-26",
    "symbol": "OKE",
    "eps": 0.52,
    "epsEstimated": 0.51,
    "time": "amc",
    "revenue": 3792158000,
    "revenueEstimated": 3720649056,
    "updatedFromDate": "2025-04-24",
    "fiscalDateEnding": "2017-12-31"
  },
  {
    "date": "2017-10-31",
    "symbol": "OKE",
    "eps": 0.47,
    "epsEstimated": 0.45,
    "time": "amc",
    "revenue": 2906366000,
    "revenueEstimated": 3041581395,
    "updatedFromDate": "2025-04-24",
    "fiscalDateEnding": "2017-09-30"
  },
  {
    "date": "2017-08-01",
    "symbol": "OKE",
    "eps": 0.33,
    "epsEstimated": 0.45,
    "time": "amc",
    "revenue": 2725772000,
    "revenueEstimated": 3304000000,
    "updatedFromDate": "2025-04-24",
    "fiscalDateEnding": "2017-06-30"
  },
  {
    "date": "2017-05-02",
    "symbol": "OKE",
    "eps": 0.41,
    "epsEstimated": 0.43,
    "time": "amc",
    "revenue": 2749611000,
    "revenueEstimated": 2883726829,
    "updatedFromDate": "2025-04-24",
    "fiscalDateEnding": "2017-03-31"
  },
  {
    "date": "2017-02-27",
    "symbol": "OKE",
    "eps": 0.43,
    "epsEstimated": 0.46,
    "time": "amc",
    "revenue": 2654461000,
    "revenueEstimated": 2839697674,
    "updatedFromDate": "2025-04-24",
    "fiscalDateEnding": "2016-12-31"
  },
  {
    "date": "2016-11-01",
    "symbol": "OKE",
    "eps": 0.44,
    "epsEstimated": 0.44,
    "time": "amc",
    "revenue": 2357907000,
    "revenueEstimated": 2357900000,
    "updatedFromDate": "2025-04-24",
    "fiscalDateEnding": "2016-09-30"
  },
  {
    "date": "2016-08-02",
    "symbol": "OKE",
    "eps": 0.41,
    "epsEstimated": 0.44,
    "time": "amc",
    "revenue": 2134107000,
    "revenueEstimated": 2290253658,
    "updatedFromDate": "2025-04-24",
    "fiscalDateEnding": "2016-06-30"
  }
]