[
  {
    "date": "2026-04-13",
    "symbol": "OMC",
    "eps": null,
    "epsEstimated": null,
    "time": "amc",
    "revenue": null,
    "revenueEstimated": null,
    "updatedFromDate": "2025-10-02",
    "fiscalDateEnding": "2026-03-30"
  },
  {
    "date": "2026-02-02",
    "symbol": "OMC",
    "eps": null,
    "epsEstimated": null,
    "time": "amc",
    "revenue": null,
    "revenueEstimated": null,
    "updatedFromDate": "2025-10-02",
    "fiscalDateEnding": "2025-12-30"
  },
  {
    "date": "2025-10-21",
    "symbol": "OMC",
    "eps": null,
    "epsEstimated": 2.15,
    "time": "bmo",
    "revenue": null,
    "revenueEstimated": null,
    "updatedFromDate": "2025-10-02",
    "fiscalDateEnding": "2025-09-30"
  },
  {
    "date": "2025-07-15",
    "symbol": "OMC",
    "eps": 2.05,
    "epsEstimated": 2.02,
    "time": "amc",
    "revenue": 4015600000,
    "revenueEstimated": 3977724099,
    "updatedFromDate": "2025-10-02",
    "fiscalDateEnding": "2025-06-30"
  },
  {
    "date": "2025-04-15",
    "symbol": "OMC",
    "eps": 1.7,
    "epsEstimated": 1.65,
    "time": "amc",
    "revenue": 3690400000,
    "revenueEstimated": 3709812086,
    "updatedFromDate": "2025-07-15",
    "fiscalDateEnding": "2025-03-31"
  },
  {
    "date": "2025-02-04",
    "symbol": "OMC",
    "eps": 2.41,
    "epsEstimated": 2.38,
    "time": "bmo",
    "revenue": 4322200000,
    "revenueEstimated": 4308033740,
    "updatedFromDate": "2025-02-05",
    "fiscalDateEnding": "2024-12-30"
  },
  {
    "date": "2024-10-15",
    "symbol": "OMC",
    "eps": 2.03,
    "epsEstimated": 2.02,
    "time": "amc",
    "revenue": 3882600000,
    "revenueEstimated": 4360200000,
    "updatedFromDate": "2025-04-25",
    "fiscalDateEnding": "2024-09-30"
  },
  {
    "date": "2024-07-16",
    "symbol": "OMC",
    "eps": 1.95,
    "epsEstimated": 1.93,
    "time": "amc",
    "revenue": 3853800000,
    "revenueEstimated": 3825546628,
    "updatedFromDate": "2025-04-25",
    "fiscalDateEnding": "2024-06-30"
  },
  {
    "date": "2024-04-16",
    "symbol": "OMC",
    "eps": 1.67,
    "epsEstimated": 1.55,
    "time": "amc",
    "revenue": 3630500000,
    "revenueEstimated": 3616582914,
    "updatedFromDate": "2025-04-25",
    "fiscalDateEnding": "2024-03-31"
  },
  {
    "date": "2024-02-06",
    "symbol": "OMC",
    "eps": 2.2,
    "epsEstimated": 2.16,
    "time": "amc",
    "revenue": 4060900000,
    "revenueEstimated": 3989460000,
    "updatedFromDate": "2025-04-25",
    "fiscalDateEnding": "2023-12-31"
  },
  {
    "date": "2023-10-17",
    "symbol": "OMC",
    "eps": 1.86,
    "epsEstimated": 1.84,
    "time": "amc",
    "revenue": 3578100000,
    "revenueEstimated": 3987110000,
    "updatedFromDate": "2025-04-25",
    "fiscalDateEnding": "2023-09-30"
  },
  {
    "date": "2023-07-18",
    "symbol": "OMC",
    "eps": 1.81,
    "epsEstimated": 1.8,
    "time": "amc",
    "revenue": 3609900000,
    "revenueEstimated": 3674640000,
    "updatedFromDate": "2025-04-25",
    "fiscalDateEnding": "2023-06-30"
  },
  {
    "date": "2023-04-18",
    "symbol": "OMC",
    "eps": 1.56,
    "epsEstimated": 1.38,
    "time": "amc",
    "revenue": 3443300000,
    "revenueEstimated": 3376800000,
    "updatedFromDate": "2025-04-25",
    "fiscalDateEnding": "2023-03-31"
  },
  {
    "date": "2023-02-07",
    "symbol": "OMC",
    "eps": 2.09,
    "epsEstimated": 1.98,
    "time": "amc",
    "revenue": 3868200000,
    "revenueEstimated": 3724796600,
    "updatedFromDate": "2025-04-25",
    "fiscalDateEnding": "2022-12-31"
  },
  {
    "date": "2022-10-18",
    "symbol": "OMC",
    "eps": 1.77,
    "epsEstimated": 1.68,
    "time": "amc",
    "revenue": 3443400000,
    "revenueEstimated": 3344432000,
    "updatedFromDate": "2025-04-25",
    "fiscalDateEnding": "2022-09-30"
  },
  {
    "date": "2022-07-19",
    "symbol": "OMC",
    "eps": 1.68,
    "epsEstimated": 1.57,
    "time": "amc",
    "revenue": 3567200000,
    "revenueEstimated": 3470960000,
    "updatedFromDate": "2025-04-25",
    "fiscalDateEnding": "2022-06-30"
  },
  {
    "date": "2022-04-19",
    "symbol": "OMC",
    "eps": 1.39,
    "epsEstimated": 1.28,
    "time": "amc",
    "revenue": 3410300000,
    "revenueEstimated": 3286037167,
    "updatedFromDate": "2025-04-25",
    "fiscalDateEnding": "2022-03-31"
  },
  {
    "date": "2022-02-08",
    "symbol": "OMC",
    "eps": 1.95,
    "epsEstimated": 1.73,
    "time": "amc",
    "revenue": 3855900000,
    "revenueEstimated": 3675133400,
    "updatedFromDate": "2025-04-25",
    "fiscalDateEnding": "2021-12-31"
  },
  {
    "date": "2021-10-19",
    "symbol": "OMC",
    "eps": 1.65,
    "epsEstimated": 1.36,
    "time": "amc",
    "revenue": 3435000000,
    "revenueEstimated": 3444140000,
    "updatedFromDate": "2025-04-25",
    "fiscalDateEnding": "2021-09-30"
  },
  {
    "date": "2021-07-20",
    "symbol": "OMC",
    "eps": 1.46,
    "epsEstimated": 1.38,
    "time": "bmo",
    "revenue": 3571600000,
    "revenueEstimated": 3444140000,
    "updatedFromDate": "2025-04-25",
    "fiscalDateEnding": "2021-06-30"
  },
  {
    "date": "2021-04-20",
    "symbol": "OMC",
    "eps": 1.33,
    "epsEstimated": 1.13,
    "time": "bmo",
    "revenue": 3426900000,
    "revenueEstimated": 3251030000,
    "updatedFromDate": "2025-04-25",
    "fiscalDateEnding": "2021-03-31"
  },
  {
    "date": "2021-02-18",
    "symbol": "OMC",
    "eps": 1.9,
    "epsEstimated": 1.65,
    "time": "bmo",
    "revenue": 3757000000,
    "revenueEstimated": 3680090000,
    "updatedFromDate": "2025-04-25",
    "fiscalDateEnding": "2020-12-31"
  },
  {
    "date": "2020-10-27",
    "symbol": "OMC",
    "eps": 1.21,
    "epsEstimated": 1.07,
    "time": "bmo",
    "revenue": 3206500000,
    "revenueEstimated": 2835942148,
    "updatedFromDate": "2025-04-25",
    "fiscalDateEnding": "2020-09-30"
  },
  {
    "date": "2020-07-28",
    "symbol": "OMC",
    "eps": 0.92,
    "epsEstimated": 0.83,
    "time": "bmo",
    "revenue": 2800700000,
    "revenueEstimated": 2800700000,
    "updatedFromDate": "2025-04-25",
    "fiscalDateEnding": "2020-06-30"
  },
  {
    "date": "2020-04-28",
    "symbol": "OMC",
    "eps": 1.2,
    "epsEstimated": 1.14,
    "time": "bmo",
    "revenue": 3406900000,
    "revenueEstimated": 3263752941,
    "updatedFromDate": "2025-04-25",
    "fiscalDateEnding": "2020-03-31"
  },
  {
    "date": "2020-02-11",
    "symbol": "OMC",
    "eps": 1.89,
    "epsEstimated": 1.85,
    "time": "bmo",
    "revenue": 4141200000,
    "revenueEstimated": 4053555555,
    "updatedFromDate": "2025-04-25",
    "fiscalDateEnding": "2019-12-31"
  },
  {
    "date": "2019-10-15",
    "symbol": "OMC",
    "eps": 1.32,
    "epsEstimated": 1.31,
    "time": "bmo",
    "revenue": 3623800000,
    "revenueEstimated": 3596346969,
    "updatedFromDate": "2025-04-25",
    "fiscalDateEnding": "2019-09-30"
  },
  {
    "date": "2019-07-17",
    "symbol": "OMC",
    "eps": 1.68,
    "epsEstimated": 1.61,
    "time": "bmo",
    "revenue": 3719800000,
    "revenueEstimated": 3564808333,
    "updatedFromDate": "2025-04-25",
    "fiscalDateEnding": "2019-06-30"
  },
  {
    "date": "2019-04-16",
    "symbol": "OMC",
    "eps": 1.17,
    "epsEstimated": 1.09,
    "time": "bmo",
    "revenue": 3468900000,
    "revenueEstimated": 3231710256,
    "updatedFromDate": "2025-04-25",
    "fiscalDateEnding": "2019-03-31"
  },
  {
    "date": "2019-02-12",
    "symbol": "OMC",
    "eps": 1.77,
    "epsEstimated": 1.66,
    "time": "bmo",
    "revenue": 4086700000,
    "revenueEstimated": 3832724293,
    "updatedFromDate": "2025-04-25",
    "fiscalDateEnding": "2018-12-31"
  },
  {
    "date": "2018-10-16",
    "symbol": "OMC",
    "eps": 1.24,
    "epsEstimated": 1.21,
    "time": "bmo",
    "revenue": 3714300000,
    "revenueEstimated": 3624437903,
    "updatedFromDate": "2025-04-25",
    "fiscalDateEnding": "2018-09-30"
  },
  {
    "date": "2018-07-17",
    "symbol": "OMC",
    "eps": 1.6,
    "epsEstimated": 1.54,
    "time": "bmo",
    "revenue": 3859600000,
    "revenueEstimated": 3714864999,
    "updatedFromDate": "2025-04-25",
    "fiscalDateEnding": "2018-06-30"
  },
  {
    "date": "2018-04-17",
    "symbol": "OMC",
    "eps": 1.14,
    "epsEstimated": 1.06,
    "time": "bmo",
    "revenue": 3629600000,
    "revenueEstimated": 3374891228,
    "updatedFromDate": "2025-04-25",
    "fiscalDateEnding": "2018-03-31"
  },
  {
    "date": "2018-02-15",
    "symbol": "OMC",
    "eps": 1.55,
    "epsEstimated": 1.54,
    "time": "bmo",
    "revenue": 4176600000,
    "revenueEstimated": 4149554838,
    "updatedFromDate": "2025-04-25",
    "fiscalDateEnding": "2017-12-31"
  },
  {
    "date": "2017-10-17",
    "symbol": "OMC",
    "eps": 1.13,
    "epsEstimated": 1.1,
    "time": "bmo",
    "revenue": 3719500000,
    "revenueEstimated": 3620752212,
    "updatedFromDate": "2025-04-25",
    "fiscalDateEnding": "2017-09-30"
  },
  {
    "date": "2017-07-20",
    "symbol": "OMC",
    "eps": 1.4,
    "epsEstimated": 1.38,
    "time": "bmo",
    "revenue": 3790100000,
    "revenueEstimated": 3735955714,
    "updatedFromDate": "2025-04-25",
    "fiscalDateEnding": "2017-06-30"
  },
  {
    "date": "2017-04-18",
    "symbol": "OMC",
    "eps": 0.97,
    "epsEstimated": 0.96,
    "time": "bmo",
    "revenue": 3587400000,
    "revenueEstimated": 3376376470,
    "updatedFromDate": "2025-04-25",
    "fiscalDateEnding": "2017-03-31"
  },
  {
    "date": "2017-02-07",
    "symbol": "OMC",
    "eps": 1.47,
    "epsEstimated": 1.44,
    "time": "bmo",
    "revenue": 4241800000,
    "revenueEstimated": 4155232653,
    "updatedFromDate": "2025-04-25",
    "fiscalDateEnding": "2016-12-31"
  },
  {
    "date": "2016-10-18",
    "symbol": "OMC",
    "eps": 1.06,
    "epsEstimated": 1.04,
    "time": "bmo",
    "revenue": 3791100000,
    "revenueEstimated": 3719569811,
    "updatedFromDate": "2025-04-25",
    "fiscalDateEnding": "2016-09-30"
  },
  {
    "date": "2016-07-14",
    "symbol": "OMC",
    "eps": 1.36,
    "epsEstimated": 1.33,
    "time": "bmo",
    "revenue": 3884900000,
    "revenueEstimated": 3799203676,
    "updatedFromDate": "2025-04-25",
    "fiscalDateEnding": "2016-06-30"
  }
]