[
  {
    "date": "2026-05-04",
    "symbol": "ON",
    "eps": null,
    "epsEstimated": null,
    "time": "bmo",
    "revenue": null,
    "revenueEstimated": null,
    "updatedFromDate": "2025-10-02",
    "fiscalDateEnding": "2026-04-04"
  },
  {
    "date": "2026-02-09",
    "symbol": "ON",
    "eps": null,
    "epsEstimated": null,
    "time": "bmo",
    "revenue": null,
    "revenueEstimated": null,
    "updatedFromDate": "2025-10-02",
    "fiscalDateEnding": "2026-01-04"
  },
  {
    "date": "2025-10-27",
    "symbol": "ON",
    "eps": null,
    "epsEstimated": 0.59,
    "time": "bmo",
    "revenue": null,
    "revenueEstimated": null,
    "updatedFromDate": "2025-10-02",
    "fiscalDateEnding": "2025-10-04"
  },
  {
    "date": "2025-08-04",
    "symbol": "ON",
    "eps": 0.53,
    "epsEstimated": 0.532,
    "time": "bmo",
    "revenue": 1468700000,
    "revenueEstimated": 1452162997,
    "updatedFromDate": "2025-10-02",
    "fiscalDateEnding": "2025-07-04"
  },
  {
    "date": "2025-05-05",
    "symbol": "ON",
    "eps": 0.55,
    "epsEstimated": 0.502,
    "time": "bmo",
    "revenue": 1445700000,
    "revenueEstimated": 1401683035,
    "updatedFromDate": "2025-08-04",
    "fiscalDateEnding": "2025-04-04"
  },
  {
    "date": "2025-02-10",
    "symbol": "ON",
    "eps": 0.95,
    "epsEstimated": 0.974,
    "time": "bmo",
    "revenue": 1722500000,
    "revenueEstimated": 1757579033,
    "updatedFromDate": "2025-05-10",
    "fiscalDateEnding": "2024-12-31"
  },
  {
    "date": "2024-10-28",
    "symbol": "ON",
    "eps": 0.99,
    "epsEstimated": 0.97,
    "time": "bmo",
    "revenue": 1761900000,
    "revenueEstimated": 1751155608,
    "updatedFromDate": "2025-04-25",
    "fiscalDateEnding": "2024-09-27"
  },
  {
    "date": "2024-07-29",
    "symbol": "ON",
    "eps": 0.96,
    "epsEstimated": 0.92,
    "time": "bmo",
    "revenue": 1735200000,
    "revenueEstimated": 1729124296,
    "updatedFromDate": "2025-04-25",
    "fiscalDateEnding": "2024-06-28"
  },
  {
    "date": "2024-04-29",
    "symbol": "ON",
    "eps": 1.08,
    "epsEstimated": 1.04,
    "time": "bmo",
    "revenue": 1862700000,
    "revenueEstimated": 1849547871,
    "updatedFromDate": "2025-04-25",
    "fiscalDateEnding": "2024-03-29"
  },
  {
    "date": "2024-02-05",
    "symbol": "ON",
    "eps": 1.25,
    "epsEstimated": 1.21,
    "time": "bmo",
    "revenue": 2018100000,
    "revenueEstimated": 2001700000,
    "updatedFromDate": "2025-04-25",
    "fiscalDateEnding": "2023-12-31"
  },
  {
    "date": "2023-10-30",
    "symbol": "ON",
    "eps": 1.39,
    "epsEstimated": 1.34,
    "time": "bmo",
    "revenue": 2180800000,
    "revenueEstimated": 2148120000,
    "updatedFromDate": "2025-04-25",
    "fiscalDateEnding": "2023-09-29"
  },
  {
    "date": "2023-07-31",
    "symbol": "ON",
    "eps": 1.33,
    "epsEstimated": 1.21,
    "time": "bmo",
    "revenue": 2094400000,
    "revenueEstimated": 2023740000,
    "updatedFromDate": "2025-04-25",
    "fiscalDateEnding": "2023-06-30"
  },
  {
    "date": "2023-05-01",
    "symbol": "ON",
    "eps": 1.19,
    "epsEstimated": 1.09,
    "time": "bmo",
    "revenue": 1959700000,
    "revenueEstimated": 1924780000,
    "updatedFromDate": "2025-04-25",
    "fiscalDateEnding": "2023-03-31"
  },
  {
    "date": "2023-02-06",
    "symbol": "ON",
    "eps": 1.32,
    "epsEstimated": 1.27,
    "time": "bmo",
    "revenue": 2103600000,
    "revenueEstimated": 2078608984,
    "updatedFromDate": "2025-04-25",
    "fiscalDateEnding": "2022-12-31"
  },
  {
    "date": "2022-10-31",
    "symbol": "ON",
    "eps": 1.45,
    "epsEstimated": 1.31,
    "time": "bmo",
    "revenue": 2192600000,
    "revenueEstimated": 2116669275,
    "updatedFromDate": "2025-04-25",
    "fiscalDateEnding": "2022-09-30"
  },
  {
    "date": "2022-08-01",
    "symbol": "ON",
    "eps": 1.34,
    "epsEstimated": 1.26,
    "time": "bmo",
    "revenue": 2085000000,
    "revenueEstimated": 2014377709,
    "updatedFromDate": "2025-04-25",
    "fiscalDateEnding": "2022-07-01"
  },
  {
    "date": "2022-05-02",
    "symbol": "ON",
    "eps": 1.22,
    "epsEstimated": 1.05,
    "time": "bmo",
    "revenue": 1945000000,
    "revenueEstimated": 1906626561,
    "updatedFromDate": "2025-04-25",
    "fiscalDateEnding": "2022-04-01"
  },
  {
    "date": "2022-02-07",
    "symbol": "ON",
    "eps": 1.09,
    "epsEstimated": 0.94,
    "time": "bmo",
    "revenue": 1846100000,
    "revenueEstimated": 1791123772,
    "updatedFromDate": "2025-04-25",
    "fiscalDateEnding": "2021-12-31"
  },
  {
    "date": "2021-11-01",
    "symbol": "ON",
    "eps": 0.87,
    "epsEstimated": 0.74,
    "time": "bmo",
    "revenue": 1742100000,
    "revenueEstimated": 1713140000,
    "updatedFromDate": "2025-04-25",
    "fiscalDateEnding": "2021-10-01"
  },
  {
    "date": "2021-08-02",
    "symbol": "ON",
    "eps": 0.63,
    "epsEstimated": 0.49,
    "time": "bmo",
    "revenue": 1669900000,
    "revenueEstimated": 1669900000,
    "updatedFromDate": "2025-04-25",
    "fiscalDateEnding": "2021-07-02"
  },
  {
    "date": "2021-05-03",
    "symbol": "ON",
    "eps": 0.35,
    "epsEstimated": 0.34,
    "time": "bmo",
    "revenue": 1481700000,
    "revenueEstimated": 1461170000,
    "updatedFromDate": "2025-04-25",
    "fiscalDateEnding": "2021-04-02"
  },
  {
    "date": "2021-02-01",
    "symbol": "ON",
    "eps": 0.35,
    "epsEstimated": 0.28,
    "time": "bmo",
    "revenue": 1446300000,
    "revenueEstimated": 1352610000,
    "updatedFromDate": "2025-04-25",
    "fiscalDateEnding": "2020-12-31"
  },
  {
    "date": "2020-10-31",
    "symbol": "ON",
    "eps": 0.27,
    "epsEstimated": 0.19,
    "time": "bmo",
    "revenue": 1317300000,
    "revenueEstimated": 975555555,
    "updatedFromDate": "2025-04-25",
    "fiscalDateEnding": "2020-10-02"
  },
  {
    "date": "2020-08-08",
    "symbol": "ON",
    "eps": 0.12,
    "epsEstimated": 0.01787,
    "time": "bmo",
    "revenue": 1213500000,
    "revenueEstimated": 202250000,
    "updatedFromDate": "2025-04-25",
    "fiscalDateEnding": "2020-07-03"
  },
  {
    "date": "2020-05-09",
    "symbol": "ON",
    "eps": 0.1,
    "epsEstimated": 0.15,
    "time": "bmo",
    "revenue": 1277900000,
    "revenueEstimated": 1916850000,
    "updatedFromDate": "2025-04-25",
    "fiscalDateEnding": "2020-04-03"
  },
  {
    "date": "2020-02-03",
    "symbol": "ON",
    "eps": 0.3,
    "epsEstimated": 0.33,
    "time": "bmo",
    "revenue": 1401800000,
    "revenueEstimated": 1495253333,
    "updatedFromDate": "2025-04-25",
    "fiscalDateEnding": "2019-12-31"
  },
  {
    "date": "2019-10-27",
    "symbol": "ON",
    "eps": 0.33,
    "epsEstimated": 0.36,
    "time": "bmo",
    "revenue": 1381800000,
    "revenueEstimated": 1507418181,
    "updatedFromDate": "2025-04-25",
    "fiscalDateEnding": "2019-09-27"
  },
  {
    "date": "2019-08-04",
    "symbol": "ON",
    "eps": 0.42,
    "epsEstimated": 0.42,
    "time": "bmo",
    "revenue": 1347700000,
    "revenueEstimated": 1347700000,
    "updatedFromDate": "2025-04-25",
    "fiscalDateEnding": "2019-06-28"
  },
  {
    "date": "2019-04-27",
    "symbol": "ON",
    "eps": 0.43,
    "epsEstimated": 0.4,
    "time": "bmo",
    "revenue": 1386600000,
    "revenueEstimated": 1289860465,
    "updatedFromDate": "2025-04-25",
    "fiscalDateEnding": "2019-03-29"
  },
  {
    "date": "2019-02-01",
    "symbol": "ON",
    "eps": 0.53,
    "epsEstimated": 0.48,
    "time": "bmo",
    "revenue": 1503100000,
    "revenueEstimated": 1332937735,
    "updatedFromDate": "2025-04-25",
    "fiscalDateEnding": "2018-12-31"
  },
  {
    "date": "2018-10-28",
    "symbol": "ON",
    "eps": 0.57,
    "epsEstimated": 0.5,
    "time": "bmo",
    "revenue": 1541700000,
    "revenueEstimated": 1379415789,
    "updatedFromDate": "2025-04-25",
    "fiscalDateEnding": "2018-09-28"
  },
  {
    "date": "2018-07-29",
    "symbol": "ON",
    "eps": 0.46,
    "epsEstimated": 0.45,
    "time": "bmo",
    "revenue": 1455900000,
    "revenueEstimated": 1424250000,
    "updatedFromDate": "2025-04-25",
    "fiscalDateEnding": "2018-06-29"
  },
  {
    "date": "2018-04-29",
    "symbol": "ON",
    "eps": 0.4,
    "epsEstimated": 0.39,
    "time": "bmo",
    "revenue": 1377600000,
    "revenueEstimated": 1343160000,
    "updatedFromDate": "2025-04-25",
    "fiscalDateEnding": "2018-03-30"
  },
  {
    "date": "2018-02-02",
    "symbol": "ON",
    "eps": 0.39,
    "epsEstimated": 0.37,
    "time": "bmo",
    "revenue": 1377500000,
    "revenueEstimated": 1306858974,
    "updatedFromDate": "2025-04-25",
    "fiscalDateEnding": "2017-12-31"
  },
  {
    "date": "2017-11-05",
    "symbol": "ON",
    "eps": 0.31,
    "epsEstimated": 0.4,
    "time": "bmo",
    "revenue": 1390900000,
    "revenueEstimated": 1264454545,
    "updatedFromDate": "2025-04-25",
    "fiscalDateEnding": "2017-09-29"
  },
  {
    "date": "2017-08-06",
    "symbol": "ON",
    "eps": 0.26,
    "epsEstimated": 0.32,
    "time": "bmo",
    "revenue": 1338000000,
    "revenueEstimated": 1189333333,
    "updatedFromDate": "2025-04-25",
    "fiscalDateEnding": "2017-06-30"
  },
  {
    "date": "2017-05-07",
    "symbol": "ON",
    "eps": 0.23,
    "epsEstimated": 0.25,
    "time": "bmo",
    "revenue": 1436700000,
    "revenueEstimated": 1330277777,
    "updatedFromDate": "2025-04-25",
    "fiscalDateEnding": "2017-03-31"
  },
  {
    "date": "2017-02-12",
    "symbol": "ON",
    "eps": 0.29,
    "epsEstimated": 0.23,
    "time": "bmo",
    "revenue": 1261000000,
    "revenueEstimated": 1000103448,
    "updatedFromDate": "2025-04-25",
    "fiscalDateEnding": "2016-12-31"
  },
  {
    "date": "2016-11-06",
    "symbol": "ON",
    "eps": 0.23,
    "epsEstimated": 0.24,
    "time": "bmo",
    "revenue": 950900000,
    "revenueEstimated": 950900000,
    "updatedFromDate": "2025-04-25",
    "fiscalDateEnding": "2016-09-30"
  },
  {
    "date": "2016-08-06",
    "symbol": "ON",
    "eps": 0.21,
    "epsEstimated": 0.2,
    "time": "bmo",
    "revenue": 877800000,
    "revenueEstimated": 794200000,
    "updatedFromDate": "2025-04-25",
    "fiscalDateEnding": "2016-07-01"
  }
]