[
  {
    "date": "2026-03-09",
    "symbol": "ORCL",
    "eps": null,
    "epsEstimated": null,
    "time": "amc",
    "revenue": null,
    "revenueEstimated": null,
    "updatedFromDate": "2025-10-02",
    "fiscalDateEnding": "2026-02-28"
  },
  {
    "date": "2025-12-08",
    "symbol": "ORCL",
    "eps": null,
    "epsEstimated": 1.63,
    "time": "amc",
    "revenue": null,
    "revenueEstimated": 16184340530,
    "updatedFromDate": "2025-10-02",
    "fiscalDateEnding": "2025-11-30"
  },
  {
    "date": "2025-09-09",
    "symbol": "ORCL",
    "eps": 1.47,
    "epsEstimated": 1.48,
    "time": "amc",
    "revenue": 14926000000,
    "revenueEstimated": 15039481792,
    "updatedFromDate": "2025-10-02",
    "fiscalDateEnding": "2025-08-31"
  },
  {
    "date": "2025-06-11",
    "symbol": "ORCL",
    "eps": 1.7,
    "epsEstimated": 1.64,
    "time": "amc",
    "revenue": 15903000000,
    "revenueEstimated": 15581749411,
    "updatedFromDate": "2025-09-11",
    "fiscalDateEnding": "2025-05-31"
  },
  {
    "date": "2025-03-10",
    "symbol": "ORCL",
    "eps": 1.47,
    "epsEstimated": 1.49,
    "time": "amc",
    "revenue": 14130000000,
    "revenueEstimated": 14375389675,
    "updatedFromDate": "2025-06-10",
    "fiscalDateEnding": "2025-02-28"
  },
  {
    "date": "2024-12-09",
    "symbol": "ORCL",
    "eps": 1.47,
    "epsEstimated": 1.48,
    "time": "amc",
    "revenue": 14059000000,
    "revenueEstimated": 14117796631,
    "updatedFromDate": "2025-04-25",
    "fiscalDateEnding": "2024-11-30"
  },
  {
    "date": "2024-09-09",
    "symbol": "ORCL",
    "eps": 1.39,
    "epsEstimated": 1.33,
    "time": "amc",
    "revenue": 13307000000,
    "revenueEstimated": 13233301542,
    "updatedFromDate": "2025-04-25",
    "fiscalDateEnding": "2024-08-31"
  },
  {
    "date": "2024-06-11",
    "symbol": "ORCL",
    "eps": 1.63,
    "epsEstimated": 1.65,
    "time": "amc",
    "revenue": 14287000000,
    "revenueEstimated": 14562253539,
    "updatedFromDate": "2025-04-25",
    "fiscalDateEnding": "2024-05-31"
  },
  {
    "date": "2024-03-11",
    "symbol": "ORCL",
    "eps": 1.41,
    "epsEstimated": 1.38,
    "time": "amc",
    "revenue": 13280000000,
    "revenueEstimated": 13286481142,
    "updatedFromDate": "2025-04-25",
    "fiscalDateEnding": "2024-02-29"
  },
  {
    "date": "2023-12-11",
    "symbol": "ORCL",
    "eps": 1.34,
    "epsEstimated": 1.32,
    "time": "amc",
    "revenue": 12941000000,
    "revenueEstimated": 13048000000,
    "updatedFromDate": "2025-04-25",
    "fiscalDateEnding": "2023-11-30"
  },
  {
    "date": "2023-09-11",
    "symbol": "ORCL",
    "eps": 1.19,
    "epsEstimated": 1.14,
    "time": "amc",
    "revenue": 12453000000,
    "revenueEstimated": 12460000000,
    "updatedFromDate": "2025-04-25",
    "fiscalDateEnding": "2023-08-31"
  },
  {
    "date": "2023-06-12",
    "symbol": "ORCL",
    "eps": 1.67,
    "epsEstimated": 1.58,
    "time": "amc",
    "revenue": 13836000000,
    "revenueEstimated": 13730300000,
    "updatedFromDate": "2025-04-25",
    "fiscalDateEnding": "2023-05-31"
  },
  {
    "date": "2023-03-09",
    "symbol": "ORCL",
    "eps": 1.22,
    "epsEstimated": 1.2,
    "time": "amc",
    "revenue": 12398000000,
    "revenueEstimated": 13756200000,
    "updatedFromDate": "2025-04-25",
    "fiscalDateEnding": "2023-02-28"
  },
  {
    "date": "2022-12-12",
    "symbol": "ORCL",
    "eps": 1.21,
    "epsEstimated": 1.17,
    "time": "amc",
    "revenue": 12275000000,
    "revenueEstimated": 11959280734,
    "updatedFromDate": "2025-04-25",
    "fiscalDateEnding": "2022-11-30"
  },
  {
    "date": "2022-09-12",
    "symbol": "ORCL",
    "eps": 1.03,
    "epsEstimated": 1.07,
    "time": "amc",
    "revenue": 11445000000,
    "revenueEstimated": 11330148798,
    "updatedFromDate": "2025-04-25",
    "fiscalDateEnding": "2022-08-31"
  },
  {
    "date": "2022-06-13",
    "symbol": "ORCL",
    "eps": 1.54,
    "epsEstimated": 1.37,
    "time": "amc",
    "revenue": 11840000000,
    "revenueEstimated": 11609519992,
    "updatedFromDate": "2025-04-25",
    "fiscalDateEnding": "2022-05-31"
  },
  {
    "date": "2022-03-10",
    "symbol": "ORCL",
    "eps": 1.13,
    "epsEstimated": 1.17,
    "time": "amc",
    "revenue": 10513000000,
    "revenueEstimated": 10505668224,
    "updatedFromDate": "2025-04-25",
    "fiscalDateEnding": "2022-02-28"
  },
  {
    "date": "2021-12-09",
    "symbol": "ORCL",
    "eps": 1.21,
    "epsEstimated": 1.11,
    "time": "amc",
    "revenue": 10360000000,
    "revenueEstimated": 10509700000,
    "updatedFromDate": "2025-04-25",
    "fiscalDateEnding": "2021-11-30"
  },
  {
    "date": "2021-09-13",
    "symbol": "ORCL",
    "eps": 1.03,
    "epsEstimated": 0.97,
    "time": "amc",
    "revenue": 9728000000,
    "revenueEstimated": 9499105882,
    "updatedFromDate": "2025-04-25",
    "fiscalDateEnding": "2021-08-31"
  },
  {
    "date": "2021-06-15",
    "symbol": "ORCL",
    "eps": 1.54,
    "epsEstimated": 1.31,
    "time": "amc",
    "revenue": 11227000000,
    "revenueEstimated": 11049400000,
    "updatedFromDate": "2025-04-25",
    "fiscalDateEnding": "2021-05-31"
  },
  {
    "date": "2021-03-10",
    "symbol": "ORCL",
    "eps": 1.16,
    "epsEstimated": 1.11,
    "time": "amc",
    "revenue": 10085000000,
    "revenueEstimated": 10067800000,
    "updatedFromDate": "2025-04-25",
    "fiscalDateEnding": "2021-02-28"
  },
  {
    "date": "2020-12-10",
    "symbol": "ORCL",
    "eps": 1.06,
    "epsEstimated": 1,
    "time": "amc",
    "revenue": 9800000000,
    "revenueEstimated": 9359550561,
    "updatedFromDate": "2025-04-25",
    "fiscalDateEnding": "2020-11-30"
  },
  {
    "date": "2020-09-10",
    "symbol": "ORCL",
    "eps": 0.93,
    "epsEstimated": 0.86,
    "time": "amc",
    "revenue": 9367000000,
    "revenueEstimated": 8604569767,
    "updatedFromDate": "2025-04-25",
    "fiscalDateEnding": "2020-08-31"
  },
  {
    "date": "2020-06-16",
    "symbol": "ORCL",
    "eps": 1.2,
    "epsEstimated": 1.15,
    "time": "amc",
    "revenue": 10439000000,
    "revenueEstimated": 10004041666,
    "updatedFromDate": "2025-04-25",
    "fiscalDateEnding": "2020-05-31"
  },
  {
    "date": "2020-03-12",
    "symbol": "ORCL",
    "eps": 0.97,
    "epsEstimated": 0.96,
    "time": "amc",
    "revenue": 9796000000,
    "revenueEstimated": 9695010309,
    "updatedFromDate": "2025-04-25",
    "fiscalDateEnding": "2020-02-29"
  },
  {
    "date": "2019-12-12",
    "symbol": "ORCL",
    "eps": 0.9,
    "epsEstimated": 0.88,
    "time": "amc",
    "revenue": 9614000000,
    "revenueEstimated": 9507177777,
    "updatedFromDate": "2025-04-25",
    "fiscalDateEnding": "2019-11-30"
  },
  {
    "date": "2019-09-11",
    "symbol": "ORCL",
    "eps": 0.81,
    "epsEstimated": 0.81,
    "time": "amc",
    "revenue": 9218000000,
    "revenueEstimated": 9218000000,
    "updatedFromDate": "2025-04-25",
    "fiscalDateEnding": "2019-08-31"
  },
  {
    "date": "2019-06-19",
    "symbol": "ORCL",
    "eps": 1.16,
    "epsEstimated": 1.07,
    "time": "amc",
    "revenue": 11136000000,
    "revenueEstimated": 10272922413,
    "updatedFromDate": "2025-04-25",
    "fiscalDateEnding": "2019-05-31"
  },
  {
    "date": "2019-03-14",
    "symbol": "ORCL",
    "eps": 0.87,
    "epsEstimated": 0.84,
    "time": "amc",
    "revenue": 9614000000,
    "revenueEstimated": 9282482758,
    "updatedFromDate": "2025-04-25",
    "fiscalDateEnding": "2019-02-28"
  },
  {
    "date": "2018-12-17",
    "symbol": "ORCL",
    "eps": 0.8,
    "epsEstimated": 0.78,
    "time": "amc",
    "revenue": 9562000000,
    "revenueEstimated": 9322950000,
    "updatedFromDate": "2025-04-25",
    "fiscalDateEnding": "2018-11-30"
  },
  {
    "date": "2018-09-17",
    "symbol": "ORCL",
    "eps": 0.71,
    "epsEstimated": 0.69,
    "time": "amc",
    "revenue": 9193000000,
    "revenueEstimated": 8934042253,
    "updatedFromDate": "2025-04-25",
    "fiscalDateEnding": "2018-08-31"
  },
  {
    "date": "2018-06-19",
    "symbol": "ORCL",
    "eps": 0.99,
    "epsEstimated": 0.94,
    "time": "amc",
    "revenue": 11251000000,
    "revenueEstimated": 10457737373,
    "updatedFromDate": "2025-04-25",
    "fiscalDateEnding": "2018-05-31"
  },
  {
    "date": "2018-03-19",
    "symbol": "ORCL",
    "eps": 0.83,
    "epsEstimated": 0.72,
    "time": "amc",
    "revenue": 9771000000,
    "revenueEstimated": 8393638554,
    "updatedFromDate": "2025-04-25",
    "fiscalDateEnding": "2018-02-28"
  },
  {
    "date": "2017-12-14",
    "symbol": "ORCL",
    "eps": 0.7,
    "epsEstimated": 0.68,
    "time": "amc",
    "revenue": 9621000000,
    "revenueEstimated": 9315028571,
    "updatedFromDate": "2025-04-25",
    "fiscalDateEnding": "2017-11-30"
  },
  {
    "date": "2017-09-14",
    "symbol": "ORCL",
    "eps": 0.62,
    "epsEstimated": 0.6,
    "time": "amc",
    "revenue": 9187000000,
    "revenueEstimated": 8810322580,
    "updatedFromDate": "2025-04-25",
    "fiscalDateEnding": "2017-08-31"
  },
  {
    "date": "2017-06-21",
    "symbol": "ORCL",
    "eps": 0.89,
    "epsEstimated": 0.78,
    "time": "amc",
    "revenue": 10892000000,
    "revenueEstimated": 9546674157,
    "updatedFromDate": "2025-04-25",
    "fiscalDateEnding": "2017-05-31"
  },
  {
    "date": "2017-03-15",
    "symbol": "ORCL",
    "eps": 0.69,
    "epsEstimated": 0.62,
    "time": "amc",
    "revenue": 9205000000,
    "revenueEstimated": 8271159420,
    "updatedFromDate": "2025-04-25",
    "fiscalDateEnding": "2017-02-28"
  },
  {
    "date": "2016-12-15",
    "symbol": "ORCL",
    "eps": 0.61,
    "epsEstimated": 0.6,
    "time": "amc",
    "revenue": 9035000000,
    "revenueEstimated": 8886885245,
    "updatedFromDate": "2025-04-25",
    "fiscalDateEnding": "2016-11-30"
  },
  {
    "date": "2016-09-15",
    "symbol": "ORCL",
    "eps": 0.55,
    "epsEstimated": 0.58,
    "time": "amc",
    "revenue": 8595000000,
    "revenueEstimated": 9063818181,
    "updatedFromDate": "2025-04-25",
    "fiscalDateEnding": "2016-08-31"
  },
  {
    "date": "2016-06-16",
    "symbol": "ORCL",
    "eps": 0.81,
    "epsEstimated": 0.81,
    "time": "amc",
    "revenue": 10594000000,
    "revenueEstimated": 10724790123,
    "updatedFromDate": "2025-04-25",
    "fiscalDateEnding": "2016-05-31"
  }
]