[
  {
    "date": "2026-04-21",
    "symbol": "ORLY",
    "eps": null,
    "epsEstimated": null,
    "time": "amc",
    "revenue": null,
    "revenueEstimated": null,
    "updatedFromDate": "2025-10-02",
    "fiscalDateEnding": "2026-03-30"
  },
  {
    "date": "2026-02-03",
    "symbol": "ORLY",
    "eps": null,
    "epsEstimated": null,
    "time": "amc",
    "revenue": null,
    "revenueEstimated": null,
    "updatedFromDate": "2025-10-02",
    "fiscalDateEnding": "2025-12-30"
  },
  {
    "date": "2025-10-22",
    "symbol": "ORLY",
    "eps": null,
    "epsEstimated": 0.83,
    "time": "bmo",
    "revenue": null,
    "revenueEstimated": 4687014820,
    "updatedFromDate": "2025-10-02",
    "fiscalDateEnding": "2025-09-30"
  },
  {
    "date": "2025-07-23",
    "symbol": "ORLY",
    "eps": 0.78,
    "epsEstimated": 0.781,
    "time": "amc",
    "revenue": 4525058000,
    "revenueEstimated": 4531572477,
    "updatedFromDate": "2025-10-02",
    "fiscalDateEnding": "2025-06-30"
  },
  {
    "date": "2025-04-23",
    "symbol": "ORLY",
    "eps": 0.62,
    "epsEstimated": 0.657,
    "time": "amc",
    "revenue": 4136924000,
    "revenueEstimated": 4172265249,
    "updatedFromDate": "2025-07-23",
    "fiscalDateEnding": "2025-03-31"
  },
  {
    "date": "2025-02-05",
    "symbol": "ORLY",
    "eps": 9.96,
    "epsEstimated": 9.73,
    "time": "amc",
    "revenue": 4095601000,
    "revenueEstimated": 4045296492,
    "updatedFromDate": "2025-05-05",
    "fiscalDateEnding": "2024-12-31"
  },
  {
    "date": "2024-10-23",
    "symbol": "ORLY",
    "eps": 11.41,
    "epsEstimated": 11.55,
    "time": "amc",
    "revenue": 4364437000,
    "revenueEstimated": 4404788180,
    "updatedFromDate": "2025-04-25",
    "fiscalDateEnding": "2024-09-30"
  },
  {
    "date": "2024-07-24",
    "symbol": "ORLY",
    "eps": 10.55,
    "epsEstimated": 10.98,
    "time": "amc",
    "revenue": 4272201000,
    "revenueEstimated": 4309105970,
    "updatedFromDate": "2025-04-25",
    "fiscalDateEnding": "2024-06-30"
  },
  {
    "date": "2024-04-24",
    "symbol": "ORLY",
    "eps": 9.2,
    "epsEstimated": 9.28,
    "time": "amc",
    "revenue": 3976240000,
    "revenueEstimated": 3985235112,
    "updatedFromDate": "2025-04-25",
    "fiscalDateEnding": "2024-03-31"
  },
  {
    "date": "2024-02-07",
    "symbol": "ORLY",
    "eps": 9.26,
    "epsEstimated": 9.17,
    "time": "amc",
    "revenue": 3832015000,
    "revenueEstimated": 3863670000,
    "updatedFromDate": "2025-04-25",
    "fiscalDateEnding": "2023-12-31"
  },
  {
    "date": "2023-10-25",
    "symbol": "ORLY",
    "eps": 10.73,
    "epsEstimated": 10.4,
    "time": "amc",
    "revenue": 4203380000,
    "revenueEstimated": 4085500000,
    "updatedFromDate": "2025-04-25",
    "fiscalDateEnding": "2023-09-30"
  },
  {
    "date": "2023-07-26",
    "symbol": "ORLY",
    "eps": 10.22,
    "epsEstimated": 10.09,
    "time": "amc",
    "revenue": 4068991000,
    "revenueEstimated": 3991220000,
    "updatedFromDate": "2025-04-25",
    "fiscalDateEnding": "2023-06-30"
  },
  {
    "date": "2023-04-26",
    "symbol": "ORLY",
    "eps": 8.28,
    "epsEstimated": 8,
    "time": "amc",
    "revenue": 3707864000,
    "revenueEstimated": 3967840000,
    "updatedFromDate": "2025-04-25",
    "fiscalDateEnding": "2023-03-31"
  },
  {
    "date": "2023-02-08",
    "symbol": "ORLY",
    "eps": 8.37,
    "epsEstimated": 7.75,
    "time": "amc",
    "revenue": 3644493000,
    "revenueEstimated": 3507839758,
    "updatedFromDate": "2025-04-25",
    "fiscalDateEnding": "2022-12-31"
  },
  {
    "date": "2022-10-26",
    "symbol": "ORLY",
    "eps": 9.17,
    "epsEstimated": 8.5,
    "time": "amc",
    "revenue": 3798619000,
    "revenueEstimated": 3714430754,
    "updatedFromDate": "2025-04-25",
    "fiscalDateEnding": "2022-09-30"
  },
  {
    "date": "2022-07-27",
    "symbol": "ORLY",
    "eps": 8.78,
    "epsEstimated": 8.96,
    "time": "amc",
    "revenue": 3670737000,
    "revenueEstimated": 3700431623,
    "updatedFromDate": "2025-04-25",
    "fiscalDateEnding": "2022-06-30"
  },
  {
    "date": "2022-04-27",
    "symbol": "ORLY",
    "eps": 7.17,
    "epsEstimated": 7.48,
    "time": "amc",
    "revenue": 3296011000,
    "revenueEstimated": 3323377473,
    "updatedFromDate": "2025-04-25",
    "fiscalDateEnding": "2022-03-31"
  },
  {
    "date": "2022-02-09",
    "symbol": "ORLY",
    "eps": 7.64,
    "epsEstimated": 6.05,
    "time": "amc",
    "revenue": 3291493000,
    "revenueEstimated": 3124048575,
    "updatedFromDate": "2025-04-25",
    "fiscalDateEnding": "2021-12-31"
  },
  {
    "date": "2021-10-27",
    "symbol": "ORLY",
    "eps": 8.07,
    "epsEstimated": 7.19,
    "time": "amc",
    "revenue": 3479570000,
    "revenueEstimated": 3231390000,
    "updatedFromDate": "2025-04-25",
    "fiscalDateEnding": "2021-09-30"
  },
  {
    "date": "2021-07-28",
    "symbol": "ORLY",
    "eps": 8.33,
    "epsEstimated": 7.56,
    "time": "amc",
    "revenue": 3465601000,
    "revenueEstimated": 3223980000,
    "updatedFromDate": "2025-04-25",
    "fiscalDateEnding": "2021-06-30"
  },
  {
    "date": "2021-04-28",
    "symbol": "ORLY",
    "eps": 7.06,
    "epsEstimated": 5.47,
    "time": "amc",
    "revenue": 3090899000,
    "revenueEstimated": 2795620000,
    "updatedFromDate": "2025-04-25",
    "fiscalDateEnding": "2021-03-31"
  },
  {
    "date": "2021-02-10",
    "symbol": "ORLY",
    "eps": 5.4,
    "epsEstimated": 5.13,
    "time": "amc",
    "revenue": 2828773000,
    "revenueEstimated": 2679890210,
    "updatedFromDate": "2025-04-25",
    "fiscalDateEnding": "2020-12-31"
  },
  {
    "date": "2020-10-28",
    "symbol": "ORLY",
    "eps": 7.07,
    "epsEstimated": 6.4,
    "time": "amc",
    "revenue": 3207638000,
    "revenueEstimated": 662896451,
    "updatedFromDate": "2025-04-25",
    "fiscalDateEnding": "2020-09-30"
  },
  {
    "date": "2020-07-29",
    "symbol": "ORLY",
    "eps": 7.1,
    "epsEstimated": 4.3,
    "time": "amc",
    "revenue": 3091595000,
    "revenueEstimated": 2669196845,
    "updatedFromDate": "2025-04-25",
    "fiscalDateEnding": "2020-06-30"
  },
  {
    "date": "2020-04-22",
    "symbol": "ORLY",
    "eps": 3.97,
    "epsEstimated": 3.95,
    "time": "amc",
    "revenue": 2476487000,
    "revenueEstimated": 2464010994,
    "updatedFromDate": "2025-04-25",
    "fiscalDateEnding": "2020-03-31"
  },
  {
    "date": "2020-02-05",
    "symbol": "ORLY",
    "eps": 4.25,
    "epsEstimated": 4.27,
    "time": "amc",
    "revenue": 2482975000,
    "revenueEstimated": 2494659588,
    "updatedFromDate": "2025-04-25",
    "fiscalDateEnding": "2019-12-31"
  },
  {
    "date": "2019-10-23",
    "symbol": "ORLY",
    "eps": 5.08,
    "epsEstimated": 4.79,
    "time": "amc",
    "revenue": 2666528000,
    "revenueEstimated": 2514304944,
    "updatedFromDate": "2025-04-25",
    "fiscalDateEnding": "2019-09-30"
  },
  {
    "date": "2019-07-24",
    "symbol": "ORLY",
    "eps": 4.51,
    "epsEstimated": 4.67,
    "time": "amc",
    "revenue": 2589874000,
    "revenueEstimated": 2681754230,
    "updatedFromDate": "2025-04-25",
    "fiscalDateEnding": "2019-06-30"
  },
  {
    "date": "2019-04-24",
    "symbol": "ORLY",
    "eps": 4.05,
    "epsEstimated": 4.05,
    "time": "amc",
    "revenue": 2410608000,
    "revenueEstimated": 2410608000,
    "updatedFromDate": "2025-04-25",
    "fiscalDateEnding": "2019-03-31"
  },
  {
    "date": "2019-02-06",
    "symbol": "ORLY",
    "eps": 3.72,
    "epsEstimated": 3.75,
    "time": "amc",
    "revenue": 2314957000,
    "revenueEstimated": 2333626008,
    "updatedFromDate": "2025-04-25",
    "fiscalDateEnding": "2018-12-31"
  },
  {
    "date": "2018-10-24",
    "symbol": "ORLY",
    "eps": 4.5,
    "epsEstimated": 4.3,
    "time": "amc",
    "revenue": 2482717000,
    "revenueEstimated": 2377874888,
    "updatedFromDate": "2025-04-25",
    "fiscalDateEnding": "2018-09-30"
  },
  {
    "date": "2018-07-25",
    "symbol": "ORLY",
    "eps": 4.28,
    "epsEstimated": 4.06,
    "time": "amc",
    "revenue": 2456073000,
    "revenueEstimated": 2329851869,
    "updatedFromDate": "2025-04-25",
    "fiscalDateEnding": "2018-06-30"
  },
  {
    "date": "2018-04-25",
    "symbol": "ORLY",
    "eps": 3.61,
    "epsEstimated": 3.58,
    "time": "amc",
    "revenue": 2282681000,
    "revenueEstimated": 2263730193,
    "updatedFromDate": "2025-04-25",
    "fiscalDateEnding": "2018-03-31"
  },
  {
    "date": "2018-02-07",
    "symbol": "ORLY",
    "eps": 2.9,
    "epsEstimated": 2.77,
    "time": "amc",
    "revenue": 2190808000,
    "revenueEstimated": 2092591724,
    "updatedFromDate": "2025-04-25",
    "fiscalDateEnding": "2017-12-31"
  },
  {
    "date": "2017-10-25",
    "symbol": "ORLY",
    "eps": 3.22,
    "epsEstimated": 3.15,
    "time": "amc",
    "revenue": 2339830000,
    "revenueEstimated": 2288934782,
    "updatedFromDate": "2025-04-25",
    "fiscalDateEnding": "2017-09-30"
  },
  {
    "date": "2017-07-26",
    "symbol": "ORLY",
    "eps": 3.04,
    "epsEstimated": 2.89,
    "time": "amc",
    "revenue": 2290829000,
    "revenueEstimated": 2135616774,
    "updatedFromDate": "2025-04-25",
    "fiscalDateEnding": "2017-06-30"
  },
  {
    "date": "2017-04-26",
    "symbol": "ORLY",
    "eps": 2.6,
    "epsEstimated": 2.88,
    "time": "amc",
    "revenue": 2156259000,
    "revenueEstimated": 2194397173,
    "updatedFromDate": "2025-04-25",
    "fiscalDateEnding": "2017-03-31"
  },
  {
    "date": "2017-02-07",
    "symbol": "ORLY",
    "eps": 2.59,
    "epsEstimated": 2.54,
    "time": "amc",
    "revenue": 2099302000,
    "revenueEstimated": 2058772972,
    "updatedFromDate": "2025-04-25",
    "fiscalDateEnding": "2016-12-31"
  },
  {
    "date": "2016-10-26",
    "symbol": "ORLY",
    "eps": 2.9,
    "epsEstimated": 2.92,
    "time": "amc",
    "revenue": 2220955000,
    "revenueEstimated": 2236317241,
    "updatedFromDate": "2025-04-25",
    "fiscalDateEnding": "2016-09-30"
  },
  {
    "date": "2016-07-27",
    "symbol": "ORLY",
    "eps": 2.65,
    "epsEstimated": 2.68,
    "time": "amc",
    "revenue": 2176689000,
    "revenueEstimated": 2201341886,
    "updatedFromDate": "2025-04-25",
    "fiscalDateEnding": "2016-06-30"
  }
]