[
  {
    "date": "2026-04-21",
    "symbol": "OTIS",
    "eps": null,
    "epsEstimated": null,
    "time": "bmo",
    "revenue": null,
    "revenueEstimated": null,
    "updatedFromDate": "2025-10-02",
    "fiscalDateEnding": "2026-03-30"
  },
  {
    "date": "2026-01-27",
    "symbol": "OTIS",
    "eps": null,
    "epsEstimated": null,
    "time": "bmo",
    "revenue": null,
    "revenueEstimated": null,
    "updatedFromDate": "2025-10-02",
    "fiscalDateEnding": "2025-12-30"
  },
  {
    "date": "2025-10-29",
    "symbol": "OTIS",
    "eps": null,
    "epsEstimated": 0.99,
    "time": "bmo",
    "revenue": null,
    "revenueEstimated": 3647929620,
    "updatedFromDate": "2025-10-02",
    "fiscalDateEnding": "2025-09-30"
  },
  {
    "date": "2025-07-23",
    "symbol": "OTIS",
    "eps": 1.05,
    "epsEstimated": 1.03,
    "time": "bmo",
    "revenue": 3595000000,
    "revenueEstimated": 3670110625,
    "updatedFromDate": "2025-10-02",
    "fiscalDateEnding": "2025-06-30"
  },
  {
    "date": "2025-04-23",
    "symbol": "OTIS",
    "eps": 0.92,
    "epsEstimated": 0.896,
    "time": "bmo",
    "revenue": 3350000000,
    "revenueEstimated": 3376525396,
    "updatedFromDate": "2025-07-23",
    "fiscalDateEnding": "2025-03-31"
  },
  {
    "date": "2025-01-29",
    "symbol": "OTIS",
    "eps": 0.93,
    "epsEstimated": 0.95,
    "time": "bmo",
    "revenue": 3675000000,
    "revenueEstimated": 3641585096,
    "updatedFromDate": "2025-04-29",
    "fiscalDateEnding": "2024-12-31"
  },
  {
    "date": "2024-10-30",
    "symbol": "OTIS",
    "eps": 0.96,
    "epsEstimated": 0.97,
    "time": "bmo",
    "revenue": 3548000000,
    "revenueEstimated": 3590089764,
    "updatedFromDate": "2025-04-25",
    "fiscalDateEnding": "2024-09-30"
  },
  {
    "date": "2024-07-24",
    "symbol": "OTIS",
    "eps": 1.06,
    "epsEstimated": 1.03,
    "time": "bmo",
    "revenue": 3601000000,
    "revenueEstimated": 3736046667,
    "updatedFromDate": "2025-04-25",
    "fiscalDateEnding": "2024-06-30"
  },
  {
    "date": "2024-04-24",
    "symbol": "OTIS",
    "eps": 0.88,
    "epsEstimated": 0.87,
    "time": "bmo",
    "revenue": 3437000000,
    "revenueEstimated": 3457521714,
    "updatedFromDate": "2025-04-25",
    "fiscalDateEnding": "2024-03-31"
  },
  {
    "date": "2024-01-31",
    "symbol": "OTIS",
    "eps": 0.87,
    "epsEstimated": 0.86,
    "time": "bmo",
    "revenue": 3620000000,
    "revenueEstimated": 3573960000,
    "updatedFromDate": "2025-04-25",
    "fiscalDateEnding": "2023-12-31"
  },
  {
    "date": "2023-10-25",
    "symbol": "OTIS",
    "eps": 0.95,
    "epsEstimated": 0.87,
    "time": "bmo",
    "revenue": 3523000000,
    "revenueEstimated": 3520050000,
    "updatedFromDate": "2025-04-25",
    "fiscalDateEnding": "2023-09-30"
  },
  {
    "date": "2023-07-26",
    "symbol": "OTIS",
    "eps": 0.92,
    "epsEstimated": 0.86,
    "time": "bmo",
    "revenue": 3720000000,
    "revenueEstimated": 3582710000,
    "updatedFromDate": "2025-04-25",
    "fiscalDateEnding": "2023-06-30"
  },
  {
    "date": "2023-04-26",
    "symbol": "OTIS",
    "eps": 0.8,
    "epsEstimated": 0.76,
    "time": "bmo",
    "revenue": 3346000000,
    "revenueEstimated": 3257800000,
    "updatedFromDate": "2025-04-25",
    "fiscalDateEnding": "2023-03-31"
  },
  {
    "date": "2023-02-01",
    "symbol": "OTIS",
    "eps": 0.75,
    "epsEstimated": 0.74,
    "time": "bmo",
    "revenue": 3439000000,
    "revenueEstimated": 3356176250,
    "updatedFromDate": "2025-04-25",
    "fiscalDateEnding": "2022-12-31"
  },
  {
    "date": "2022-10-26",
    "symbol": "OTIS",
    "eps": 0.8,
    "epsEstimated": 0.78,
    "time": "bmo",
    "revenue": 3344000000,
    "revenueEstimated": 3437961200,
    "updatedFromDate": "2025-04-25",
    "fiscalDateEnding": "2022-09-30"
  },
  {
    "date": "2022-07-27",
    "symbol": "OTIS",
    "eps": 0.86,
    "epsEstimated": 0.78,
    "time": "bmo",
    "revenue": 3488000000,
    "revenueEstimated": 3548409444,
    "updatedFromDate": "2025-04-25",
    "fiscalDateEnding": "2022-06-30"
  },
  {
    "date": "2022-04-25",
    "symbol": "OTIS",
    "eps": 0.77,
    "epsEstimated": 0.74,
    "time": "bmo",
    "revenue": 3414000000,
    "revenueEstimated": 3447861137,
    "updatedFromDate": "2025-04-25",
    "fiscalDateEnding": "2022-03-31"
  },
  {
    "date": "2022-01-31",
    "symbol": "OTIS",
    "eps": 0.72,
    "epsEstimated": 0.68,
    "time": "bmo",
    "revenue": 3569000000,
    "revenueEstimated": 3587116513,
    "updatedFromDate": "2025-04-25",
    "fiscalDateEnding": "2021-12-31"
  },
  {
    "date": "2021-10-25",
    "symbol": "OTIS",
    "eps": 0.77,
    "epsEstimated": 0.73,
    "time": "bmo",
    "revenue": 3620000000,
    "revenueEstimated": 3557610000,
    "updatedFromDate": "2025-04-25",
    "fiscalDateEnding": "2021-09-30"
  },
  {
    "date": "2021-07-26",
    "symbol": "OTIS",
    "eps": 0.79,
    "epsEstimated": 0.72,
    "time": "bmo",
    "revenue": 3701000000,
    "revenueEstimated": 3557610000,
    "updatedFromDate": "2025-04-25",
    "fiscalDateEnding": "2021-06-30"
  },
  {
    "date": "2021-04-26",
    "symbol": "OTIS",
    "eps": 0.72,
    "epsEstimated": 0.63,
    "time": "bmo",
    "revenue": 3408000000,
    "revenueEstimated": 2921142857,
    "updatedFromDate": "2025-04-25",
    "fiscalDateEnding": "2021-03-31"
  },
  {
    "date": "2021-02-01",
    "symbol": "OTIS",
    "eps": 0.66,
    "epsEstimated": 0.59,
    "time": "bmo",
    "revenue": 3493000000,
    "revenueEstimated": 3078576271,
    "updatedFromDate": "2025-04-25",
    "fiscalDateEnding": "2020-12-31"
  },
  {
    "date": "2020-10-26",
    "symbol": "OTIS",
    "eps": 0.69,
    "epsEstimated": 0.56,
    "time": "bmo",
    "revenue": 3268000000,
    "revenueEstimated": 2509357142,
    "updatedFromDate": "2025-04-25",
    "fiscalDateEnding": "2020-09-30"
  },
  {
    "date": "2020-07-28",
    "symbol": "OTIS",
    "eps": 0.56,
    "epsEstimated": 0.44,
    "time": "bmo",
    "revenue": 3029000000,
    "revenueEstimated": 2379928571,
    "updatedFromDate": "2025-04-25",
    "fiscalDateEnding": "2020-06-30"
  },
  {
    "date": "2020-05-06",
    "symbol": "OTIS",
    "eps": 0.6,
    "epsEstimated": 0.47,
    "time": "bmo",
    "revenue": 2966000000,
    "revenueEstimated": 2273933333,
    "updatedFromDate": "2025-04-25",
    "fiscalDateEnding": "2020-03-31"
  },
  {
    "date": "2020-02-07",
    "symbol": "OTIS",
    "eps": 0.726,
    "epsEstimated": null,
    "time": "bmo",
    "revenue": 3313000000,
    "revenueEstimated": null,
    "updatedFromDate": "2025-04-25",
    "fiscalDateEnding": "2019-09-30"
  },
  {
    "date": "2019-12-30",
    "symbol": "OTIS",
    "eps": 0.503,
    "epsEstimated": null,
    "time": "bmo",
    "revenue": 3353000000,
    "revenueEstimated": null,
    "updatedFromDate": "2025-04-25",
    "fiscalDateEnding": "2019-12-31"
  },
  {
    "date": "2019-06-29",
    "symbol": "OTIS",
    "eps": 0.706,
    "epsEstimated": null,
    "time": "bmo",
    "revenue": 3351000000,
    "revenueEstimated": null,
    "updatedFromDate": "2025-04-25",
    "fiscalDateEnding": "2019-06-30"
  },
  {
    "date": "2019-03-30",
    "symbol": "OTIS",
    "eps": 0.626,
    "epsEstimated": null,
    "time": "bmo",
    "revenue": 3101000000,
    "revenueEstimated": null,
    "updatedFromDate": "2025-04-25",
    "fiscalDateEnding": "2019-03-31"
  }
]