[
  {
    "date": "2026-05-05",
    "symbol": "OXY",
    "eps": null,
    "epsEstimated": null,
    "time": "amc",
    "revenue": null,
    "revenueEstimated": null,
    "updatedFromDate": "2025-10-01",
    "fiscalDateEnding": "2026-03-30"
  },
  {
    "date": "2026-02-16",
    "symbol": "OXY",
    "eps": null,
    "epsEstimated": null,
    "time": "amc",
    "revenue": null,
    "revenueEstimated": null,
    "updatedFromDate": "2025-10-01",
    "fiscalDateEnding": "2025-12-30"
  },
  {
    "date": "2025-11-11",
    "symbol": "OXY",
    "eps": null,
    "epsEstimated": 0.49,
    "time": "bmo",
    "revenue": null,
    "revenueEstimated": null,
    "updatedFromDate": "2025-10-01",
    "fiscalDateEnding": "2025-09-30"
  },
  {
    "date": "2025-08-06",
    "symbol": "OXY",
    "eps": 0.39,
    "epsEstimated": 0.2973,
    "time": "amc",
    "revenue": 6317000000,
    "revenueEstimated": 6377782491,
    "updatedFromDate": "2025-10-01",
    "fiscalDateEnding": "2025-06-30"
  },
  {
    "date": "2025-05-07",
    "symbol": "OXY",
    "eps": 0.87,
    "epsEstimated": 0.783,
    "time": "amc",
    "revenue": 6803000000,
    "revenueEstimated": 6825743083,
    "updatedFromDate": "2025-08-07",
    "fiscalDateEnding": "2025-03-31"
  },
  {
    "date": "2025-02-18",
    "symbol": "OXY",
    "eps": 0.8,
    "epsEstimated": 0.677,
    "time": "amc",
    "revenue": 6760000000,
    "revenueEstimated": 6978975507,
    "updatedFromDate": "2025-05-18",
    "fiscalDateEnding": "2024-12-31"
  },
  {
    "date": "2024-11-12",
    "symbol": "OXY",
    "eps": 1,
    "epsEstimated": 0.74,
    "time": "amc",
    "revenue": 7173000000,
    "revenueEstimated": 7124123930,
    "updatedFromDate": "2025-04-24",
    "fiscalDateEnding": "2024-09-30"
  },
  {
    "date": "2024-08-07",
    "symbol": "OXY",
    "eps": 1.03,
    "epsEstimated": 0.77,
    "time": "amc",
    "revenue": 6817000000,
    "revenueEstimated": 6740219994,
    "updatedFromDate": "2025-04-24",
    "fiscalDateEnding": "2024-06-30"
  },
  {
    "date": "2024-05-07",
    "symbol": "OXY",
    "eps": 0.63,
    "epsEstimated": 0.6,
    "time": "amc",
    "revenue": 5975000000,
    "revenueEstimated": 6698459478,
    "updatedFromDate": "2025-04-24",
    "fiscalDateEnding": "2024-03-31"
  },
  {
    "date": "2024-02-14",
    "symbol": "OXY",
    "eps": 0.74,
    "epsEstimated": 0.673,
    "time": "amc",
    "revenue": 7172000000,
    "revenueEstimated": 6928013840,
    "updatedFromDate": "2025-04-24",
    "fiscalDateEnding": "2023-12-31"
  },
  {
    "date": "2023-11-07",
    "symbol": "OXY",
    "eps": 1.18,
    "epsEstimated": 0.84,
    "time": "amc",
    "revenue": 7158000000,
    "revenueEstimated": 7468640000,
    "updatedFromDate": "2025-04-24",
    "fiscalDateEnding": "2023-09-30"
  },
  {
    "date": "2023-08-02",
    "symbol": "OXY",
    "eps": 0.68,
    "epsEstimated": 0.72,
    "time": "amc",
    "revenue": 6702000000,
    "revenueEstimated": 6859380000,
    "updatedFromDate": "2025-04-24",
    "fiscalDateEnding": "2023-06-30"
  },
  {
    "date": "2023-05-09",
    "symbol": "OXY",
    "eps": 1.09,
    "epsEstimated": 1.24,
    "time": "amc",
    "revenue": 7225000000,
    "revenueEstimated": 7372690000,
    "updatedFromDate": "2025-04-24",
    "fiscalDateEnding": "2023-03-31"
  },
  {
    "date": "2023-02-27",
    "symbol": "OXY",
    "eps": 1.61,
    "epsEstimated": 1.8,
    "time": "amc",
    "revenue": 8219000000,
    "revenueEstimated": 8532446416,
    "updatedFromDate": "2025-04-24",
    "fiscalDateEnding": "2022-12-31"
  },
  {
    "date": "2022-11-08",
    "symbol": "OXY",
    "eps": 2.44,
    "epsEstimated": 2.46,
    "time": "amc",
    "revenue": 9390000000,
    "revenueEstimated": 9261365749,
    "updatedFromDate": "2025-04-24",
    "fiscalDateEnding": "2022-09-30"
  },
  {
    "date": "2022-08-02",
    "symbol": "OXY",
    "eps": 3.16,
    "epsEstimated": 3.02,
    "time": "amc",
    "revenue": 10676000000,
    "revenueEstimated": 9767370506,
    "updatedFromDate": "2025-04-24",
    "fiscalDateEnding": "2022-06-30"
  },
  {
    "date": "2022-05-10",
    "symbol": "OXY",
    "eps": 2.12,
    "epsEstimated": 1.97,
    "time": "amc",
    "revenue": 8349000000,
    "revenueEstimated": 7781884278,
    "updatedFromDate": "2025-04-24",
    "fiscalDateEnding": "2022-03-31"
  },
  {
    "date": "2022-02-24",
    "symbol": "OXY",
    "eps": 1.48,
    "epsEstimated": 1.1,
    "time": "amc",
    "revenue": 7913000000,
    "revenueEstimated": 7194322173,
    "updatedFromDate": "2025-04-24",
    "fiscalDateEnding": "2021-12-31"
  },
  {
    "date": "2021-11-04",
    "symbol": "OXY",
    "eps": 0.87,
    "epsEstimated": 0.66,
    "time": "amc",
    "revenue": 6792000000,
    "revenueEstimated": 6462090000,
    "updatedFromDate": "2025-04-24",
    "fiscalDateEnding": "2021-09-30"
  },
  {
    "date": "2021-08-03",
    "symbol": "OXY",
    "eps": 0.32,
    "epsEstimated": 0.03432,
    "time": "amc",
    "revenue": 5958000000,
    "revenueEstimated": 5889430000,
    "updatedFromDate": "2025-04-24",
    "fiscalDateEnding": "2021-06-30"
  },
  {
    "date": "2021-05-10",
    "symbol": "OXY",
    "eps": -0.15,
    "epsEstimated": -0.33,
    "time": "amc",
    "revenue": 5293000000,
    "revenueEstimated": 4662920000,
    "updatedFromDate": "2025-04-24",
    "fiscalDateEnding": "2021-03-31"
  },
  {
    "date": "2021-02-22",
    "symbol": "OXY",
    "eps": -0.78,
    "epsEstimated": -0.53,
    "time": "amc",
    "revenue": 4160000000,
    "revenueEstimated": 2820338983,
    "updatedFromDate": "2025-04-24",
    "fiscalDateEnding": "2020-12-31"
  },
  {
    "date": "2020-11-09",
    "symbol": "OXY",
    "eps": -0.84,
    "epsEstimated": -0.7,
    "time": "amc",
    "revenue": 4108000000,
    "revenueEstimated": 3423333333,
    "updatedFromDate": "2025-04-24",
    "fiscalDateEnding": "2020-09-30"
  },
  {
    "date": "2020-08-10",
    "symbol": "OXY",
    "eps": -1.76,
    "epsEstimated": -1.66,
    "time": "amc",
    "revenue": 2928000000,
    "revenueEstimated": 2826409090,
    "updatedFromDate": "2025-04-24",
    "fiscalDateEnding": "2020-06-30"
  },
  {
    "date": "2020-05-05",
    "symbol": "OXY",
    "eps": -0.52,
    "epsEstimated": -0.5,
    "time": "amc",
    "revenue": 6410000000,
    "revenueEstimated": 7807153846,
    "updatedFromDate": "2025-04-24",
    "fiscalDateEnding": "2020-03-31"
  },
  {
    "date": "2020-02-27",
    "symbol": "OXY",
    "eps": -0.3,
    "epsEstimated": -0.09,
    "time": "amc",
    "revenue": 6282000000,
    "revenueEstimated": 4364336841,
    "updatedFromDate": "2025-04-24",
    "fiscalDateEnding": "2019-12-31"
  },
  {
    "date": "2019-11-04",
    "symbol": "OXY",
    "eps": 0.11,
    "epsEstimated": 0.41,
    "time": "amc",
    "revenue": 5859000000,
    "revenueEstimated": 19317363636,
    "updatedFromDate": "2025-04-24",
    "fiscalDateEnding": "2019-09-30"
  },
  {
    "date": "2019-07-31",
    "symbol": "OXY",
    "eps": 0.97,
    "epsEstimated": 0.93,
    "time": "amc",
    "revenue": 4420000000,
    "revenueEstimated": 4229892473,
    "updatedFromDate": "2025-04-24",
    "fiscalDateEnding": "2019-06-30"
  },
  {
    "date": "2019-05-05",
    "symbol": "OXY",
    "eps": 0.84,
    "epsEstimated": 0.77,
    "time": "amc",
    "revenue": 4004000000,
    "revenueEstimated": 3796833333,
    "updatedFromDate": "2025-04-24",
    "fiscalDateEnding": "2019-03-31"
  },
  {
    "date": "2019-02-12",
    "symbol": "OXY",
    "eps": 1.22,
    "epsEstimated": 1.12,
    "time": "amc",
    "revenue": 4762000000,
    "revenueEstimated": 4427824561,
    "updatedFromDate": "2025-04-24",
    "fiscalDateEnding": "2018-12-31"
  },
  {
    "date": "2018-11-05",
    "symbol": "OXY",
    "eps": 1.77,
    "epsEstimated": 1.54,
    "time": "amc",
    "revenue": 5216000000,
    "revenueEstimated": 4537344632,
    "updatedFromDate": "2025-04-24",
    "fiscalDateEnding": "2018-09-30"
  },
  {
    "date": "2018-08-08",
    "symbol": "OXY",
    "eps": 1.22,
    "epsEstimated": 1.21,
    "time": "amc",
    "revenue": 4083000000,
    "revenueEstimated": 4592499999,
    "updatedFromDate": "2025-04-24",
    "fiscalDateEnding": "2018-06-30"
  },
  {
    "date": "2018-05-08",
    "symbol": "OXY",
    "eps": 0.92,
    "epsEstimated": 0.7,
    "time": "amc",
    "revenue": 3763000000,
    "revenueEstimated": 2941097826,
    "updatedFromDate": "2025-04-24",
    "fiscalDateEnding": "2018-03-31"
  },
  {
    "date": "2018-02-13",
    "symbol": "OXY",
    "eps": 0.41,
    "epsEstimated": 0.4,
    "time": "amc",
    "revenue": 3492000000,
    "revenueEstimated": 3492000000,
    "updatedFromDate": "2025-04-24",
    "fiscalDateEnding": "2017-12-31"
  },
  {
    "date": "2017-11-01",
    "symbol": "OXY",
    "eps": 0.18,
    "epsEstimated": 0.11,
    "time": "amc",
    "revenue": 2999000000,
    "revenueEstimated": 1874277777,
    "updatedFromDate": "2025-04-24",
    "fiscalDateEnding": "2017-09-30"
  },
  {
    "date": "2017-08-02",
    "symbol": "OXY",
    "eps": 0.15,
    "epsEstimated": 0.12,
    "time": "amc",
    "revenue": 3060000000,
    "revenueEstimated": 2056000000,
    "updatedFromDate": "2025-04-24",
    "fiscalDateEnding": "2017-06-30"
  },
  {
    "date": "2017-05-04",
    "symbol": "OXY",
    "eps": 0.16,
    "epsEstimated": 0.07,
    "time": "bmo",
    "revenue": 2957000000,
    "revenueEstimated": 2352399104,
    "updatedFromDate": "2025-04-24",
    "fiscalDateEnding": "2017-03-31"
  },
  {
    "date": "2017-02-09",
    "symbol": "OXY",
    "eps": -0.13,
    "epsEstimated": -0.02391,
    "time": "bmo",
    "revenue": 2788000000,
    "revenueEstimated": 11291400000,
    "updatedFromDate": "2025-04-24",
    "fiscalDateEnding": "2016-12-31"
  },
  {
    "date": "2016-11-01",
    "symbol": "OXY",
    "eps": -0.15,
    "epsEstimated": -0.13,
    "time": "bmo",
    "revenue": 2648000000,
    "revenueEstimated": 1960200000,
    "updatedFromDate": "2025-04-24",
    "fiscalDateEnding": "2016-09-30"
  },
  {
    "date": "2016-08-03",
    "symbol": "OXY",
    "eps": -0.18,
    "epsEstimated": -0.2,
    "time": "bmo",
    "revenue": 2531000000,
    "revenueEstimated": 2531000000,
    "updatedFromDate": "2025-04-24",
    "fiscalDateEnding": "2016-06-30"
  }
]