[
  {
    "date": "2026-05-18",
    "symbol": "PANW",
    "eps": null,
    "epsEstimated": null,
    "time": "amc",
    "revenue": null,
    "revenueEstimated": null,
    "updatedFromDate": "2025-10-02",
    "fiscalDateEnding": "2026-04-30"
  },
  {
    "date": "2026-02-11",
    "symbol": "PANW",
    "eps": null,
    "epsEstimated": null,
    "time": "amc",
    "revenue": null,
    "revenueEstimated": null,
    "updatedFromDate": "2025-10-02",
    "fiscalDateEnding": "2026-01-31"
  },
  {
    "date": "2025-11-19",
    "symbol": "PANW",
    "eps": null,
    "epsEstimated": 0.89,
    "time": "bmo",
    "revenue": null,
    "revenueEstimated": 2461394140,
    "updatedFromDate": "2025-10-02",
    "fiscalDateEnding": "2025-10-31"
  },
  {
    "date": "2025-08-18",
    "symbol": "PANW",
    "eps": 0.95,
    "epsEstimated": 0.885,
    "time": "amc",
    "revenue": 2536300000,
    "revenueEstimated": 2501491265,
    "updatedFromDate": "2025-10-02",
    "fiscalDateEnding": "2025-07-31"
  },
  {
    "date": "2025-05-20",
    "symbol": "PANW",
    "eps": 0.8,
    "epsEstimated": 0.772,
    "time": "amc",
    "revenue": 2289000000,
    "revenueEstimated": 2279142304,
    "updatedFromDate": "2025-08-18",
    "fiscalDateEnding": "2025-04-30"
  },
  {
    "date": "2025-02-13",
    "symbol": "PANW",
    "eps": 0.81,
    "epsEstimated": 0.779,
    "time": "amc",
    "revenue": 2257400000,
    "revenueEstimated": 2241481684,
    "updatedFromDate": "2025-04-30",
    "fiscalDateEnding": "2025-01-31"
  },
  {
    "date": "2024-11-20",
    "symbol": "PANW",
    "eps": 0.78,
    "epsEstimated": 1.48,
    "time": "amc",
    "revenue": 2138800000,
    "revenueEstimated": 2120918152,
    "updatedFromDate": "2025-04-12",
    "fiscalDateEnding": "2024-10-31"
  },
  {
    "date": "2024-08-19",
    "symbol": "PANW",
    "eps": 0.76,
    "epsEstimated": 1.41,
    "time": "amc",
    "revenue": 2189500000,
    "revenueEstimated": 2162383186,
    "updatedFromDate": "2025-04-12",
    "fiscalDateEnding": "2024-07-31"
  },
  {
    "date": "2024-05-20",
    "symbol": "PANW",
    "eps": 0.66,
    "epsEstimated": 1.27,
    "time": "amc",
    "revenue": 1984800000,
    "revenueEstimated": 1973738751,
    "updatedFromDate": "2025-04-12",
    "fiscalDateEnding": "2024-04-30"
  },
  {
    "date": "2024-02-20",
    "symbol": "PANW",
    "eps": 0.73,
    "epsEstimated": 1.3,
    "time": "amc",
    "revenue": 1975100000,
    "revenueEstimated": 1970974896,
    "updatedFromDate": "2025-04-12",
    "fiscalDateEnding": "2024-01-31"
  },
  {
    "date": "2023-11-15",
    "symbol": "PANW",
    "eps": 0.69,
    "epsEstimated": 0.58,
    "time": "amc",
    "revenue": 1878100000,
    "revenueEstimated": 1842470000,
    "updatedFromDate": "2025-04-12",
    "fiscalDateEnding": "2023-10-31"
  },
  {
    "date": "2023-08-18",
    "symbol": "PANW",
    "eps": 0.72,
    "epsEstimated": 0.64,
    "time": "amc",
    "revenue": 1953300000,
    "revenueEstimated": 1956480000,
    "updatedFromDate": "2025-04-12",
    "fiscalDateEnding": "2023-07-31"
  },
  {
    "date": "2023-05-23",
    "symbol": "PANW",
    "eps": 0.55,
    "epsEstimated": 0.46,
    "time": "amc",
    "revenue": 1720900000,
    "revenueEstimated": 1714830000,
    "updatedFromDate": "2025-04-12",
    "fiscalDateEnding": "2023-04-30"
  },
  {
    "date": "2023-02-21",
    "symbol": "PANW",
    "eps": 0.53,
    "epsEstimated": 0.39,
    "time": "amc",
    "revenue": 1655100000,
    "revenueEstimated": 1647686891,
    "updatedFromDate": "2025-04-12",
    "fiscalDateEnding": "2023-01-31"
  },
  {
    "date": "2022-11-17",
    "symbol": "PANW",
    "eps": 0.42,
    "epsEstimated": 0.34,
    "time": "amc",
    "revenue": 1563400000,
    "revenueEstimated": 1550890926,
    "updatedFromDate": "2025-04-12",
    "fiscalDateEnding": "2022-10-31"
  },
  {
    "date": "2022-08-22",
    "symbol": "PANW",
    "eps": 0.4,
    "epsEstimated": 0.38,
    "time": "amc",
    "revenue": 1550500000,
    "revenueEstimated": 1543506344,
    "updatedFromDate": "2025-04-12",
    "fiscalDateEnding": "2022-07-31"
  },
  {
    "date": "2022-05-19",
    "symbol": "PANW",
    "eps": 0.3,
    "epsEstimated": 0.28,
    "time": "amc",
    "revenue": 1386700000,
    "revenueEstimated": 1358657230,
    "updatedFromDate": "2025-04-12",
    "fiscalDateEnding": "2022-04-30"
  },
  {
    "date": "2022-02-22",
    "symbol": "PANW",
    "eps": 0.29,
    "epsEstimated": 0.28,
    "time": "amc",
    "revenue": 1316900000,
    "revenueEstimated": 1280071782,
    "updatedFromDate": "2025-04-12",
    "fiscalDateEnding": "2022-01-31"
  },
  {
    "date": "2021-11-18",
    "symbol": "PANW",
    "eps": 0.27,
    "epsEstimated": 0.26,
    "time": "amc",
    "revenue": 1247400000,
    "revenueEstimated": 1279460000,
    "updatedFromDate": "2025-04-12",
    "fiscalDateEnding": "2021-10-31"
  },
  {
    "date": "2021-08-23",
    "symbol": "PANW",
    "eps": 0.27,
    "epsEstimated": 0.24,
    "time": "amc",
    "revenue": 1219300000,
    "revenueEstimated": 1203100000,
    "updatedFromDate": "2025-04-12",
    "fiscalDateEnding": "2021-07-31"
  },
  {
    "date": "2021-05-20",
    "symbol": "PANW",
    "eps": 0.23,
    "epsEstimated": 0.21,
    "time": "amc",
    "revenue": 1073900000,
    "revenueEstimated": 1056940000,
    "updatedFromDate": "2025-04-12",
    "fiscalDateEnding": "2021-04-30"
  },
  {
    "date": "2021-02-22",
    "symbol": "PANW",
    "eps": 0.26,
    "epsEstimated": 0.24,
    "time": "amc",
    "revenue": 1016900000,
    "revenueEstimated": 931565734,
    "updatedFromDate": "2025-04-12",
    "fiscalDateEnding": "2021-01-31"
  },
  {
    "date": "2020-11-16",
    "symbol": "PANW",
    "eps": 0.27,
    "epsEstimated": 0.22,
    "time": "bmo",
    "revenue": 946000000,
    "revenueEstimated": 739729323,
    "updatedFromDate": "2025-04-12",
    "fiscalDateEnding": "2020-10-31"
  },
  {
    "date": "2020-08-24",
    "symbol": "PANW",
    "eps": 0.25,
    "epsEstimated": 0.23,
    "time": "amc",
    "revenue": 950400000,
    "revenueEstimated": 892605405,
    "updatedFromDate": "2025-04-12",
    "fiscalDateEnding": "2020-07-31"
  },
  {
    "date": "2020-05-21",
    "symbol": "PANW",
    "eps": 0.2,
    "epsEstimated": 0.15,
    "time": "amc",
    "revenue": 869400000,
    "revenueEstimated": 698492307,
    "updatedFromDate": "2025-04-12",
    "fiscalDateEnding": "2020-04-30"
  },
  {
    "date": "2020-02-24",
    "symbol": "PANW",
    "eps": 0.2,
    "epsEstimated": 0.19,
    "time": "amc",
    "revenue": 816700000,
    "revenueEstimated": 768658823,
    "updatedFromDate": "2025-04-12",
    "fiscalDateEnding": "2020-01-31"
  },
  {
    "date": "2019-11-25",
    "symbol": "PANW",
    "eps": 0.18,
    "epsEstimated": 0.17,
    "time": "amc",
    "revenue": 771900000,
    "revenueEstimated": 757197142,
    "updatedFromDate": "2025-04-12",
    "fiscalDateEnding": "2019-10-31"
  },
  {
    "date": "2019-09-04",
    "symbol": "PANW",
    "eps": 0.25,
    "epsEstimated": 0.24,
    "time": "amc",
    "revenue": 805800000,
    "revenueEstimated": 778391836,
    "updatedFromDate": "2025-04-12",
    "fiscalDateEnding": "2019-07-31"
  },
  {
    "date": "2019-05-29",
    "symbol": "PANW",
    "eps": 0.22,
    "epsEstimated": 0.21,
    "time": "amc",
    "revenue": 726600000,
    "revenueEstimated": 693320610,
    "updatedFromDate": "2025-04-12",
    "fiscalDateEnding": "2019-04-30"
  },
  {
    "date": "2019-02-26",
    "symbol": "PANW",
    "eps": 0.25,
    "epsEstimated": 0.2,
    "time": "amc",
    "revenue": 711200000,
    "revenueEstimated": 574611920,
    "updatedFromDate": "2025-04-12",
    "fiscalDateEnding": "2019-01-31"
  },
  {
    "date": "2018-11-29",
    "symbol": "PANW",
    "eps": 0.2,
    "epsEstimated": 0.18,
    "time": "amc",
    "revenue": 656000000,
    "revenueEstimated": 588717948,
    "updatedFromDate": "2025-04-12",
    "fiscalDateEnding": "2018-10-31"
  },
  {
    "date": "2018-09-06",
    "symbol": "PANW",
    "eps": 0.21,
    "epsEstimated": 0.2,
    "time": "amc",
    "revenue": 658100000,
    "revenueEstimated": 601910156,
    "updatedFromDate": "2025-04-12",
    "fiscalDateEnding": "2018-07-31"
  },
  {
    "date": "2018-06-04",
    "symbol": "PANW",
    "eps": 0.17,
    "epsEstimated": 0.16,
    "time": "amc",
    "revenue": 567100000,
    "revenueEstimated": 550496969,
    "updatedFromDate": "2025-04-12",
    "fiscalDateEnding": "2018-04-30"
  },
  {
    "date": "2018-02-26",
    "symbol": "PANW",
    "eps": 0.14,
    "epsEstimated": 0.13,
    "time": "amc",
    "revenue": 542400000,
    "revenueEstimated": 444354639,
    "updatedFromDate": "2025-04-12",
    "fiscalDateEnding": "2018-01-31"
  },
  {
    "date": "2017-11-20",
    "symbol": "PANW",
    "eps": 0.12,
    "epsEstimated": 0.11,
    "time": "amc",
    "revenue": 505500000,
    "revenueEstimated": 467894594,
    "updatedFromDate": "2025-04-12",
    "fiscalDateEnding": "2017-10-31"
  },
  {
    "date": "2017-08-31",
    "symbol": "PANW",
    "eps": 0.15,
    "epsEstimated": 0.13,
    "time": "amc",
    "revenue": 509100000,
    "revenueEstimated": 431580434,
    "updatedFromDate": "2025-04-12",
    "fiscalDateEnding": "2017-07-31"
  },
  {
    "date": "2017-05-31",
    "symbol": "PANW",
    "eps": 0.1,
    "epsEstimated": 0.09,
    "time": "amc",
    "revenue": 431800000,
    "revenueEstimated": 389327868,
    "updatedFromDate": "2025-04-12",
    "fiscalDateEnding": "2017-04-30"
  },
  {
    "date": "2017-02-28",
    "symbol": "PANW",
    "eps": 0.11,
    "epsEstimated": 0.1,
    "time": "amc",
    "revenue": 422600000,
    "revenueEstimated": 415892063,
    "updatedFromDate": "2025-04-12",
    "fiscalDateEnding": "2017-01-31"
  },
  {
    "date": "2016-11-21",
    "symbol": "PANW",
    "eps": 0.09,
    "epsEstimated": 0.09,
    "time": "amc",
    "revenue": 398100000,
    "revenueEstimated": 383623636,
    "updatedFromDate": "2025-04-12",
    "fiscalDateEnding": "2016-10-31"
  },
  {
    "date": "2016-08-30",
    "symbol": "PANW",
    "eps": 0.08,
    "epsEstimated": 0.08,
    "time": "amc",
    "revenue": 400800000,
    "revenueEstimated": 400800000,
    "updatedFromDate": "2025-04-12",
    "fiscalDateEnding": "2016-07-31"
  }
]