[
  {
    "date": "2026-05-05",
    "symbol": "PAYC",
    "eps": null,
    "epsEstimated": null,
    "time": "amc",
    "revenue": null,
    "revenueEstimated": null,
    "updatedFromDate": "2025-10-02",
    "fiscalDateEnding": "2026-03-30"
  },
  {
    "date": "2026-02-10",
    "symbol": "PAYC",
    "eps": null,
    "epsEstimated": null,
    "time": "amc",
    "revenue": null,
    "revenueEstimated": null,
    "updatedFromDate": "2025-10-02",
    "fiscalDateEnding": "2025-12-30"
  },
  {
    "date": "2025-10-29",
    "symbol": "PAYC",
    "eps": null,
    "epsEstimated": 1.95,
    "time": "bmo",
    "revenue": null,
    "revenueEstimated": null,
    "updatedFromDate": "2025-10-02",
    "fiscalDateEnding": "2025-09-30"
  },
  {
    "date": "2025-08-06",
    "symbol": "PAYC",
    "eps": 2.06,
    "epsEstimated": 1.78,
    "time": "amc",
    "revenue": 483600000,
    "revenueEstimated": 472021640,
    "updatedFromDate": "2025-10-02",
    "fiscalDateEnding": "2025-06-30"
  },
  {
    "date": "2025-05-07",
    "symbol": "PAYC",
    "eps": 2.8,
    "epsEstimated": 2.57,
    "time": "amc",
    "revenue": 530500000,
    "revenueEstimated": 525031503,
    "updatedFromDate": "2025-08-07",
    "fiscalDateEnding": "2025-03-31"
  },
  {
    "date": "2025-02-12",
    "symbol": "PAYC",
    "eps": 2.32,
    "epsEstimated": 1.99,
    "time": "amc",
    "revenue": 493800000,
    "revenueEstimated": 481134060,
    "updatedFromDate": "2025-05-12",
    "fiscalDateEnding": "2024-12-31"
  },
  {
    "date": "2024-10-30",
    "symbol": "PAYC",
    "eps": 1.67,
    "epsEstimated": 1.61,
    "time": "amc",
    "revenue": 451934000,
    "revenueEstimated": 481590000,
    "updatedFromDate": "2025-04-25",
    "fiscalDateEnding": "2024-09-30"
  },
  {
    "date": "2024-07-31",
    "symbol": "PAYC",
    "eps": 1.62,
    "epsEstimated": 1.58,
    "time": "amc",
    "revenue": 437512000,
    "revenueEstimated": 436430000,
    "updatedFromDate": "2025-04-25",
    "fiscalDateEnding": "2024-06-30"
  },
  {
    "date": "2024-05-01",
    "symbol": "PAYC",
    "eps": 2.59,
    "epsEstimated": 2.43,
    "time": "amc",
    "revenue": 499881000,
    "revenueEstimated": 495840000,
    "updatedFromDate": "2025-04-25",
    "fiscalDateEnding": "2024-03-31"
  },
  {
    "date": "2024-02-07",
    "symbol": "PAYC",
    "eps": 1.93,
    "epsEstimated": 1.78,
    "time": "amc",
    "revenue": 434595000,
    "revenueEstimated": 422560000,
    "updatedFromDate": "2025-04-25",
    "fiscalDateEnding": "2023-12-31"
  },
  {
    "date": "2023-10-31",
    "symbol": "PAYC",
    "eps": 1.77,
    "epsEstimated": 1.62,
    "time": "amc",
    "revenue": 406303000,
    "revenueEstimated": 411180000,
    "updatedFromDate": "2025-04-25",
    "fiscalDateEnding": "2023-09-30"
  },
  {
    "date": "2023-08-01",
    "symbol": "PAYC",
    "eps": 1.62,
    "epsEstimated": 1.6,
    "time": "amc",
    "revenue": 401139000,
    "revenueEstimated": 398080000,
    "updatedFromDate": "2025-04-25",
    "fiscalDateEnding": "2023-06-30"
  },
  {
    "date": "2023-05-02",
    "symbol": "PAYC",
    "eps": 2.46,
    "epsEstimated": 2.35,
    "time": "amc",
    "revenue": 451637000,
    "revenueEstimated": 444190000,
    "updatedFromDate": "2025-04-25",
    "fiscalDateEnding": "2023-03-31"
  },
  {
    "date": "2023-02-07",
    "symbol": "PAYC",
    "eps": 1.73,
    "epsEstimated": 1.49,
    "time": "amc",
    "revenue": 370608000,
    "revenueEstimated": 367075476,
    "updatedFromDate": "2025-04-25",
    "fiscalDateEnding": "2022-12-31"
  },
  {
    "date": "2022-11-01",
    "symbol": "PAYC",
    "eps": 1.27,
    "epsEstimated": 1.18,
    "time": "amc",
    "revenue": 334167000,
    "revenueEstimated": 328094719,
    "updatedFromDate": "2025-04-25",
    "fiscalDateEnding": "2022-09-30"
  },
  {
    "date": "2022-08-02",
    "symbol": "PAYC",
    "eps": 1.26,
    "epsEstimated": 1.12,
    "time": "amc",
    "revenue": 316924000,
    "revenueEstimated": 309091795,
    "updatedFromDate": "2025-04-25",
    "fiscalDateEnding": "2022-06-30"
  },
  {
    "date": "2022-05-03",
    "symbol": "PAYC",
    "eps": 1.9,
    "epsEstimated": 1.75,
    "time": "amc",
    "revenue": 353519000,
    "revenueEstimated": 343073763,
    "updatedFromDate": "2025-04-25",
    "fiscalDateEnding": "2022-03-31"
  },
  {
    "date": "2022-02-08",
    "symbol": "PAYC",
    "eps": 1.11,
    "epsEstimated": 1.08,
    "time": "amc",
    "revenue": 284986000,
    "revenueEstimated": 276577899,
    "updatedFromDate": "2025-04-25",
    "fiscalDateEnding": "2021-12-31"
  },
  {
    "date": "2021-11-02",
    "symbol": "PAYC",
    "eps": 0.92,
    "epsEstimated": 0.91,
    "time": "amc",
    "revenue": 256194000,
    "revenueEstimated": 250070000,
    "updatedFromDate": "2025-04-25",
    "fiscalDateEnding": "2021-09-30"
  },
  {
    "date": "2021-08-03",
    "symbol": "PAYC",
    "eps": 0.97,
    "epsEstimated": 0.84,
    "time": "amc",
    "revenue": 242146000,
    "revenueEstimated": 179793401,
    "updatedFromDate": "2025-04-25",
    "fiscalDateEnding": "2021-06-30"
  },
  {
    "date": "2021-05-04",
    "symbol": "PAYC",
    "eps": 1.47,
    "epsEstimated": 1.42,
    "time": "amc",
    "revenue": 272198000,
    "revenueEstimated": 271410000,
    "updatedFromDate": "2025-04-25",
    "fiscalDateEnding": "2021-03-31"
  },
  {
    "date": "2021-02-10",
    "symbol": "PAYC",
    "eps": 0.84,
    "epsEstimated": 0.81,
    "time": "amc",
    "revenue": 220947000,
    "revenueEstimated": 213560000,
    "updatedFromDate": "2025-04-25",
    "fiscalDateEnding": "2020-12-31"
  },
  {
    "date": "2020-11-04",
    "symbol": "PAYC",
    "eps": 0.7,
    "epsEstimated": 0.56,
    "time": "amc",
    "revenue": 196532000,
    "revenueEstimated": 154418000,
    "updatedFromDate": "2025-04-25",
    "fiscalDateEnding": "2020-09-30"
  },
  {
    "date": "2020-08-04",
    "symbol": "PAYC",
    "eps": 0.62,
    "epsEstimated": 0.62,
    "time": "amc",
    "revenue": 181587000,
    "revenueEstimated": 181587000,
    "updatedFromDate": "2025-04-25",
    "fiscalDateEnding": "2020-06-30"
  },
  {
    "date": "2020-04-28",
    "symbol": "PAYC",
    "eps": 1.33,
    "epsEstimated": 1.26,
    "time": "amc",
    "revenue": 242368000,
    "revenueEstimated": 229611789,
    "updatedFromDate": "2025-04-25",
    "fiscalDateEnding": "2020-03-31"
  },
  {
    "date": "2020-02-05",
    "symbol": "PAYC",
    "eps": 0.86,
    "epsEstimated": 0.77,
    "time": "amc",
    "revenue": 193409000,
    "revenueEstimated": 175417465,
    "updatedFromDate": "2025-04-25",
    "fiscalDateEnding": "2019-12-31"
  },
  {
    "date": "2019-10-29",
    "symbol": "PAYC",
    "eps": 0.7,
    "epsEstimated": 0.67,
    "time": "amc",
    "revenue": 175006000,
    "revenueEstimated": 167505742,
    "updatedFromDate": "2025-04-25",
    "fiscalDateEnding": "2019-09-30"
  },
  {
    "date": "2019-07-30",
    "symbol": "PAYC",
    "eps": 0.75,
    "epsEstimated": 0.7,
    "time": "amc",
    "revenue": 169313000,
    "revenueEstimated": 158025466,
    "updatedFromDate": "2025-04-25",
    "fiscalDateEnding": "2019-06-30"
  },
  {
    "date": "2019-04-30",
    "symbol": "PAYC",
    "eps": 1.19,
    "epsEstimated": 1.12,
    "time": "amc",
    "revenue": 199943000,
    "revenueEstimated": 186501453,
    "updatedFromDate": "2025-04-25",
    "fiscalDateEnding": "2019-03-31"
  },
  {
    "date": "2019-02-05",
    "symbol": "PAYC",
    "eps": 0.61,
    "epsEstimated": 0.56,
    "time": "amc",
    "revenue": 150332000,
    "revenueEstimated": 138009704,
    "updatedFromDate": "2025-04-25",
    "fiscalDateEnding": "2018-12-31"
  },
  {
    "date": "2018-10-30",
    "symbol": "PAYC",
    "eps": 0.52,
    "epsEstimated": 0.51,
    "time": "amc",
    "revenue": 133288000,
    "revenueEstimated": 130736538,
    "updatedFromDate": "2025-04-25",
    "fiscalDateEnding": "2018-09-30"
  },
  {
    "date": "2018-07-31",
    "symbol": "PAYC",
    "eps": 0.59,
    "epsEstimated": 0.48,
    "time": "amc",
    "revenue": 128800000,
    "revenueEstimated": 104786440,
    "updatedFromDate": "2025-04-25",
    "fiscalDateEnding": "2018-06-30"
  },
  {
    "date": "2018-05-01",
    "symbol": "PAYC",
    "eps": 0.95,
    "epsEstimated": 0.9,
    "time": "amc",
    "revenue": 153916000,
    "revenueEstimated": 145800000,
    "updatedFromDate": "2025-04-25",
    "fiscalDateEnding": "2018-03-31"
  },
  {
    "date": "2018-02-06",
    "symbol": "PAYC",
    "eps": 0.29,
    "epsEstimated": 0.23,
    "time": "amc",
    "revenue": 114025000,
    "revenueEstimated": 94344827,
    "updatedFromDate": "2025-04-25",
    "fiscalDateEnding": "2017-12-31"
  },
  {
    "date": "2017-10-31",
    "symbol": "PAYC",
    "eps": 0.29,
    "epsEstimated": 0.19,
    "time": "amc",
    "revenue": 101287000,
    "revenueEstimated": 66368965,
    "updatedFromDate": "2025-04-25",
    "fiscalDateEnding": "2017-09-30"
  },
  {
    "date": "2017-08-01",
    "symbol": "PAYC",
    "eps": 0.26,
    "epsEstimated": 0.2,
    "time": "amc",
    "revenue": 98227000,
    "revenueEstimated": 75538461,
    "updatedFromDate": "2025-04-25",
    "fiscalDateEnding": "2017-06-30"
  },
  {
    "date": "2017-05-02",
    "symbol": "PAYC",
    "eps": 0.47,
    "epsEstimated": 0.41,
    "time": "amc",
    "revenue": 119508000,
    "revenueEstimated": 104244680,
    "updatedFromDate": "2025-04-25",
    "fiscalDateEnding": "2017-03-31"
  },
  {
    "date": "2017-02-08",
    "symbol": "PAYC",
    "eps": 0.18,
    "epsEstimated": 0.13,
    "time": "amc",
    "revenue": 87810000,
    "revenueEstimated": 63411111,
    "updatedFromDate": "2025-04-25",
    "fiscalDateEnding": "2016-12-31"
  },
  {
    "date": "2016-11-01",
    "symbol": "PAYC",
    "eps": 0.15,
    "epsEstimated": 0.11,
    "time": "amc",
    "revenue": 77325000,
    "revenueEstimated": 61840000,
    "updatedFromDate": "2025-04-25",
    "fiscalDateEnding": "2016-09-30"
  },
  {
    "date": "2016-08-02",
    "symbol": "PAYC",
    "eps": 0.21,
    "epsEstimated": 0.13,
    "time": "amc",
    "revenue": 73880000,
    "revenueEstimated": 45747619,
    "updatedFromDate": "2025-04-25",
    "fiscalDateEnding": "2016-06-30"
  }
]