[
  {
    "date": "2026-03-24",
    "symbol": "PAYX",
    "eps": null,
    "epsEstimated": null,
    "time": "bmo",
    "revenue": null,
    "revenueEstimated": null,
    "updatedFromDate": "2025-10-02",
    "fiscalDateEnding": "2026-02-28"
  },
  {
    "date": "2025-12-18",
    "symbol": "PAYX",
    "eps": null,
    "epsEstimated": 1.29,
    "time": "bmo",
    "revenue": null,
    "revenueEstimated": 1552433420,
    "updatedFromDate": "2025-10-02",
    "fiscalDateEnding": "2025-11-30"
  },
  {
    "date": "2025-09-30",
    "symbol": "PAYX",
    "eps": 1.22,
    "epsEstimated": 1.2,
    "time": "bmo",
    "revenue": 1540000000,
    "revenueEstimated": 1538414032,
    "updatedFromDate": "2025-10-02",
    "fiscalDateEnding": "2025-08-31"
  },
  {
    "date": "2025-06-25",
    "symbol": "PAYX",
    "eps": 1.19,
    "epsEstimated": 1.19,
    "time": "bmo",
    "revenue": 1427300000,
    "revenueEstimated": 1442846788,
    "updatedFromDate": "2025-09-25",
    "fiscalDateEnding": "2025-05-31"
  },
  {
    "date": "2025-03-26",
    "symbol": "PAYX",
    "eps": 1.49,
    "epsEstimated": 1.48,
    "time": "bmo",
    "revenue": 1509000000,
    "revenueEstimated": 1508816157,
    "updatedFromDate": "2025-06-26",
    "fiscalDateEnding": "2025-02-28"
  },
  {
    "date": "2024-12-19",
    "symbol": "PAYX",
    "eps": 1.14,
    "epsEstimated": 1.13,
    "time": "bmo",
    "revenue": 1316900000,
    "revenueEstimated": 1313091485,
    "updatedFromDate": "2025-04-19",
    "fiscalDateEnding": "2024-11-30"
  },
  {
    "date": "2024-10-01",
    "symbol": "PAYX",
    "eps": 1.16,
    "epsEstimated": 1.14,
    "time": "bmo",
    "revenue": 1318500000,
    "revenueEstimated": 1314060538,
    "updatedFromDate": "2025-04-19",
    "fiscalDateEnding": "2024-08-31"
  },
  {
    "date": "2024-06-26",
    "symbol": "PAYX",
    "eps": 1.12,
    "epsEstimated": 1.1,
    "time": "bmo",
    "revenue": 1295100000,
    "revenueEstimated": 1293479677,
    "updatedFromDate": "2025-04-19",
    "fiscalDateEnding": "2024-05-31"
  },
  {
    "date": "2024-04-02",
    "symbol": "PAYX",
    "eps": 1.38,
    "epsEstimated": 1.37,
    "time": "bmo",
    "revenue": 1439300000,
    "revenueEstimated": 1458495144,
    "updatedFromDate": "2025-04-19",
    "fiscalDateEnding": "2024-02-29"
  },
  {
    "date": "2023-12-21",
    "symbol": "PAYX",
    "eps": 1.08,
    "epsEstimated": 1.07,
    "time": "bmo",
    "revenue": 1257900000,
    "revenueEstimated": 1460650000,
    "updatedFromDate": "2025-04-19",
    "fiscalDateEnding": "2023-11-30"
  },
  {
    "date": "2023-09-27",
    "symbol": "PAYX",
    "eps": 1.14,
    "epsEstimated": 1.12,
    "time": "bmo",
    "revenue": 1286000000,
    "revenueEstimated": 1289230000,
    "updatedFromDate": "2025-04-19",
    "fiscalDateEnding": "2023-08-31"
  },
  {
    "date": "2023-06-29",
    "symbol": "PAYX",
    "eps": 0.97,
    "epsEstimated": 0.97,
    "time": "bmo",
    "revenue": 1229600000,
    "revenueEstimated": 1221550000,
    "updatedFromDate": "2025-04-19",
    "fiscalDateEnding": "2023-05-31"
  },
  {
    "date": "2023-03-29",
    "symbol": "PAYX",
    "eps": 1.29,
    "epsEstimated": 1.24,
    "time": "bmo",
    "revenue": 1381000000,
    "revenueEstimated": 1361500000,
    "updatedFromDate": "2025-04-19",
    "fiscalDateEnding": "2023-02-28"
  },
  {
    "date": "2022-12-22",
    "symbol": "PAYX",
    "eps": 0.99,
    "epsEstimated": 0.95,
    "time": "bmo",
    "revenue": 1190300000,
    "revenueEstimated": 1189766309,
    "updatedFromDate": "2025-04-19",
    "fiscalDateEnding": "2022-11-30"
  },
  {
    "date": "2022-09-28",
    "symbol": "PAYX",
    "eps": 1.03,
    "epsEstimated": 0.97,
    "time": "bmo",
    "revenue": 1206200000,
    "revenueEstimated": 1181827789,
    "updatedFromDate": "2025-04-19",
    "fiscalDateEnding": "2022-08-31"
  },
  {
    "date": "2022-06-29",
    "symbol": "PAYX",
    "eps": 0.81,
    "epsEstimated": 0.79,
    "time": "bmo",
    "revenue": 1144300000,
    "revenueEstimated": 1108218435,
    "updatedFromDate": "2025-04-19",
    "fiscalDateEnding": "2022-05-31"
  },
  {
    "date": "2022-03-30",
    "symbol": "PAYX",
    "eps": 1.15,
    "epsEstimated": 1.05,
    "time": "bmo",
    "revenue": 1276000000,
    "revenueEstimated": 1219706447,
    "updatedFromDate": "2025-04-19",
    "fiscalDateEnding": "2022-02-28"
  },
  {
    "date": "2021-12-22",
    "symbol": "PAYX",
    "eps": 0.91,
    "epsEstimated": 0.8,
    "time": "bmo",
    "revenue": 1108500000,
    "revenueEstimated": 1219710000,
    "updatedFromDate": "2025-04-19",
    "fiscalDateEnding": "2021-11-30"
  },
  {
    "date": "2021-09-30",
    "symbol": "PAYX",
    "eps": 0.89,
    "epsEstimated": 0.8,
    "time": "bmo",
    "revenue": 1082900000,
    "revenueEstimated": 1042500000,
    "updatedFromDate": "2025-04-19",
    "fiscalDateEnding": "2021-08-31"
  },
  {
    "date": "2021-06-25",
    "symbol": "PAYX",
    "eps": 0.72,
    "epsEstimated": 0.67,
    "time": "bmo",
    "revenue": 1029200000,
    "revenueEstimated": 952394029,
    "updatedFromDate": "2025-04-19",
    "fiscalDateEnding": "2021-05-31"
  },
  {
    "date": "2021-04-06",
    "symbol": "PAYX",
    "eps": 0.96,
    "epsEstimated": 0.92,
    "time": "bmo",
    "revenue": 1111700000,
    "revenueEstimated": 1109270000,
    "updatedFromDate": "2025-04-19",
    "fiscalDateEnding": "2021-02-28"
  },
  {
    "date": "2020-12-23",
    "symbol": "PAYX",
    "eps": 0.73,
    "epsEstimated": 0.66,
    "time": "bmo",
    "revenue": 983700000,
    "revenueEstimated": 878742424,
    "updatedFromDate": "2025-04-19",
    "fiscalDateEnding": "2020-11-30"
  },
  {
    "date": "2020-10-06",
    "symbol": "PAYX",
    "eps": 0.63,
    "epsEstimated": 0.55,
    "time": "bmo",
    "revenue": 932200000,
    "revenueEstimated": 813825396,
    "updatedFromDate": "2025-04-19",
    "fiscalDateEnding": "2020-08-31"
  },
  {
    "date": "2020-07-07",
    "symbol": "PAYX",
    "eps": 0.61,
    "epsEstimated": 0.6,
    "time": "bmo",
    "revenue": 915100000,
    "revenueEstimated": 900098360,
    "updatedFromDate": "2025-04-19",
    "fiscalDateEnding": "2020-05-31"
  },
  {
    "date": "2020-03-25",
    "symbol": "PAYX",
    "eps": 0.97,
    "epsEstimated": 0.96,
    "time": "bmo",
    "revenue": 1142700000,
    "revenueEstimated": 1130919587,
    "updatedFromDate": "2025-04-19",
    "fiscalDateEnding": "2020-02-29"
  },
  {
    "date": "2019-12-18",
    "symbol": "PAYX",
    "eps": 0.7,
    "epsEstimated": 0.68,
    "time": "bmo",
    "revenue": 990700000,
    "revenueEstimated": 962394285,
    "updatedFromDate": "2025-04-19",
    "fiscalDateEnding": "2019-11-30"
  },
  {
    "date": "2019-10-02",
    "symbol": "PAYX",
    "eps": 0.71,
    "epsEstimated": 0.68,
    "time": "bmo",
    "revenue": 992000000,
    "revenueEstimated": 964056338,
    "updatedFromDate": "2025-04-19",
    "fiscalDateEnding": "2019-08-31"
  },
  {
    "date": "2019-06-26",
    "symbol": "PAYX",
    "eps": 0.63,
    "epsEstimated": 0.64,
    "time": "bmo",
    "revenue": 980400000,
    "revenueEstimated": 1011523809,
    "updatedFromDate": "2025-04-19",
    "fiscalDateEnding": "2019-05-31"
  },
  {
    "date": "2019-03-27",
    "symbol": "PAYX",
    "eps": 0.89,
    "epsEstimated": 0.88,
    "time": "bmo",
    "revenue": 1070400000,
    "revenueEstimated": 1058373033,
    "updatedFromDate": "2025-04-19",
    "fiscalDateEnding": "2019-02-28"
  },
  {
    "date": "2018-12-19",
    "symbol": "PAYX",
    "eps": 0.65,
    "epsEstimated": 0.63,
    "time": "bmo",
    "revenue": 858900000,
    "revenueEstimated": 832472307,
    "updatedFromDate": "2025-04-19",
    "fiscalDateEnding": "2018-11-30"
  },
  {
    "date": "2018-10-02",
    "symbol": "PAYX",
    "eps": 0.67,
    "epsEstimated": 0.65,
    "time": "bmo",
    "revenue": 862800000,
    "revenueEstimated": 837044776,
    "updatedFromDate": "2025-04-19",
    "fiscalDateEnding": "2018-08-31"
  },
  {
    "date": "2018-06-27",
    "symbol": "PAYX",
    "eps": 0.61,
    "epsEstimated": 0.61,
    "time": "bmo",
    "revenue": 871100000,
    "revenueEstimated": 859563934,
    "updatedFromDate": "2025-04-19",
    "fiscalDateEnding": "2018-05-31"
  },
  {
    "date": "2018-03-26",
    "symbol": "PAYX",
    "eps": 0.63,
    "epsEstimated": 0.63,
    "time": "bmo",
    "revenue": 866500000,
    "revenueEstimated": 936100000,
    "updatedFromDate": "2025-04-19",
    "fiscalDateEnding": "2018-02-28"
  },
  {
    "date": "2017-12-21",
    "symbol": "PAYX",
    "eps": 0.59,
    "epsEstimated": 0.59,
    "time": "bmo",
    "revenue": 826500000,
    "revenueEstimated": 803000000,
    "updatedFromDate": "2025-04-19",
    "fiscalDateEnding": "2017-11-30"
  },
  {
    "date": "2017-10-03",
    "symbol": "PAYX",
    "eps": 0.62,
    "epsEstimated": 0.6,
    "time": "bmo",
    "revenue": 816800000,
    "revenueEstimated": 767322580,
    "updatedFromDate": "2025-04-19",
    "fiscalDateEnding": "2017-08-31"
  },
  {
    "date": "2017-06-28",
    "symbol": "PAYX",
    "eps": 0.54,
    "epsEstimated": 0.53,
    "time": "bmo",
    "revenue": 798600000,
    "revenueEstimated": 783811111,
    "updatedFromDate": "2025-04-19",
    "fiscalDateEnding": "2017-05-31"
  },
  {
    "date": "2017-03-29",
    "symbol": "PAYX",
    "eps": 0.55,
    "epsEstimated": 0.54,
    "time": "bmo",
    "revenue": 795800000,
    "revenueEstimated": 781330909,
    "updatedFromDate": "2025-04-19",
    "fiscalDateEnding": "2017-02-28"
  },
  {
    "date": "2016-12-21",
    "symbol": "PAYX",
    "eps": 0.56,
    "epsEstimated": 0.55,
    "time": "bmo",
    "revenue": 771400000,
    "revenueEstimated": 771400000,
    "updatedFromDate": "2025-04-19",
    "fiscalDateEnding": "2016-11-30"
  },
  {
    "date": "2016-09-28",
    "symbol": "PAYX",
    "eps": 0.6,
    "epsEstimated": 0.57,
    "time": "bmo",
    "revenue": 785500000,
    "revenueEstimated": 746225000,
    "updatedFromDate": "2025-04-19",
    "fiscalDateEnding": "2016-08-31"
  },
  {
    "date": "2016-06-30",
    "symbol": "PAYX",
    "eps": 0.49,
    "epsEstimated": 0.49,
    "time": "bmo",
    "revenue": 753900000,
    "revenueEstimated": 753900000,
    "updatedFromDate": "2025-04-19",
    "fiscalDateEnding": "2016-05-31"
  }
]