[
  {
    "date": "2026-04-27",
    "symbol": "PCAR",
    "eps": null,
    "epsEstimated": null,
    "time": "bmo",
    "revenue": null,
    "revenueEstimated": null,
    "updatedFromDate": "2025-10-02",
    "fiscalDateEnding": "2026-03-30"
  },
  {
    "date": "2026-01-26",
    "symbol": "PCAR",
    "eps": null,
    "epsEstimated": null,
    "time": "bmo",
    "revenue": null,
    "revenueEstimated": null,
    "updatedFromDate": "2025-10-02",
    "fiscalDateEnding": "2025-12-30"
  },
  {
    "date": "2025-10-28",
    "symbol": "PCAR",
    "eps": null,
    "epsEstimated": 1.14,
    "time": "bmo",
    "revenue": null,
    "revenueEstimated": null,
    "updatedFromDate": "2025-10-02",
    "fiscalDateEnding": "2025-09-30"
  },
  {
    "date": "2025-07-22",
    "symbol": "PCAR",
    "eps": 1.37,
    "epsEstimated": 1.29,
    "time": "bmo",
    "revenue": 7510500000,
    "revenueEstimated": 6990845199,
    "updatedFromDate": "2025-10-02",
    "fiscalDateEnding": "2025-06-30"
  },
  {
    "date": "2025-04-29",
    "symbol": "PCAR",
    "eps": 1.46,
    "epsEstimated": 1.58,
    "time": "bmo",
    "revenue": 7441700000,
    "revenueEstimated": 7195913074,
    "updatedFromDate": "2025-07-29",
    "fiscalDateEnding": "2025-03-31"
  },
  {
    "date": "2025-01-28",
    "symbol": "PCAR",
    "eps": 1.66,
    "epsEstimated": 1.7,
    "time": "bmo",
    "revenue": 7907500000,
    "revenueEstimated": 7589953899,
    "updatedFromDate": "2025-04-28",
    "fiscalDateEnding": "2024-12-31"
  },
  {
    "date": "2024-10-22",
    "symbol": "PCAR",
    "eps": 1.85,
    "epsEstimated": 1.82,
    "time": "bmo",
    "revenue": 8239900000,
    "revenueEstimated": 7659406533,
    "updatedFromDate": "2025-04-25",
    "fiscalDateEnding": "2024-09-30"
  },
  {
    "date": "2024-07-23",
    "symbol": "PCAR",
    "eps": 2.13,
    "epsEstimated": 2.14,
    "time": "bmo",
    "revenue": 8772500000,
    "revenueEstimated": 8269999250,
    "updatedFromDate": "2025-04-25",
    "fiscalDateEnding": "2024-06-30"
  },
  {
    "date": "2024-04-30",
    "symbol": "PCAR",
    "eps": 2.27,
    "epsEstimated": 2.2,
    "time": "bmo",
    "revenue": 8744300000,
    "revenueEstimated": 8252759803,
    "updatedFromDate": "2025-04-25",
    "fiscalDateEnding": "2024-03-31"
  },
  {
    "date": "2024-01-23",
    "symbol": "PCAR",
    "eps": 2.7,
    "epsEstimated": 2.22,
    "time": "bmo",
    "revenue": 9076600000,
    "revenueEstimated": 8345790000,
    "updatedFromDate": "2025-04-25",
    "fiscalDateEnding": "2023-12-31"
  },
  {
    "date": "2023-10-24",
    "symbol": "PCAR",
    "eps": 2.34,
    "epsEstimated": 2.12,
    "time": "bmo",
    "revenue": 8696400000,
    "revenueEstimated": 7986910000,
    "updatedFromDate": "2025-04-25",
    "fiscalDateEnding": "2023-09-30"
  },
  {
    "date": "2023-07-25",
    "symbol": "PCAR",
    "eps": 2.33,
    "epsEstimated": 2.18,
    "time": "bmo",
    "revenue": 8881100000,
    "revenueEstimated": 8232010000,
    "updatedFromDate": "2025-04-25",
    "fiscalDateEnding": "2023-06-30"
  },
  {
    "date": "2023-04-25",
    "symbol": "PCAR",
    "eps": 2.25,
    "epsEstimated": 1.82,
    "time": "bmo",
    "revenue": 8473300000,
    "revenueEstimated": 7709340000,
    "updatedFromDate": "2025-04-25",
    "fiscalDateEnding": "2023-03-31"
  },
  {
    "date": "2023-01-24",
    "symbol": "PCAR",
    "eps": 1.76,
    "epsEstimated": 1.47,
    "time": "bmo",
    "revenue": 8129500000,
    "revenueEstimated": 7141242662,
    "updatedFromDate": "2025-04-25",
    "fiscalDateEnding": "2022-12-31"
  },
  {
    "date": "2022-10-25",
    "symbol": "PCAR",
    "eps": 1.47,
    "epsEstimated": 1.32,
    "time": "bmo",
    "revenue": 7058900000,
    "revenueEstimated": 6705945550,
    "updatedFromDate": "2025-04-25",
    "fiscalDateEnding": "2022-09-30"
  },
  {
    "date": "2022-07-26",
    "symbol": "PCAR",
    "eps": 1.38,
    "epsEstimated": 1.21,
    "time": "bmo",
    "revenue": 7158700000,
    "revenueEstimated": 6559347076,
    "updatedFromDate": "2025-04-25",
    "fiscalDateEnding": "2022-06-30"
  },
  {
    "date": "2022-04-26",
    "symbol": "PCAR",
    "eps": 1.15,
    "epsEstimated": 1.03,
    "time": "bmo",
    "revenue": 6472600000,
    "revenueEstimated": 5950935121,
    "updatedFromDate": "2025-04-25",
    "fiscalDateEnding": "2022-03-31"
  },
  {
    "date": "2022-01-25",
    "symbol": "PCAR",
    "eps": 0.98,
    "epsEstimated": 0.88,
    "time": "bmo",
    "revenue": 6686100000,
    "revenueEstimated": 5832430000,
    "updatedFromDate": "2025-04-25",
    "fiscalDateEnding": "2021-12-31"
  },
  {
    "date": "2021-10-26",
    "symbol": "PCAR",
    "eps": 0.72,
    "epsEstimated": 0.8,
    "time": "bmo",
    "revenue": 5146800000,
    "revenueEstimated": 5562060000,
    "updatedFromDate": "2025-04-25",
    "fiscalDateEnding": "2021-09-30"
  },
  {
    "date": "2021-07-27",
    "symbol": "PCAR",
    "eps": 0.94,
    "epsEstimated": 0.93,
    "time": "bmo",
    "revenue": 5843900000,
    "revenueEstimated": 5597790000,
    "updatedFromDate": "2025-04-25",
    "fiscalDateEnding": "2021-06-30"
  },
  {
    "date": "2021-04-27",
    "symbol": "PCAR",
    "eps": 0.9,
    "epsEstimated": 0.85,
    "time": "bmo",
    "revenue": 5845500000,
    "revenueEstimated": 5581330000,
    "updatedFromDate": "2025-04-25",
    "fiscalDateEnding": "2021-03-31"
  },
  {
    "date": "2021-01-26",
    "symbol": "PCAR",
    "eps": 0.78,
    "epsEstimated": 0.81,
    "time": "bmo",
    "revenue": 5568600000,
    "revenueEstimated": 5796821311,
    "updatedFromDate": "2025-04-25",
    "fiscalDateEnding": "2020-12-31"
  },
  {
    "date": "2020-10-20",
    "symbol": "PCAR",
    "eps": 0.74,
    "epsEstimated": 0.65,
    "time": "bmo",
    "revenue": 4936000000,
    "revenueEstimated": 2745765765,
    "updatedFromDate": "2025-04-25",
    "fiscalDateEnding": "2020-09-30"
  },
  {
    "date": "2020-07-21",
    "symbol": "PCAR",
    "eps": 0.29,
    "epsEstimated": 0.21,
    "time": "bmo",
    "revenue": 3062200000,
    "revenueEstimated": 2207632558,
    "updatedFromDate": "2025-04-25",
    "fiscalDateEnding": "2020-06-30"
  },
  {
    "date": "2020-04-21",
    "symbol": "PCAR",
    "eps": 0.69,
    "epsEstimated": 0.8,
    "time": "bmo",
    "revenue": 5161700000,
    "revenueEstimated": 6013631067,
    "updatedFromDate": "2025-04-25",
    "fiscalDateEnding": "2020-03-31"
  },
  {
    "date": "2020-01-28",
    "symbol": "PCAR",
    "eps": 1.02,
    "epsEstimated": 1,
    "time": "bmo",
    "revenue": 6117200000,
    "revenueEstimated": 6037236601,
    "updatedFromDate": "2025-04-25",
    "fiscalDateEnding": "2019-12-31"
  },
  {
    "date": "2019-10-22",
    "symbol": "PCAR",
    "eps": 1.17,
    "epsEstimated": 1.1,
    "time": "bmo",
    "revenue": 6367000000,
    "revenueEstimated": 5966788571,
    "updatedFromDate": "2025-04-25",
    "fiscalDateEnding": "2019-09-30"
  },
  {
    "date": "2019-07-23",
    "symbol": "PCAR",
    "eps": 1.19,
    "epsEstimated": 1.2,
    "time": "bmo",
    "revenue": 6627900000,
    "revenueEstimated": 6739606179,
    "updatedFromDate": "2025-04-25",
    "fiscalDateEnding": "2019-06-30"
  },
  {
    "date": "2019-04-30",
    "symbol": "PCAR",
    "eps": 1.21,
    "epsEstimated": 1.1,
    "time": "bmo",
    "revenue": 6256800000,
    "revenueEstimated": 5914110497,
    "updatedFromDate": "2025-04-25",
    "fiscalDateEnding": "2019-03-31"
  },
  {
    "date": "2019-01-29",
    "symbol": "PCAR",
    "eps": 1.1,
    "epsEstimated": 1.02,
    "time": "bmo",
    "revenue": 6279700000,
    "revenueEstimated": 5822994545,
    "updatedFromDate": "2025-04-25",
    "fiscalDateEnding": "2018-12-31"
  },
  {
    "date": "2018-10-23",
    "symbol": "PCAR",
    "eps": 1.03,
    "epsEstimated": 1.01,
    "time": "bmo",
    "revenue": 5756800000,
    "revenueEstimated": 5608237419,
    "updatedFromDate": "2025-04-25",
    "fiscalDateEnding": "2018-09-30"
  },
  {
    "date": "2018-07-24",
    "symbol": "PCAR",
    "eps": 1.06,
    "epsEstimated": 0.95,
    "time": "bmo",
    "revenue": 5805200000,
    "revenueEstimated": 5184518238,
    "updatedFromDate": "2025-04-25",
    "fiscalDateEnding": "2018-06-30"
  },
  {
    "date": "2018-04-24",
    "symbol": "PCAR",
    "eps": 0.97,
    "epsEstimated": 0.87,
    "time": "bmo",
    "revenue": 5654000000,
    "revenueEstimated": 5108096551,
    "updatedFromDate": "2025-04-25",
    "fiscalDateEnding": "2018-03-31"
  },
  {
    "date": "2018-01-30",
    "symbol": "PCAR",
    "eps": 0.79,
    "epsEstimated": 0.75,
    "time": "bmo",
    "revenue": 5454600000,
    "revenueEstimated": 5177247457,
    "updatedFromDate": "2025-04-25",
    "fiscalDateEnding": "2017-12-31"
  },
  {
    "date": "2017-10-24",
    "symbol": "PCAR",
    "eps": 0.76,
    "epsEstimated": 0.72,
    "time": "bmo",
    "revenue": 5059700000,
    "revenueEstimated": 4793400000,
    "updatedFromDate": "2025-04-25",
    "fiscalDateEnding": "2017-09-30"
  },
  {
    "date": "2017-07-25",
    "symbol": "PCAR",
    "eps": 0.71,
    "epsEstimated": 0.66,
    "time": "bmo",
    "revenue": 4704200000,
    "revenueEstimated": 4393545283,
    "updatedFromDate": "2025-04-25",
    "fiscalDateEnding": "2017-06-30"
  },
  {
    "date": "2017-04-25",
    "symbol": "PCAR",
    "eps": 0.59,
    "epsEstimated": 0.58,
    "time": "bmo",
    "revenue": 4237900000,
    "revenueEstimated": 4189742045,
    "updatedFromDate": "2025-04-25",
    "fiscalDateEnding": "2017-03-31"
  },
  {
    "date": "2017-01-31",
    "symbol": "PCAR",
    "eps": 0.55,
    "epsEstimated": 0.57,
    "time": "bmo",
    "revenue": 4070700000,
    "revenueEstimated": 4269270731,
    "updatedFromDate": "2025-04-25",
    "fiscalDateEnding": "2016-12-31"
  },
  {
    "date": "2016-10-25",
    "symbol": "PCAR",
    "eps": 0.65,
    "epsEstimated": 0.66,
    "time": "bmo",
    "revenue": 4249400000,
    "revenueEstimated": 4335714285,
    "updatedFromDate": "2025-04-25",
    "fiscalDateEnding": "2016-09-30"
  },
  {
    "date": "2016-07-26",
    "symbol": "PCAR",
    "eps": 0.71,
    "epsEstimated": 0.68,
    "time": "bmo",
    "revenue": 4413200000,
    "revenueEstimated": 4246664150,
    "updatedFromDate": "2025-04-25",
    "fiscalDateEnding": "2016-06-30"
  }
]