[
  {
    "date": "2026-04-22",
    "symbol": "PCG",
    "eps": null,
    "epsEstimated": null,
    "time": "bmo",
    "revenue": null,
    "revenueEstimated": null,
    "updatedFromDate": "2025-10-02",
    "fiscalDateEnding": "2026-03-30"
  },
  {
    "date": "2026-02-11",
    "symbol": "PCG",
    "eps": null,
    "epsEstimated": null,
    "time": "bmo",
    "revenue": null,
    "revenueEstimated": null,
    "updatedFromDate": "2025-10-02",
    "fiscalDateEnding": "2025-12-30"
  },
  {
    "date": "2025-11-06",
    "symbol": "PCG",
    "eps": null,
    "epsEstimated": 0.44,
    "time": "bmo",
    "revenue": null,
    "revenueEstimated": 6326142940,
    "updatedFromDate": "2025-10-02",
    "fiscalDateEnding": "2025-09-30"
  },
  {
    "date": "2025-07-31",
    "symbol": "PCG",
    "eps": 0.31,
    "epsEstimated": 0.3159,
    "time": "bmo",
    "revenue": 5898000000,
    "revenueEstimated": 6238949157,
    "updatedFromDate": "2025-10-02",
    "fiscalDateEnding": "2025-06-30"
  },
  {
    "date": "2025-04-24",
    "symbol": "PCG",
    "eps": 0.33,
    "epsEstimated": 0.3412,
    "time": "bmo",
    "revenue": 5983000000,
    "revenueEstimated": 6134873201,
    "updatedFromDate": "2025-07-24",
    "fiscalDateEnding": "2025-03-31"
  },
  {
    "date": "2025-02-13",
    "symbol": "PCG",
    "eps": 0.31,
    "epsEstimated": 0.3102,
    "time": "bmo",
    "revenue": 6631000000,
    "revenueEstimated": 7218634631,
    "updatedFromDate": "2025-05-13",
    "fiscalDateEnding": "2024-12-31"
  },
  {
    "date": "2024-11-07",
    "symbol": "PCG",
    "eps": 0.37,
    "epsEstimated": 0.3337,
    "time": "bmo",
    "revenue": 5941000000,
    "revenueEstimated": 6576209626,
    "updatedFromDate": "2025-04-24",
    "fiscalDateEnding": "2024-09-30"
  },
  {
    "date": "2024-07-25",
    "symbol": "PCG",
    "eps": 0.31,
    "epsEstimated": 0.3,
    "time": "bmo",
    "revenue": 5986000000,
    "revenueEstimated": 5860093672,
    "updatedFromDate": "2025-04-24",
    "fiscalDateEnding": "2024-06-30"
  },
  {
    "date": "2024-04-25",
    "symbol": "PCG",
    "eps": 0.37,
    "epsEstimated": 0.35,
    "time": "bmo",
    "revenue": 5861000000,
    "revenueEstimated": 6597790154,
    "updatedFromDate": "2025-04-24",
    "fiscalDateEnding": "2024-03-31"
  },
  {
    "date": "2024-02-22",
    "symbol": "PCG",
    "eps": 0.47,
    "epsEstimated": 0.45,
    "time": "bmo",
    "revenue": 7041000000,
    "revenueEstimated": 5853110000,
    "updatedFromDate": "2025-04-24",
    "fiscalDateEnding": "2023-12-31"
  },
  {
    "date": "2023-10-26",
    "symbol": "PCG",
    "eps": 0.24,
    "epsEstimated": 0.28,
    "time": "bmo",
    "revenue": 5888000000,
    "revenueEstimated": 5479000000,
    "updatedFromDate": "2025-04-24",
    "fiscalDateEnding": "2023-09-30"
  },
  {
    "date": "2023-07-27",
    "symbol": "PCG",
    "eps": 0.23,
    "epsEstimated": 0.25,
    "time": "bmo",
    "revenue": 5290000000,
    "revenueEstimated": 5488000000,
    "updatedFromDate": "2025-04-24",
    "fiscalDateEnding": "2023-06-30"
  },
  {
    "date": "2023-05-04",
    "symbol": "PCG",
    "eps": 0.29,
    "epsEstimated": 0.29,
    "time": "bmo",
    "revenue": 6209000000,
    "revenueEstimated": 5856500000,
    "updatedFromDate": "2025-04-24",
    "fiscalDateEnding": "2023-03-31"
  },
  {
    "date": "2023-02-23",
    "symbol": "PCG",
    "eps": 0.26,
    "epsEstimated": 0.28,
    "time": "bmo",
    "revenue": 5370000000,
    "revenueEstimated": 5523171547,
    "updatedFromDate": "2025-04-24",
    "fiscalDateEnding": "2022-12-31"
  },
  {
    "date": "2022-10-27",
    "symbol": "PCG",
    "eps": 0.29,
    "epsEstimated": 0.2,
    "time": "bmo",
    "revenue": 5394000000,
    "revenueEstimated": 5996218632,
    "updatedFromDate": "2025-04-24",
    "fiscalDateEnding": "2022-09-30"
  },
  {
    "date": "2022-07-28",
    "symbol": "PCG",
    "eps": 0.25,
    "epsEstimated": 0.3,
    "time": "bmo",
    "revenue": 5118000000,
    "revenueEstimated": 5810392220,
    "updatedFromDate": "2025-04-24",
    "fiscalDateEnding": "2022-06-30"
  },
  {
    "date": "2022-04-28",
    "symbol": "PCG",
    "eps": 0.3,
    "epsEstimated": 0.25,
    "time": "bmo",
    "revenue": 5798000000,
    "revenueEstimated": 5244652727,
    "updatedFromDate": "2025-04-24",
    "fiscalDateEnding": "2022-03-31"
  },
  {
    "date": "2022-02-10",
    "symbol": "PCG",
    "eps": 0.22,
    "epsEstimated": 0.28,
    "time": "bmo",
    "revenue": 5246000000,
    "revenueEstimated": 5459896656,
    "updatedFromDate": "2025-04-24",
    "fiscalDateEnding": "2021-12-31"
  },
  {
    "date": "2021-11-01",
    "symbol": "PCG",
    "eps": 0.24,
    "epsEstimated": 0.26,
    "time": "bmo",
    "revenue": 5465000000,
    "revenueEstimated": 5367640000,
    "updatedFromDate": "2025-04-24",
    "fiscalDateEnding": "2021-09-30"
  },
  {
    "date": "2021-07-29",
    "symbol": "PCG",
    "eps": 0.27,
    "epsEstimated": 0.29,
    "time": "bmo",
    "revenue": 5215000000,
    "revenueEstimated": 5128540000,
    "updatedFromDate": "2025-04-24",
    "fiscalDateEnding": "2021-06-30"
  },
  {
    "date": "2021-04-29",
    "symbol": "PCG",
    "eps": 0.23,
    "epsEstimated": 0.28,
    "time": "bmo",
    "revenue": 4716000000,
    "revenueEstimated": 4868000000,
    "updatedFromDate": "2025-04-24",
    "fiscalDateEnding": "2021-03-31"
  },
  {
    "date": "2021-02-25",
    "symbol": "PCG",
    "eps": 0.21,
    "epsEstimated": 0.19,
    "time": "bmo",
    "revenue": 4748000000,
    "revenueEstimated": 5160869565,
    "updatedFromDate": "2025-04-24",
    "fiscalDateEnding": "2020-12-31"
  },
  {
    "date": "2020-10-29",
    "symbol": "PCG",
    "eps": 0.22,
    "epsEstimated": 0.25,
    "time": "bmo",
    "revenue": 4882000000,
    "revenueEstimated": 5633076923,
    "updatedFromDate": "2025-04-24",
    "fiscalDateEnding": "2020-09-30"
  },
  {
    "date": "2020-07-30",
    "symbol": "PCG",
    "eps": 1.03,
    "epsEstimated": 0.68,
    "time": "bmo",
    "revenue": 4533000000,
    "revenueEstimated": 3872854368,
    "updatedFromDate": "2025-04-24",
    "fiscalDateEnding": "2020-06-30"
  },
  {
    "date": "2020-05-01",
    "symbol": "PCG",
    "eps": 0.89,
    "epsEstimated": 1.02,
    "time": "bmo",
    "revenue": 4306000000,
    "revenueEstimated": 4934966292,
    "updatedFromDate": "2025-04-24",
    "fiscalDateEnding": "2020-03-31"
  },
  {
    "date": "2020-02-18",
    "symbol": "PCG",
    "eps": 0.68,
    "epsEstimated": 0.77,
    "time": "bmo",
    "revenue": 4743000000,
    "revenueEstimated": 4673250000,
    "updatedFromDate": "2025-04-24",
    "fiscalDateEnding": "2019-12-31"
  },
  {
    "date": "2019-11-07",
    "symbol": "PCG",
    "eps": 1.11,
    "epsEstimated": 0.99,
    "time": "bmo",
    "revenue": 4432000000,
    "revenueEstimated": 4032720720,
    "updatedFromDate": "2025-04-24",
    "fiscalDateEnding": "2019-09-30"
  },
  {
    "date": "2019-08-09",
    "symbol": "PCG",
    "eps": 1.1,
    "epsEstimated": 0.97,
    "time": "bmo",
    "revenue": 3943000000,
    "revenueEstimated": 3512854545,
    "updatedFromDate": "2025-04-24",
    "fiscalDateEnding": "2019-06-30"
  },
  {
    "date": "2019-05-02",
    "symbol": "PCG",
    "eps": 1.04,
    "epsEstimated": 0.9,
    "time": "bmo",
    "revenue": 4011000000,
    "revenueEstimated": 3471057692,
    "updatedFromDate": "2025-04-24",
    "fiscalDateEnding": "2019-03-31"
  },
  {
    "date": "2019-02-28",
    "symbol": "PCG",
    "eps": 0.8,
    "epsEstimated": 0.62,
    "time": "bmo",
    "revenue": 4088000000,
    "revenueEstimated": 3270399999,
    "updatedFromDate": "2025-04-24",
    "fiscalDateEnding": "2018-12-31"
  },
  {
    "date": "2018-11-05",
    "symbol": "PCG",
    "eps": 1.13,
    "epsEstimated": 1.13,
    "time": "bmo",
    "revenue": 4381000000,
    "revenueEstimated": 4381000000,
    "updatedFromDate": "2025-04-24",
    "fiscalDateEnding": "2018-09-30"
  },
  {
    "date": "2018-07-26",
    "symbol": "PCG",
    "eps": 1.16,
    "epsEstimated": 0.95,
    "time": "bmo",
    "revenue": 4234000000,
    "revenueEstimated": 3431000000,
    "updatedFromDate": "2025-04-24",
    "fiscalDateEnding": "2018-06-30"
  },
  {
    "date": "2018-05-03",
    "symbol": "PCG",
    "eps": 0.91,
    "epsEstimated": 1.04,
    "time": "bmo",
    "revenue": 4056000000,
    "revenueEstimated": 4635428571,
    "updatedFromDate": "2025-04-24",
    "fiscalDateEnding": "2018-03-31"
  },
  {
    "date": "2018-02-09",
    "symbol": "PCG",
    "eps": 0.63,
    "epsEstimated": 0.69,
    "time": "bmo",
    "revenue": 4100000000,
    "revenueEstimated": 4425396825,
    "updatedFromDate": "2025-04-24",
    "fiscalDateEnding": "2017-12-31"
  },
  {
    "date": "2017-11-02",
    "symbol": "PCG",
    "eps": 1.12,
    "epsEstimated": 0.91,
    "time": "bmo",
    "revenue": 4517000000,
    "revenueEstimated": 3670062500,
    "updatedFromDate": "2025-04-24",
    "fiscalDateEnding": "2017-09-30"
  },
  {
    "date": "2017-07-27",
    "symbol": "PCG",
    "eps": 0.86,
    "epsEstimated": 0.78,
    "time": "bmo",
    "revenue": 4250000000,
    "revenueEstimated": 3854651162,
    "updatedFromDate": "2025-04-24",
    "fiscalDateEnding": "2017-06-30"
  },
  {
    "date": "2017-05-02",
    "symbol": "PCG",
    "eps": 1.06,
    "epsEstimated": 0.81,
    "time": "bmo",
    "revenue": 4268000000,
    "revenueEstimated": 3261396226,
    "updatedFromDate": "2025-04-24",
    "fiscalDateEnding": "2017-03-31"
  },
  {
    "date": "2017-02-16",
    "symbol": "PCG",
    "eps": 1.33,
    "epsEstimated": 1.29,
    "time": "bmo",
    "revenue": 4713000000,
    "revenueEstimated": 4606691729,
    "updatedFromDate": "2025-04-24",
    "fiscalDateEnding": "2016-12-31"
  },
  {
    "date": "2016-11-04",
    "symbol": "PCG",
    "eps": 0.94,
    "epsEstimated": 1.09,
    "time": "bmo",
    "revenue": 4810000000,
    "revenueEstimated": 5577553191,
    "updatedFromDate": "2025-04-24",
    "fiscalDateEnding": "2016-09-30"
  },
  {
    "date": "2016-07-28",
    "symbol": "PCG",
    "eps": 0.66,
    "epsEstimated": 0.94,
    "time": "bmo",
    "revenue": 4169000000,
    "revenueEstimated": 5811333333,
    "updatedFromDate": "2025-04-24",
    "fiscalDateEnding": "2016-06-30"
  }
]