[
  {
    "date": "2026-04-28",
    "symbol": "PEG",
    "eps": null,
    "epsEstimated": null,
    "time": "bmo",
    "revenue": null,
    "revenueEstimated": null,
    "updatedFromDate": "2025-10-02",
    "fiscalDateEnding": "2026-03-30"
  },
  {
    "date": "2026-02-23",
    "symbol": "PEG",
    "eps": null,
    "epsEstimated": null,
    "time": "bmo",
    "revenue": null,
    "revenueEstimated": null,
    "updatedFromDate": "2025-10-02",
    "fiscalDateEnding": "2025-12-30"
  },
  {
    "date": "2025-11-03",
    "symbol": "PEG",
    "eps": null,
    "epsEstimated": 1.02,
    "time": "bmo",
    "revenue": null,
    "revenueEstimated": null,
    "updatedFromDate": "2025-10-02",
    "fiscalDateEnding": "2025-09-30"
  },
  {
    "date": "2025-08-05",
    "symbol": "PEG",
    "eps": 0.77,
    "epsEstimated": 0.698,
    "time": "bmo",
    "revenue": 2805000000,
    "revenueEstimated": 2378376508,
    "updatedFromDate": "2025-10-02",
    "fiscalDateEnding": "2025-06-30"
  },
  {
    "date": "2025-04-30",
    "symbol": "PEG",
    "eps": 1.43,
    "epsEstimated": 1.44,
    "time": "bmo",
    "revenue": 3222000000,
    "revenueEstimated": 3048130404,
    "updatedFromDate": "2025-07-30",
    "fiscalDateEnding": "2025-03-31"
  },
  {
    "date": "2025-02-25",
    "symbol": "PEG",
    "eps": 0.84,
    "epsEstimated": 0.82,
    "time": "bmo",
    "revenue": 2465000000,
    "revenueEstimated": 2027938948,
    "updatedFromDate": "2025-05-25",
    "fiscalDateEnding": "2024-12-31"
  },
  {
    "date": "2024-11-04",
    "symbol": "PEG",
    "eps": 0.9,
    "epsEstimated": 0.87,
    "time": "bmo",
    "revenue": 2642000000,
    "revenueEstimated": 2428333166,
    "updatedFromDate": "2025-04-25",
    "fiscalDateEnding": "2024-09-30"
  },
  {
    "date": "2024-07-30",
    "symbol": "PEG",
    "eps": 0.63,
    "epsEstimated": 0.63,
    "time": "bmo",
    "revenue": 2423000000,
    "revenueEstimated": 2027451508,
    "updatedFromDate": "2025-04-25",
    "fiscalDateEnding": "2024-06-30"
  },
  {
    "date": "2024-04-30",
    "symbol": "PEG",
    "eps": 1.31,
    "epsEstimated": 1.31,
    "time": "bmo",
    "revenue": 2760000000,
    "revenueEstimated": 2985193204,
    "updatedFromDate": "2025-04-25",
    "fiscalDateEnding": "2024-03-31"
  },
  {
    "date": "2024-02-26",
    "symbol": "PEG",
    "eps": 0.54,
    "epsEstimated": 0.53,
    "time": "bmo",
    "revenue": 2605000000,
    "revenueEstimated": 2400850000,
    "updatedFromDate": "2025-04-25",
    "fiscalDateEnding": "2023-12-31"
  },
  {
    "date": "2023-10-31",
    "symbol": "PEG",
    "eps": 0.85,
    "epsEstimated": 0.75,
    "time": "bmo",
    "revenue": 2456000000,
    "revenueEstimated": 2138480000,
    "updatedFromDate": "2025-04-25",
    "fiscalDateEnding": "2023-09-30"
  },
  {
    "date": "2023-08-01",
    "symbol": "PEG",
    "eps": 0.7,
    "epsEstimated": 0.61,
    "time": "bmo",
    "revenue": 2421000000,
    "revenueEstimated": 1951240000,
    "updatedFromDate": "2025-04-25",
    "fiscalDateEnding": "2023-06-30"
  },
  {
    "date": "2023-05-02",
    "symbol": "PEG",
    "eps": 1.39,
    "epsEstimated": 1.21,
    "time": "bmo",
    "revenue": 3755000000,
    "revenueEstimated": 2803150000,
    "updatedFromDate": "2025-04-25",
    "fiscalDateEnding": "2023-03-31"
  },
  {
    "date": "2023-02-21",
    "symbol": "PEG",
    "eps": 0.64,
    "epsEstimated": 0.63,
    "time": "bmo",
    "revenue": 3139000000,
    "revenueEstimated": 2134897329,
    "updatedFromDate": "2025-04-25",
    "fiscalDateEnding": "2022-12-31"
  },
  {
    "date": "2022-10-31",
    "symbol": "PEG",
    "eps": 0.86,
    "epsEstimated": 0.84,
    "time": "bmo",
    "revenue": 2272000000,
    "revenueEstimated": 1994223317,
    "updatedFromDate": "2025-04-25",
    "fiscalDateEnding": "2022-09-30"
  },
  {
    "date": "2022-08-02",
    "symbol": "PEG",
    "eps": 0.64,
    "epsEstimated": 0.65,
    "time": "bmo",
    "revenue": 2076000000,
    "revenueEstimated": 1805877885,
    "updatedFromDate": "2025-04-25",
    "fiscalDateEnding": "2022-06-30"
  },
  {
    "date": "2022-05-03",
    "symbol": "PEG",
    "eps": 1.33,
    "epsEstimated": 1.11,
    "time": "bmo",
    "revenue": 2313000000,
    "revenueEstimated": 2599875140,
    "updatedFromDate": "2025-04-25",
    "fiscalDateEnding": "2022-03-31"
  },
  {
    "date": "2022-02-24",
    "symbol": "PEG",
    "eps": 0.69,
    "epsEstimated": 0.66,
    "time": "bmo",
    "revenue": 3056000000,
    "revenueEstimated": 3122863087,
    "updatedFromDate": "2025-04-25",
    "fiscalDateEnding": "2021-12-31"
  },
  {
    "date": "2021-11-02",
    "symbol": "PEG",
    "eps": 0.98,
    "epsEstimated": 0.92,
    "time": "bmo",
    "revenue": 1903000000,
    "revenueEstimated": null,
    "updatedFromDate": "2025-04-25",
    "fiscalDateEnding": "2021-09-30"
  },
  {
    "date": "2021-08-03",
    "symbol": "PEG",
    "eps": 0.7,
    "epsEstimated": 0.7,
    "time": "bmo",
    "revenue": 1874000000,
    "revenueEstimated": null,
    "updatedFromDate": "2025-04-25",
    "fiscalDateEnding": "2021-06-30"
  },
  {
    "date": "2021-05-05",
    "symbol": "PEG",
    "eps": 1.28,
    "epsEstimated": 1.12,
    "time": "bmo",
    "revenue": 2889000000,
    "revenueEstimated": null,
    "updatedFromDate": "2025-04-25",
    "fiscalDateEnding": "2021-03-31"
  },
  {
    "date": "2021-02-26",
    "symbol": "PEG",
    "eps": 0.65,
    "epsEstimated": 0.65,
    "time": "bmo",
    "revenue": 2402000000,
    "revenueEstimated": null,
    "updatedFromDate": "2025-04-25",
    "fiscalDateEnding": "2020-12-31"
  },
  {
    "date": "2020-10-30",
    "symbol": "PEG",
    "eps": 0.96,
    "epsEstimated": 0.97,
    "time": "bmo",
    "revenue": 2370000000,
    "revenueEstimated": null,
    "updatedFromDate": "2025-04-25",
    "fiscalDateEnding": "2020-09-30"
  },
  {
    "date": "2020-07-31",
    "symbol": "PEG",
    "eps": 0.79,
    "epsEstimated": 0.6,
    "time": "bmo",
    "revenue": 2050000000,
    "revenueEstimated": null,
    "updatedFromDate": "2025-04-25",
    "fiscalDateEnding": "2020-06-30"
  },
  {
    "date": "2020-05-04",
    "symbol": "PEG",
    "eps": 1.03,
    "epsEstimated": 1.01,
    "time": "bmo",
    "revenue": 2781000000,
    "revenueEstimated": null,
    "updatedFromDate": "2025-04-25",
    "fiscalDateEnding": "2020-03-31"
  },
  {
    "date": "2020-02-26",
    "symbol": "PEG",
    "eps": 0.64,
    "epsEstimated": 0.61,
    "time": "bmo",
    "revenue": 2478000000,
    "revenueEstimated": null,
    "updatedFromDate": "2025-04-25",
    "fiscalDateEnding": "2019-12-31"
  },
  {
    "date": "2019-10-31",
    "symbol": "PEG",
    "eps": 0.98,
    "epsEstimated": 0.96,
    "time": "bmo",
    "revenue": 2302000000,
    "revenueEstimated": null,
    "updatedFromDate": "2025-04-25",
    "fiscalDateEnding": "2019-09-30"
  },
  {
    "date": "2019-07-30",
    "symbol": "PEG",
    "eps": 0.58,
    "epsEstimated": 0.62,
    "time": "bmo",
    "revenue": 2316000000,
    "revenueEstimated": null,
    "updatedFromDate": "2025-04-25",
    "fiscalDateEnding": "2019-06-30"
  },
  {
    "date": "2019-05-02",
    "symbol": "PEG",
    "eps": 1.08,
    "epsEstimated": 1,
    "time": "bmo",
    "revenue": 2980000000,
    "revenueEstimated": null,
    "updatedFromDate": "2025-04-25",
    "fiscalDateEnding": "2019-03-31"
  },
  {
    "date": "2019-02-27",
    "symbol": "PEG",
    "eps": 0.56,
    "epsEstimated": 0.55,
    "time": "bmo",
    "revenue": 2468000000,
    "revenueEstimated": null,
    "updatedFromDate": "2025-04-25",
    "fiscalDateEnding": "2018-12-31"
  },
  {
    "date": "2018-10-30",
    "symbol": "PEG",
    "eps": 0.95,
    "epsEstimated": 0.91,
    "time": "bmo",
    "revenue": 2394000000,
    "revenueEstimated": null,
    "updatedFromDate": "2025-04-25",
    "fiscalDateEnding": "2018-09-30"
  },
  {
    "date": "2018-08-01",
    "symbol": "PEG",
    "eps": 0.64,
    "epsEstimated": 0.63,
    "time": "bmo",
    "revenue": 2016000000,
    "revenueEstimated": null,
    "updatedFromDate": "2025-04-25",
    "fiscalDateEnding": "2018-06-30"
  },
  {
    "date": "2018-04-30",
    "symbol": "PEG",
    "eps": 0.97,
    "epsEstimated": 0.99,
    "time": "bmo",
    "revenue": 2818000000,
    "revenueEstimated": null,
    "updatedFromDate": "2025-04-25",
    "fiscalDateEnding": "2018-03-31"
  },
  {
    "date": "2018-02-23",
    "symbol": "PEG",
    "eps": 0.57,
    "epsEstimated": 0.56,
    "time": "bmo",
    "revenue": 2096000000,
    "revenueEstimated": null,
    "updatedFromDate": "2025-04-25",
    "fiscalDateEnding": "2017-12-31"
  },
  {
    "date": "2017-10-31",
    "symbol": "PEG",
    "eps": 0.82,
    "epsEstimated": 0.84,
    "time": "bmo",
    "revenue": 2263000000,
    "revenueEstimated": null,
    "updatedFromDate": "2025-04-25",
    "fiscalDateEnding": "2017-09-30"
  },
  {
    "date": "2017-07-28",
    "symbol": "PEG",
    "eps": 0.62,
    "epsEstimated": 0.57,
    "time": "bmo",
    "revenue": 2133000000,
    "revenueEstimated": null,
    "updatedFromDate": "2025-04-25",
    "fiscalDateEnding": "2017-06-30"
  },
  {
    "date": "2017-04-28",
    "symbol": "PEG",
    "eps": 0.92,
    "epsEstimated": 0.84,
    "time": "bmo",
    "revenue": 2592000000,
    "revenueEstimated": null,
    "updatedFromDate": "2025-04-25",
    "fiscalDateEnding": "2017-03-31"
  },
  {
    "date": "2017-02-24",
    "symbol": "PEG",
    "eps": 0.54,
    "epsEstimated": 0.52,
    "time": "bmo",
    "revenue": 2090000000,
    "revenueEstimated": null,
    "updatedFromDate": "2025-04-25",
    "fiscalDateEnding": "2016-12-31"
  },
  {
    "date": "2016-10-31",
    "symbol": "PEG",
    "eps": 0.88,
    "epsEstimated": 0.81,
    "time": "bmo",
    "revenue": 2450000000,
    "revenueEstimated": null,
    "updatedFromDate": "2025-04-25",
    "fiscalDateEnding": "2016-09-30"
  },
  {
    "date": "2016-07-29",
    "symbol": "PEG",
    "eps": 0.57,
    "epsEstimated": 0.57,
    "time": "bmo",
    "revenue": 1905000000,
    "revenueEstimated": null,
    "updatedFromDate": "2025-04-25",
    "fiscalDateEnding": "2016-06-30"
  }
]