[
  {
    "date": "2026-04-22",
    "symbol": "PEP",
    "eps": null,
    "epsEstimated": null,
    "time": "bmo",
    "revenue": null,
    "revenueEstimated": null,
    "updatedFromDate": "2025-10-02",
    "fiscalDateEnding": "2026-03-14"
  },
  {
    "date": "2026-02-02",
    "symbol": "PEP",
    "eps": null,
    "epsEstimated": null,
    "time": "bmo",
    "revenue": null,
    "revenueEstimated": null,
    "updatedFromDate": "2025-10-02",
    "fiscalDateEnding": "2025-12-14"
  },
  {
    "date": "2025-10-09",
    "symbol": "PEP",
    "eps": null,
    "epsEstimated": 2.27,
    "time": "bmo",
    "revenue": null,
    "revenueEstimated": 23862200770,
    "updatedFromDate": "2025-10-02",
    "fiscalDateEnding": "2025-09-14"
  },
  {
    "date": "2025-07-17",
    "symbol": "PEP",
    "eps": 2.12,
    "epsEstimated": 2.03,
    "time": "bmo",
    "revenue": 22726000000,
    "revenueEstimated": 22271323583,
    "updatedFromDate": "2025-10-02",
    "fiscalDateEnding": "2025-06-14"
  },
  {
    "date": "2025-04-24",
    "symbol": "PEP",
    "eps": 1.48,
    "epsEstimated": 1.49,
    "time": "bmo",
    "revenue": 17919000000,
    "revenueEstimated": 17758007257,
    "updatedFromDate": "2025-07-23",
    "fiscalDateEnding": "2025-03-22"
  },
  {
    "date": "2025-02-04",
    "symbol": "PEP",
    "eps": 1.96,
    "epsEstimated": 1.95,
    "time": "bmo",
    "revenue": 27784000000,
    "revenueEstimated": 27889785485,
    "updatedFromDate": "2025-05-04",
    "fiscalDateEnding": "2024-12-28"
  },
  {
    "date": "2024-10-08",
    "symbol": "PEP",
    "eps": 2.31,
    "epsEstimated": 2.29,
    "time": "bmo",
    "revenue": 23319000000,
    "revenueEstimated": 23860293642,
    "updatedFromDate": "2025-04-25",
    "fiscalDateEnding": "2024-09-07"
  },
  {
    "date": "2024-07-11",
    "symbol": "PEP",
    "eps": 2.28,
    "epsEstimated": 2.16,
    "time": "bmo",
    "revenue": 22501000000,
    "revenueEstimated": 22592192938,
    "updatedFromDate": "2025-04-25",
    "fiscalDateEnding": "2024-06-15"
  },
  {
    "date": "2024-04-23",
    "symbol": "PEP",
    "eps": 1.61,
    "epsEstimated": 1.52,
    "time": "bmo",
    "revenue": 18250000000,
    "revenueEstimated": 18079889231,
    "updatedFromDate": "2025-04-25",
    "fiscalDateEnding": "2024-03-23"
  },
  {
    "date": "2024-02-09",
    "symbol": "PEP",
    "eps": 1.78,
    "epsEstimated": 1.72,
    "time": "bmo",
    "revenue": 27850000000,
    "revenueEstimated": 28400200000,
    "updatedFromDate": "2025-04-25",
    "fiscalDateEnding": "2023-12-30"
  },
  {
    "date": "2023-10-10",
    "symbol": "PEP",
    "eps": 2.25,
    "epsEstimated": 2.15,
    "time": "bmo",
    "revenue": 23453000000,
    "revenueEstimated": 26116100000,
    "updatedFromDate": "2025-04-25",
    "fiscalDateEnding": "2023-09-09"
  },
  {
    "date": "2023-07-13",
    "symbol": "PEP",
    "eps": 2.09,
    "epsEstimated": 1.96,
    "time": "bmo",
    "revenue": 22322000000,
    "revenueEstimated": 19806800000,
    "updatedFromDate": "2025-04-25",
    "fiscalDateEnding": "2023-06-17"
  },
  {
    "date": "2023-04-25",
    "symbol": "PEP",
    "eps": 1.5,
    "epsEstimated": 1.39,
    "time": "bmo",
    "revenue": 17846000000,
    "revenueEstimated": 17221300000,
    "updatedFromDate": "2025-04-25",
    "fiscalDateEnding": "2023-03-25"
  },
  {
    "date": "2023-02-09",
    "symbol": "PEP",
    "eps": 1.67,
    "epsEstimated": 1.64,
    "time": "bmo",
    "revenue": 27996000000,
    "revenueEstimated": 26828195925,
    "updatedFromDate": "2025-04-25",
    "fiscalDateEnding": "2022-12-31"
  },
  {
    "date": "2022-10-12",
    "symbol": "PEP",
    "eps": 1.97,
    "epsEstimated": 1.84,
    "time": "bmo",
    "revenue": 21971000000,
    "revenueEstimated": null,
    "updatedFromDate": "2025-04-25",
    "fiscalDateEnding": "2022-09-03"
  },
  {
    "date": "2022-07-12",
    "symbol": "PEP",
    "eps": 1.86,
    "epsEstimated": 1.73,
    "time": "bmo",
    "revenue": 20225000000,
    "revenueEstimated": 19512888895,
    "updatedFromDate": "2025-04-25",
    "fiscalDateEnding": "2022-06-11"
  },
  {
    "date": "2022-04-26",
    "symbol": "PEP",
    "eps": 1.29,
    "epsEstimated": 1.24,
    "time": "bmo",
    "revenue": 16200000000,
    "revenueEstimated": 15538090677,
    "updatedFromDate": "2025-04-25",
    "fiscalDateEnding": "2022-03-19"
  },
  {
    "date": "2022-02-10",
    "symbol": "PEP",
    "eps": 1.53,
    "epsEstimated": 1.53,
    "time": "bmo",
    "revenue": 25248000000,
    "revenueEstimated": 24235744133,
    "updatedFromDate": "2025-04-25",
    "fiscalDateEnding": "2021-12-25"
  },
  {
    "date": "2021-10-05",
    "symbol": "PEP",
    "eps": 1.79,
    "epsEstimated": 1.73,
    "time": "bmo",
    "revenue": 20189000000,
    "revenueEstimated": 24218000000,
    "updatedFromDate": "2025-04-25",
    "fiscalDateEnding": "2021-09-04"
  },
  {
    "date": "2021-07-13",
    "symbol": "PEP",
    "eps": 1.72,
    "epsEstimated": 1.53,
    "time": "bmo",
    "revenue": 19217000000,
    "revenueEstimated": 17958918427,
    "updatedFromDate": "2025-04-25",
    "fiscalDateEnding": "2021-06-12"
  },
  {
    "date": "2021-04-15",
    "symbol": "PEP",
    "eps": 1.21,
    "epsEstimated": 1.12,
    "time": "bmo",
    "revenue": 14820000000,
    "revenueEstimated": 13629107142,
    "updatedFromDate": "2025-04-25",
    "fiscalDateEnding": "2021-03-20"
  },
  {
    "date": "2021-02-11",
    "symbol": "PEP",
    "eps": 1.47,
    "epsEstimated": 1.46,
    "time": "bmo",
    "revenue": 22455000000,
    "revenueEstimated": 22301198630,
    "updatedFromDate": "2025-04-25",
    "fiscalDateEnding": "2020-12-26"
  },
  {
    "date": "2020-10-01",
    "symbol": "PEP",
    "eps": 1.66,
    "epsEstimated": 1.49,
    "time": "bmo",
    "revenue": 18091000000,
    "revenueEstimated": 16238307228,
    "updatedFromDate": "2025-04-25",
    "fiscalDateEnding": "2020-09-05"
  },
  {
    "date": "2020-07-13",
    "symbol": "PEP",
    "eps": 1.32,
    "epsEstimated": 1.25,
    "time": "bmo",
    "revenue": 15945000000,
    "revenueEstimated": 15099431818,
    "updatedFromDate": "2025-04-25",
    "fiscalDateEnding": "2020-06-13"
  },
  {
    "date": "2020-04-28",
    "symbol": "PEP",
    "eps": 1.07,
    "epsEstimated": 1.03,
    "time": "bmo",
    "revenue": 13881000000,
    "revenueEstimated": 13362084112,
    "updatedFromDate": "2025-04-25",
    "fiscalDateEnding": "2020-03-21"
  },
  {
    "date": "2020-02-13",
    "symbol": "PEP",
    "eps": 1.45,
    "epsEstimated": 1.44,
    "time": "bmo",
    "revenue": 20640000000,
    "revenueEstimated": 20497655172,
    "updatedFromDate": "2025-04-25",
    "fiscalDateEnding": "2019-12-28"
  },
  {
    "date": "2019-10-03",
    "symbol": "PEP",
    "eps": 1.56,
    "epsEstimated": 1.5,
    "time": "bmo",
    "revenue": 17188000000,
    "revenueEstimated": 16526923076,
    "updatedFromDate": "2025-04-25",
    "fiscalDateEnding": "2019-09-07"
  },
  {
    "date": "2019-07-09",
    "symbol": "PEP",
    "eps": 1.54,
    "epsEstimated": 1.5,
    "time": "bmo",
    "revenue": 16449000000,
    "revenueEstimated": 16021753246,
    "updatedFromDate": "2025-04-25",
    "fiscalDateEnding": "2019-06-15"
  },
  {
    "date": "2019-04-17",
    "symbol": "PEP",
    "eps": 0.97,
    "epsEstimated": 0.92,
    "time": "bmo",
    "revenue": 12884000000,
    "revenueEstimated": 12219876288,
    "updatedFromDate": "2025-04-25",
    "fiscalDateEnding": "2019-03-23"
  },
  {
    "date": "2019-02-15",
    "symbol": "PEP",
    "eps": 1.49,
    "epsEstimated": 1.49,
    "time": "bmo",
    "revenue": 19524000000,
    "revenueEstimated": 19524000000,
    "updatedFromDate": "2025-04-25",
    "fiscalDateEnding": "2018-12-29"
  },
  {
    "date": "2018-10-02",
    "symbol": "PEP",
    "eps": 1.59,
    "epsEstimated": 1.57,
    "time": "bmo",
    "revenue": 16485000000,
    "revenueEstimated": 16277641509,
    "updatedFromDate": "2025-04-25",
    "fiscalDateEnding": "2018-09-08"
  },
  {
    "date": "2018-07-10",
    "symbol": "PEP",
    "eps": 1.61,
    "epsEstimated": 1.52,
    "time": "bmo",
    "revenue": 16090000000,
    "revenueEstimated": 15190559006,
    "updatedFromDate": "2025-04-25",
    "fiscalDateEnding": "2018-06-16"
  },
  {
    "date": "2018-04-26",
    "symbol": "PEP",
    "eps": 0.96,
    "epsEstimated": 0.93,
    "time": "bmo",
    "revenue": 12562000000,
    "revenueEstimated": 12169437500,
    "updatedFromDate": "2025-04-25",
    "fiscalDateEnding": "2018-03-24"
  },
  {
    "date": "2018-02-13",
    "symbol": "PEP",
    "eps": 1.31,
    "epsEstimated": 1.3,
    "time": "bmo",
    "revenue": 19526000000,
    "revenueEstimated": 19376946564,
    "updatedFromDate": "2025-04-25",
    "fiscalDateEnding": "2017-12-30"
  },
  {
    "date": "2017-10-04",
    "symbol": "PEP",
    "eps": 1.48,
    "epsEstimated": 1.43,
    "time": "bmo",
    "revenue": 16240000000,
    "revenueEstimated": 15801081081,
    "updatedFromDate": "2025-04-25",
    "fiscalDateEnding": "2017-09-09"
  },
  {
    "date": "2017-07-11",
    "symbol": "PEP",
    "eps": 1.44,
    "epsEstimated": 1.4,
    "time": "bmo",
    "revenue": 15710000000,
    "revenueEstimated": 14662666666,
    "updatedFromDate": "2025-04-25",
    "fiscalDateEnding": "2017-06-17"
  },
  {
    "date": "2017-04-26",
    "symbol": "PEP",
    "eps": 0.94,
    "epsEstimated": 0.92,
    "time": "bmo",
    "revenue": 12049000000,
    "revenueEstimated": 11792638297,
    "updatedFromDate": "2025-04-25",
    "fiscalDateEnding": "2017-03-25"
  },
  {
    "date": "2017-02-15",
    "symbol": "PEP",
    "eps": 1.2,
    "epsEstimated": 1.16,
    "time": "bmo",
    "revenue": 19515000000,
    "revenueEstimated": 18864500000,
    "updatedFromDate": "2025-04-25",
    "fiscalDateEnding": "2016-12-31"
  },
  {
    "date": "2016-09-29",
    "symbol": "PEP",
    "eps": 1.4,
    "epsEstimated": 1.32,
    "time": "bmo",
    "revenue": 16027000000,
    "revenueEstimated": 15111171428,
    "updatedFromDate": "2025-04-25",
    "fiscalDateEnding": "2016-09-03"
  },
  {
    "date": "2016-07-07",
    "symbol": "PEP",
    "eps": 1.35,
    "epsEstimated": 1.3,
    "time": "bmo",
    "revenue": 15395000000,
    "revenueEstimated": 14824814814,
    "updatedFromDate": "2025-04-25",
    "fiscalDateEnding": "2016-06-11"
  }
]