[
  {
    "date": "2026-04-27",
    "symbol": "PFE",
    "eps": null,
    "epsEstimated": null,
    "time": "bmo",
    "revenue": null,
    "revenueEstimated": null,
    "updatedFromDate": "2025-10-02",
    "fiscalDateEnding": "2026-03-29"
  },
  {
    "date": "2026-02-02",
    "symbol": "PFE",
    "eps": null,
    "epsEstimated": null,
    "time": "bmo",
    "revenue": null,
    "revenueEstimated": null,
    "updatedFromDate": "2025-10-02",
    "fiscalDateEnding": "2025-12-29"
  },
  {
    "date": "2025-11-04",
    "symbol": "PFE",
    "eps": null,
    "epsEstimated": 0.79,
    "time": "bmo",
    "revenue": null,
    "revenueEstimated": 17017776920,
    "updatedFromDate": "2025-10-02",
    "fiscalDateEnding": "2025-09-29"
  },
  {
    "date": "2025-08-05",
    "symbol": "PFE",
    "eps": 0.78,
    "epsEstimated": 0.58,
    "time": "bmo",
    "revenue": 14653000000,
    "revenueEstimated": 13560467231,
    "updatedFromDate": "2025-10-02",
    "fiscalDateEnding": "2025-06-29"
  },
  {
    "date": "2025-04-29",
    "symbol": "PFE",
    "eps": 0.92,
    "epsEstimated": 0.666,
    "time": "bmo",
    "revenue": 13715000000,
    "revenueEstimated": 13919749254,
    "updatedFromDate": "2025-07-29",
    "fiscalDateEnding": "2025-03-29"
  },
  {
    "date": "2025-02-04",
    "symbol": "PFE",
    "eps": 0.63,
    "epsEstimated": 0.4716,
    "time": "bmo",
    "revenue": 17763000000,
    "revenueEstimated": 17350434499,
    "updatedFromDate": "2025-05-04",
    "fiscalDateEnding": "2024-12-31"
  },
  {
    "date": "2024-10-29",
    "symbol": "PFE",
    "eps": 1.06,
    "epsEstimated": 0.614,
    "time": "bmo",
    "revenue": 17702000000,
    "revenueEstimated": 14921488465,
    "updatedFromDate": "2025-04-23",
    "fiscalDateEnding": "2024-09-29"
  },
  {
    "date": "2024-07-30",
    "symbol": "PFE",
    "eps": 0.6,
    "epsEstimated": 0.458,
    "time": "bmo",
    "revenue": 13283000000,
    "revenueEstimated": 12960952388,
    "updatedFromDate": "2025-04-23",
    "fiscalDateEnding": "2024-06-30"
  },
  {
    "date": "2024-05-01",
    "symbol": "PFE",
    "eps": 0.82,
    "epsEstimated": 0.516,
    "time": "bmo",
    "revenue": 14879000000,
    "revenueEstimated": 13873720808,
    "updatedFromDate": "2025-04-23",
    "fiscalDateEnding": "2024-03-31"
  },
  {
    "date": "2024-01-30",
    "symbol": "PFE",
    "eps": 0.1,
    "epsEstimated": -0.19,
    "time": "bmo",
    "revenue": 14249000000,
    "revenueEstimated": 14248300000,
    "updatedFromDate": "2025-04-23",
    "fiscalDateEnding": "2023-12-31"
  },
  {
    "date": "2023-10-31",
    "symbol": "PFE",
    "eps": -0.17,
    "epsEstimated": -0.32,
    "time": "bmo",
    "revenue": 13232000000,
    "revenueEstimated": 12723200000,
    "updatedFromDate": "2025-04-23",
    "fiscalDateEnding": "2023-10-01"
  },
  {
    "date": "2023-08-01",
    "symbol": "PFE",
    "eps": 0.67,
    "epsEstimated": 0.56,
    "time": "bmo",
    "revenue": 12734000000,
    "revenueEstimated": 12083500000,
    "updatedFromDate": "2025-04-23",
    "fiscalDateEnding": "2023-07-02"
  },
  {
    "date": "2023-05-02",
    "symbol": "PFE",
    "eps": 1.23,
    "epsEstimated": 0.98,
    "time": "bmo",
    "revenue": 18282000000,
    "revenueEstimated": 16593500000,
    "updatedFromDate": "2025-04-23",
    "fiscalDateEnding": "2023-04-02"
  },
  {
    "date": "2023-01-31",
    "symbol": "PFE",
    "eps": 1.14,
    "epsEstimated": 1.05,
    "time": "bmo",
    "revenue": 24290000000,
    "revenueEstimated": 24381644690,
    "updatedFromDate": "2025-04-23",
    "fiscalDateEnding": "2022-12-31"
  },
  {
    "date": "2022-11-01",
    "symbol": "PFE",
    "eps": 1.78,
    "epsEstimated": 1.39,
    "time": "bmo",
    "revenue": 22638000000,
    "revenueEstimated": 21072445417,
    "updatedFromDate": "2025-04-23",
    "fiscalDateEnding": "2022-10-02"
  },
  {
    "date": "2022-07-28",
    "symbol": "PFE",
    "eps": 2.04,
    "epsEstimated": 1.78,
    "time": "bmo",
    "revenue": 27742000000,
    "revenueEstimated": 25486846256,
    "updatedFromDate": "2025-04-23",
    "fiscalDateEnding": "2022-07-03"
  },
  {
    "date": "2022-05-03",
    "symbol": "PFE",
    "eps": 1.67,
    "epsEstimated": 1.47,
    "time": "bmo",
    "revenue": 25661000000,
    "revenueEstimated": 24098880408,
    "updatedFromDate": "2025-04-23",
    "fiscalDateEnding": "2022-04-03"
  },
  {
    "date": "2022-02-08",
    "symbol": "PFE",
    "eps": 1.08,
    "epsEstimated": 0.85,
    "time": "bmo",
    "revenue": 23838000000,
    "revenueEstimated": 24157183461,
    "updatedFromDate": "2025-04-23",
    "fiscalDateEnding": "2021-12-31"
  },
  {
    "date": "2021-11-02",
    "symbol": "PFE",
    "eps": 1.34,
    "epsEstimated": 1.09,
    "time": "bmo",
    "revenue": 24094000000,
    "revenueEstimated": 22380900000,
    "updatedFromDate": "2025-04-23",
    "fiscalDateEnding": "2021-10-03"
  },
  {
    "date": "2021-07-28",
    "symbol": "PFE",
    "eps": 1.07,
    "epsEstimated": 0.97,
    "time": "bmo",
    "revenue": 18977000000,
    "revenueEstimated": 22873500000,
    "updatedFromDate": "2025-04-23",
    "fiscalDateEnding": "2021-07-04"
  },
  {
    "date": "2021-05-04",
    "symbol": "PFE",
    "eps": 0.93,
    "epsEstimated": 0.77,
    "time": "bmo",
    "revenue": 14582000000,
    "revenueEstimated": 13550800000,
    "updatedFromDate": "2025-04-23",
    "fiscalDateEnding": "2021-04-04"
  },
  {
    "date": "2021-02-02",
    "symbol": "PFE",
    "eps": 0.42,
    "epsEstimated": 0.46,
    "time": "bmo",
    "revenue": 11684000000,
    "revenueEstimated": 6690375000,
    "updatedFromDate": "2025-04-23",
    "fiscalDateEnding": "2020-12-31"
  },
  {
    "date": "2020-10-27",
    "symbol": "PFE",
    "eps": 0.72,
    "epsEstimated": 0.7,
    "time": "bmo",
    "revenue": 12131000000,
    "revenueEstimated": 11962513888,
    "updatedFromDate": "2025-04-23",
    "fiscalDateEnding": "2020-09-27"
  },
  {
    "date": "2020-07-28",
    "symbol": "PFE",
    "eps": 0.78,
    "epsEstimated": 0.66,
    "time": "bmo",
    "revenue": 11801000000,
    "revenueEstimated": 9985461538,
    "updatedFromDate": "2025-04-23",
    "fiscalDateEnding": "2020-06-28"
  },
  {
    "date": "2020-04-28",
    "symbol": "PFE",
    "eps": 0.8,
    "epsEstimated": 0.71,
    "time": "bmo",
    "revenue": 12028000000,
    "revenueEstimated": 10975549999,
    "updatedFromDate": "2025-04-23",
    "fiscalDateEnding": "2020-03-29"
  },
  {
    "date": "2020-01-28",
    "symbol": "PFE",
    "eps": 0.55,
    "epsEstimated": 0.57,
    "time": "bmo",
    "revenue": 12688000000,
    "revenueEstimated": 13149381818,
    "updatedFromDate": "2025-04-23",
    "fiscalDateEnding": "2019-12-31"
  },
  {
    "date": "2019-10-29",
    "symbol": "PFE",
    "eps": 0.75,
    "epsEstimated": 0.63,
    "time": "bmo",
    "revenue": 12680000000,
    "revenueEstimated": 10482133333,
    "updatedFromDate": "2025-04-23",
    "fiscalDateEnding": "2019-09-29"
  },
  {
    "date": "2019-07-29",
    "symbol": "PFE",
    "eps": 0.8,
    "epsEstimated": 0.75,
    "time": "bmo",
    "revenue": 13264000000,
    "revenueEstimated": 12435000000,
    "updatedFromDate": "2025-04-23",
    "fiscalDateEnding": "2019-06-30"
  },
  {
    "date": "2019-04-30",
    "symbol": "PFE",
    "eps": 0.85,
    "epsEstimated": 0.75,
    "time": "bmo",
    "revenue": 13118000000,
    "revenueEstimated": 11574705882,
    "updatedFromDate": "2025-04-23",
    "fiscalDateEnding": "2019-03-31"
  },
  {
    "date": "2019-01-29",
    "symbol": "PFE",
    "eps": 0.64,
    "epsEstimated": 0.63,
    "time": "bmo",
    "revenue": 13976000000,
    "revenueEstimated": 13758609375,
    "updatedFromDate": "2025-04-23",
    "fiscalDateEnding": "2018-12-31"
  },
  {
    "date": "2018-10-30",
    "symbol": "PFE",
    "eps": 0.78,
    "epsEstimated": 0.75,
    "time": "bmo",
    "revenue": 13298000000,
    "revenueEstimated": 12786538461,
    "updatedFromDate": "2025-04-23",
    "fiscalDateEnding": "2018-09-30"
  },
  {
    "date": "2018-07-31",
    "symbol": "PFE",
    "eps": 0.81,
    "epsEstimated": 0.74,
    "time": "bmo",
    "revenue": 13466000000,
    "revenueEstimated": 12302271604,
    "updatedFromDate": "2025-04-23",
    "fiscalDateEnding": "2018-07-01"
  },
  {
    "date": "2018-05-01",
    "symbol": "PFE",
    "eps": 0.77,
    "epsEstimated": 0.74,
    "time": "bmo",
    "revenue": 12906000000,
    "revenueEstimated": 12570779220,
    "updatedFromDate": "2025-04-23",
    "fiscalDateEnding": "2018-04-01"
  },
  {
    "date": "2018-01-30",
    "symbol": "PFE",
    "eps": 0.62,
    "epsEstimated": 0.56,
    "time": "bmo",
    "revenue": 13703000000,
    "revenueEstimated": 12376903225,
    "updatedFromDate": "2025-04-23",
    "fiscalDateEnding": "2017-12-31"
  },
  {
    "date": "2017-10-31",
    "symbol": "PFE",
    "eps": 0.67,
    "epsEstimated": 0.65,
    "time": "bmo",
    "revenue": 13168000000,
    "revenueEstimated": 12774925373,
    "updatedFromDate": "2025-04-23",
    "fiscalDateEnding": "2017-10-01"
  },
  {
    "date": "2017-08-01",
    "symbol": "PFE",
    "eps": 0.67,
    "epsEstimated": 0.66,
    "time": "bmo",
    "revenue": 12896000000,
    "revenueEstimated": 12703522388,
    "updatedFromDate": "2025-04-23",
    "fiscalDateEnding": "2017-07-02"
  },
  {
    "date": "2017-05-02",
    "symbol": "PFE",
    "eps": 0.69,
    "epsEstimated": 0.67,
    "time": "bmo",
    "revenue": 12779000000,
    "revenueEstimated": 12408594202,
    "updatedFromDate": "2025-04-23",
    "fiscalDateEnding": "2017-04-02"
  },
  {
    "date": "2017-01-31",
    "symbol": "PFE",
    "eps": 0.47,
    "epsEstimated": 0.5,
    "time": "bmo",
    "revenue": 13627000000,
    "revenueEstimated": 14497872340,
    "updatedFromDate": "2025-04-23",
    "fiscalDateEnding": "2016-12-31"
  },
  {
    "date": "2016-11-01",
    "symbol": "PFE",
    "eps": 0.61,
    "epsEstimated": 0.62,
    "time": "bmo",
    "revenue": 13045000000,
    "revenueEstimated": 13258852459,
    "updatedFromDate": "2025-04-23",
    "fiscalDateEnding": "2016-10-02"
  },
  {
    "date": "2016-08-02",
    "symbol": "PFE",
    "eps": 0.64,
    "epsEstimated": 0.62,
    "time": "bmo",
    "revenue": 13147000000,
    "revenueEstimated": 12736156250,
    "updatedFromDate": "2025-04-23",
    "fiscalDateEnding": "2016-07-03"
  }
]