[
  {
    "date": "2026-04-22",
    "symbol": "PFG",
    "eps": null,
    "epsEstimated": null,
    "time": "amc",
    "revenue": null,
    "revenueEstimated": null,
    "updatedFromDate": "2025-10-02",
    "fiscalDateEnding": "2026-03-30"
  },
  {
    "date": "2026-02-04",
    "symbol": "PFG",
    "eps": null,
    "epsEstimated": null,
    "time": "amc",
    "revenue": null,
    "revenueEstimated": null,
    "updatedFromDate": "2025-10-02",
    "fiscalDateEnding": "2025-12-30"
  },
  {
    "date": "2025-10-27",
    "symbol": "PFG",
    "eps": null,
    "epsEstimated": 2.17,
    "time": "bmo",
    "revenue": null,
    "revenueEstimated": 4043700000,
    "updatedFromDate": "2025-10-02",
    "fiscalDateEnding": "2025-09-30"
  },
  {
    "date": "2025-07-28",
    "symbol": "PFG",
    "eps": 2.16,
    "epsEstimated": 1.97,
    "time": "amc",
    "revenue": 3671300000,
    "revenueEstimated": 3982735106,
    "updatedFromDate": "2025-10-02",
    "fiscalDateEnding": "2025-06-30"
  },
  {
    "date": "2025-04-24",
    "symbol": "PFG",
    "eps": 1.81,
    "epsEstimated": 1.82,
    "time": "amc",
    "revenue": 3695900000,
    "revenueEstimated": 4005080503,
    "updatedFromDate": "2025-07-24",
    "fiscalDateEnding": "2025-03-31"
  },
  {
    "date": "2025-02-06",
    "symbol": "PFG",
    "eps": 1.94,
    "epsEstimated": 1.93,
    "time": "amc",
    "revenue": 4752000000,
    "revenueEstimated": 4119488980,
    "updatedFromDate": "2025-05-06",
    "fiscalDateEnding": "2024-12-31"
  },
  {
    "date": "2024-10-24",
    "symbol": "PFG",
    "eps": 1.76,
    "epsEstimated": 1.99,
    "time": "amc",
    "revenue": 3011600000,
    "revenueEstimated": 3917339544,
    "updatedFromDate": "2025-04-25",
    "fiscalDateEnding": "2024-09-30"
  },
  {
    "date": "2024-07-25",
    "symbol": "PFG",
    "eps": 1.63,
    "epsEstimated": 1.84,
    "time": "amc",
    "revenue": 4310800000,
    "revenueEstimated": 3795356352,
    "updatedFromDate": "2025-04-25",
    "fiscalDateEnding": "2024-06-30"
  },
  {
    "date": "2024-04-25",
    "symbol": "PFG",
    "eps": 1.65,
    "epsEstimated": 1.73,
    "time": "amc",
    "revenue": 4053300000,
    "revenueEstimated": 3675322626,
    "updatedFromDate": "2025-04-25",
    "fiscalDateEnding": "2024-03-31"
  },
  {
    "date": "2024-02-12",
    "symbol": "PFG",
    "eps": 1.83,
    "epsEstimated": 1.7,
    "time": "amc",
    "revenue": 2690800000,
    "revenueEstimated": 3597350000,
    "updatedFromDate": "2025-04-25",
    "fiscalDateEnding": "2023-12-31"
  },
  {
    "date": "2023-10-26",
    "symbol": "PFG",
    "eps": 1.72,
    "epsEstimated": 1.65,
    "time": "amc",
    "revenue": 4598700000,
    "revenueEstimated": 3603990000,
    "updatedFromDate": "2025-04-25",
    "fiscalDateEnding": "2023-09-30"
  },
  {
    "date": "2023-07-27",
    "symbol": "PFG",
    "eps": 1.53,
    "epsEstimated": 1.65,
    "time": "amc",
    "revenue": 3557300000,
    "revenueEstimated": 3479840000,
    "updatedFromDate": "2025-04-25",
    "fiscalDateEnding": "2023-06-30"
  },
  {
    "date": "2023-04-27",
    "symbol": "PFG",
    "eps": 1.48,
    "epsEstimated": 1.54,
    "time": "amc",
    "revenue": 2819000000,
    "revenueEstimated": 3367830000,
    "updatedFromDate": "2025-04-25",
    "fiscalDateEnding": "2023-03-31"
  },
  {
    "date": "2023-01-30",
    "symbol": "PFG",
    "eps": 1.7,
    "epsEstimated": 1.52,
    "time": "amc",
    "revenue": 3122000000,
    "revenueEstimated": 3344335138,
    "updatedFromDate": "2025-04-25",
    "fiscalDateEnding": "2022-12-31"
  },
  {
    "date": "2022-10-27",
    "symbol": "PFG",
    "eps": 1.69,
    "epsEstimated": 1.45,
    "time": "amc",
    "revenue": 4600900000,
    "revenueEstimated": 3160031155,
    "updatedFromDate": "2025-04-25",
    "fiscalDateEnding": "2022-09-30"
  },
  {
    "date": "2022-08-08",
    "symbol": "PFG",
    "eps": 1.65,
    "epsEstimated": 1.39,
    "time": "amc",
    "revenue": 6658700000,
    "revenueEstimated": 3342088567,
    "updatedFromDate": "2025-04-25",
    "fiscalDateEnding": "2022-06-30"
  },
  {
    "date": "2022-04-28",
    "symbol": "PFG",
    "eps": 1.63,
    "epsEstimated": 1.56,
    "time": "amc",
    "revenue": 3110000000,
    "revenueEstimated": 3550038905,
    "updatedFromDate": "2025-04-25",
    "fiscalDateEnding": "2022-03-31"
  },
  {
    "date": "2022-02-07",
    "symbol": "PFG",
    "eps": 1.85,
    "epsEstimated": 1.65,
    "time": "amc",
    "revenue": 4091100000,
    "revenueEstimated": 3800349598,
    "updatedFromDate": "2025-04-25",
    "fiscalDateEnding": "2021-12-31"
  },
  {
    "date": "2021-10-26",
    "symbol": "PFG",
    "eps": 1.69,
    "epsEstimated": 1.6,
    "time": "amc",
    "revenue": 3423700000,
    "revenueEstimated": 4023550000,
    "updatedFromDate": "2025-04-25",
    "fiscalDateEnding": "2021-09-30"
  },
  {
    "date": "2021-07-27",
    "symbol": "PFG",
    "eps": 1.7,
    "epsEstimated": 1.51,
    "time": "amc",
    "revenue": 3539400000,
    "revenueEstimated": 4023550000,
    "updatedFromDate": "2025-04-25",
    "fiscalDateEnding": "2021-06-30"
  },
  {
    "date": "2021-04-27",
    "symbol": "PFG",
    "eps": 1.53,
    "epsEstimated": 1.34,
    "time": "amc",
    "revenue": 3208500000,
    "revenueEstimated": 2753563432,
    "updatedFromDate": "2025-04-25",
    "fiscalDateEnding": "2021-03-31"
  },
  {
    "date": "2021-01-28",
    "symbol": "PFG",
    "eps": 1.48,
    "epsEstimated": 1.42,
    "time": "amc",
    "revenue": 3765100000,
    "revenueEstimated": 3606011267,
    "updatedFromDate": "2025-04-25",
    "fiscalDateEnding": "2020-12-31"
  },
  {
    "date": "2020-10-26",
    "symbol": "PFG",
    "eps": 0.85,
    "epsEstimated": 1.39,
    "time": "amc",
    "revenue": 3310700000,
    "revenueEstimated": 5414458823,
    "updatedFromDate": "2025-04-25",
    "fiscalDateEnding": "2020-09-30"
  },
  {
    "date": "2020-07-27",
    "symbol": "PFG",
    "eps": 1.46,
    "epsEstimated": 1.3,
    "time": "amc",
    "revenue": 3114600000,
    "revenueEstimated": 1956589041,
    "updatedFromDate": "2025-04-25",
    "fiscalDateEnding": "2020-06-30"
  },
  {
    "date": "2020-04-27",
    "symbol": "PFG",
    "eps": 1.15,
    "epsEstimated": 1.14,
    "time": "amc",
    "revenue": 4551300000,
    "revenueEstimated": 3406419130,
    "updatedFromDate": "2025-04-25",
    "fiscalDateEnding": "2020-03-31"
  },
  {
    "date": "2020-01-28",
    "symbol": "PFG",
    "eps": 1.41,
    "epsEstimated": 1.41,
    "time": "amc",
    "revenue": 4047200000,
    "revenueEstimated": 3089940425,
    "updatedFromDate": "2025-04-25",
    "fiscalDateEnding": "2019-12-31"
  },
  {
    "date": "2019-10-24",
    "symbol": "PFG",
    "eps": 1.23,
    "epsEstimated": 1.46,
    "time": "amc",
    "revenue": 4458400000,
    "revenueEstimated": 4159456910,
    "updatedFromDate": "2025-04-25",
    "fiscalDateEnding": "2019-09-30"
  },
  {
    "date": "2019-07-25",
    "symbol": "PFG",
    "eps": 1.52,
    "epsEstimated": 1.4,
    "time": "amc",
    "revenue": 3972600000,
    "revenueEstimated": 2707434210,
    "updatedFromDate": "2025-04-25",
    "fiscalDateEnding": "2019-06-30"
  },
  {
    "date": "2019-04-25",
    "symbol": "PFG",
    "eps": 1.43,
    "epsEstimated": 1.31,
    "time": "amc",
    "revenue": 3743900000,
    "revenueEstimated": 2471960839,
    "updatedFromDate": "2025-04-25",
    "fiscalDateEnding": "2019-03-31"
  },
  {
    "date": "2019-01-29",
    "symbol": "PFG",
    "eps": 1.11,
    "epsEstimated": 1.33,
    "time": "amc",
    "revenue": 3770600000,
    "revenueEstimated": 3444997297,
    "updatedFromDate": "2025-04-25",
    "fiscalDateEnding": "2018-12-31"
  },
  {
    "date": "2018-10-25",
    "symbol": "PFG",
    "eps": 1.67,
    "epsEstimated": 1.67,
    "time": "amc",
    "revenue": 4348100000,
    "revenueEstimated": 3434200000,
    "updatedFromDate": "2025-04-25",
    "fiscalDateEnding": "2018-09-30"
  },
  {
    "date": "2018-07-26",
    "symbol": "PFG",
    "eps": 1.35,
    "epsEstimated": 1.37,
    "time": "amc",
    "revenue": 3234900000,
    "revenueEstimated": 2312154074,
    "updatedFromDate": "2025-04-25",
    "fiscalDateEnding": "2018-06-30"
  },
  {
    "date": "2018-04-26",
    "symbol": "PFG",
    "eps": 1.4,
    "epsEstimated": 1.35,
    "time": "amc",
    "revenue": 2883600000,
    "revenueEstimated": 1934839285,
    "updatedFromDate": "2025-04-25",
    "fiscalDateEnding": "2018-03-31"
  },
  {
    "date": "2018-01-29",
    "symbol": "PFG",
    "eps": 1.19,
    "epsEstimated": 1.37,
    "time": "amc",
    "revenue": 3237700000,
    "revenueEstimated": 2763140336,
    "updatedFromDate": "2025-04-25",
    "fiscalDateEnding": "2017-12-31"
  },
  {
    "date": "2017-10-26",
    "symbol": "PFG",
    "eps": 1.28,
    "epsEstimated": 1.29,
    "time": "amc",
    "revenue": 4627800000,
    "revenueEstimated": 3161843750,
    "updatedFromDate": "2025-04-25",
    "fiscalDateEnding": "2017-09-30"
  },
  {
    "date": "2017-07-27",
    "symbol": "PFG",
    "eps": 1.31,
    "epsEstimated": 1.22,
    "time": "amc",
    "revenue": 3178300000,
    "revenueEstimated": 2260758778,
    "updatedFromDate": "2025-04-25",
    "fiscalDateEnding": "2017-06-30"
  },
  {
    "date": "2017-04-27",
    "symbol": "PFG",
    "eps": 1.27,
    "epsEstimated": 1.22,
    "time": "bmo",
    "revenue": 3049400000,
    "revenueEstimated": 2102434645,
    "updatedFromDate": "2025-04-25",
    "fiscalDateEnding": "2017-03-31"
  },
  {
    "date": "2017-01-30",
    "symbol": "PFG",
    "eps": 1.27,
    "epsEstimated": 1.15,
    "time": "amc",
    "revenue": 3513800000,
    "revenueEstimated": 2424688976,
    "updatedFromDate": "2025-04-25",
    "fiscalDateEnding": "2016-12-31"
  },
  {
    "date": "2016-10-27",
    "symbol": "PFG",
    "eps": 1.15,
    "epsEstimated": 1.12,
    "time": "amc",
    "revenue": 2818000000,
    "revenueEstimated": 1867673043,
    "updatedFromDate": "2025-04-25",
    "fiscalDateEnding": "2016-09-30"
  },
  {
    "date": "2016-07-28",
    "symbol": "PFG",
    "eps": 1.15,
    "epsEstimated": 1.06,
    "time": "amc",
    "revenue": 3025700000,
    "revenueEstimated": 2021189565,
    "updatedFromDate": "2025-04-25",
    "fiscalDateEnding": "2016-06-30"
  }
]