[
  {
    "date": "2026-04-22",
    "symbol": "PG",
    "eps": null,
    "epsEstimated": null,
    "time": "bmo",
    "revenue": null,
    "revenueEstimated": null,
    "updatedFromDate": "2025-10-02",
    "fiscalDateEnding": "2026-03-30"
  },
  {
    "date": "2026-01-20",
    "symbol": "PG",
    "eps": null,
    "epsEstimated": null,
    "time": "bmo",
    "revenue": null,
    "revenueEstimated": null,
    "updatedFromDate": "2025-10-02",
    "fiscalDateEnding": "2025-12-30"
  },
  {
    "date": "2025-10-24",
    "symbol": "PG",
    "eps": null,
    "epsEstimated": 1.9,
    "time": "bmo",
    "revenue": null,
    "revenueEstimated": 22214172450,
    "updatedFromDate": "2025-10-02",
    "fiscalDateEnding": "2025-09-30"
  },
  {
    "date": "2025-07-29",
    "symbol": "PG",
    "eps": 1.48,
    "epsEstimated": 1.42,
    "time": "bmo",
    "revenue": 20889000000,
    "revenueEstimated": 20840687151,
    "updatedFromDate": "2025-10-02",
    "fiscalDateEnding": "2025-06-30"
  },
  {
    "date": "2025-04-24",
    "symbol": "PG",
    "eps": 1.54,
    "epsEstimated": 1.52,
    "time": "bmo",
    "revenue": 19776000000,
    "revenueEstimated": 20153978350,
    "updatedFromDate": "2025-07-24",
    "fiscalDateEnding": "2025-03-31"
  },
  {
    "date": "2025-01-22",
    "symbol": "PG",
    "eps": 1.88,
    "epsEstimated": 1.89,
    "time": "bmo",
    "revenue": 21882000000,
    "revenueEstimated": 21578241895,
    "updatedFromDate": "2025-04-25",
    "fiscalDateEnding": "2024-12-31"
  },
  {
    "date": "2024-10-18",
    "symbol": "PG",
    "eps": 1.93,
    "epsEstimated": 1.9,
    "time": "bmo",
    "revenue": 21737000000,
    "revenueEstimated": 21986375700,
    "updatedFromDate": "2025-04-25",
    "fiscalDateEnding": "2024-09-30"
  },
  {
    "date": "2024-07-30",
    "symbol": "PG",
    "eps": 1.4,
    "epsEstimated": 1.37,
    "time": "bmo",
    "revenue": 20532000000,
    "revenueEstimated": 20724628008,
    "updatedFromDate": "2025-04-25",
    "fiscalDateEnding": "2024-06-30"
  },
  {
    "date": "2024-04-19",
    "symbol": "PG",
    "eps": 1.52,
    "epsEstimated": 1.41,
    "time": "bmo",
    "revenue": 20195000000,
    "revenueEstimated": 20434909334,
    "updatedFromDate": "2025-04-25",
    "fiscalDateEnding": "2024-03-31"
  },
  {
    "date": "2024-01-23",
    "symbol": "PG",
    "eps": 1.84,
    "epsEstimated": 1.7,
    "time": "bmo",
    "revenue": 21441000000,
    "revenueEstimated": 21474200000,
    "updatedFromDate": "2025-04-25",
    "fiscalDateEnding": "2023-12-31"
  },
  {
    "date": "2023-10-18",
    "symbol": "PG",
    "eps": 1.83,
    "epsEstimated": 1.72,
    "time": "bmo",
    "revenue": 21871000000,
    "revenueEstimated": 20442500000,
    "updatedFromDate": "2025-04-25",
    "fiscalDateEnding": "2023-09-30"
  },
  {
    "date": "2023-07-28",
    "symbol": "PG",
    "eps": 1.37,
    "epsEstimated": 1.32,
    "time": "bmo",
    "revenue": 20553000000,
    "revenueEstimated": 18037300000,
    "updatedFromDate": "2025-04-25",
    "fiscalDateEnding": "2023-06-30"
  },
  {
    "date": "2023-04-21",
    "symbol": "PG",
    "eps": 1.37,
    "epsEstimated": 1.32,
    "time": "bmo",
    "revenue": 20068000000,
    "revenueEstimated": 19978900000,
    "updatedFromDate": "2025-04-25",
    "fiscalDateEnding": "2023-03-31"
  },
  {
    "date": "2023-01-19",
    "symbol": "PG",
    "eps": 1.59,
    "epsEstimated": 1.59,
    "time": "bmo",
    "revenue": 20773000000,
    "revenueEstimated": 20746292277,
    "updatedFromDate": "2025-04-25",
    "fiscalDateEnding": "2022-12-31"
  },
  {
    "date": "2022-10-19",
    "symbol": "PG",
    "eps": 1.57,
    "epsEstimated": 1.54,
    "time": "bmo",
    "revenue": 20612000000,
    "revenueEstimated": 20365891247,
    "updatedFromDate": "2025-04-25",
    "fiscalDateEnding": "2022-09-30"
  },
  {
    "date": "2022-07-29",
    "symbol": "PG",
    "eps": 1.21,
    "epsEstimated": 1.22,
    "time": "bmo",
    "revenue": 19515000000,
    "revenueEstimated": 19404477493,
    "updatedFromDate": "2025-04-25",
    "fiscalDateEnding": "2022-06-30"
  },
  {
    "date": "2022-04-20",
    "symbol": "PG",
    "eps": 1.33,
    "epsEstimated": 1.29,
    "time": "bmo",
    "revenue": 19381000000,
    "revenueEstimated": 18706106136,
    "updatedFromDate": "2025-04-25",
    "fiscalDateEnding": "2022-03-31"
  },
  {
    "date": "2022-01-19",
    "symbol": "PG",
    "eps": 1.66,
    "epsEstimated": 1.65,
    "time": "bmo",
    "revenue": 20953000000,
    "revenueEstimated": 18769100000,
    "updatedFromDate": "2025-04-25",
    "fiscalDateEnding": "2021-12-31"
  },
  {
    "date": "2021-10-19",
    "symbol": "PG",
    "eps": 1.61,
    "epsEstimated": 1.59,
    "time": "bmo",
    "revenue": 20338000000,
    "revenueEstimated": 19743300000,
    "updatedFromDate": "2025-04-25",
    "fiscalDateEnding": "2021-09-30"
  },
  {
    "date": "2021-07-30",
    "symbol": "PG",
    "eps": 1.13,
    "epsEstimated": 1.08,
    "time": "bmo",
    "revenue": 18946000000,
    "revenueEstimated": 18946000000,
    "updatedFromDate": "2025-04-25",
    "fiscalDateEnding": "2021-06-30"
  },
  {
    "date": "2021-04-20",
    "symbol": "PG",
    "eps": 1.26,
    "epsEstimated": 1.19,
    "time": "bmo",
    "revenue": 18109000000,
    "revenueEstimated": 17043764705,
    "updatedFromDate": "2025-04-25",
    "fiscalDateEnding": "2021-03-31"
  },
  {
    "date": "2021-01-20",
    "symbol": "PG",
    "eps": 1.64,
    "epsEstimated": 1.51,
    "time": "bmo",
    "revenue": 19745000000,
    "revenueEstimated": 18045099337,
    "updatedFromDate": "2025-04-25",
    "fiscalDateEnding": "2020-12-31"
  },
  {
    "date": "2020-10-20",
    "symbol": "PG",
    "eps": 1.63,
    "epsEstimated": 1.42,
    "time": "bmo",
    "revenue": 19318000000,
    "revenueEstimated": 16829177914,
    "updatedFromDate": "2025-04-25",
    "fiscalDateEnding": "2020-09-30"
  },
  {
    "date": "2020-07-30",
    "symbol": "PG",
    "eps": 1.16,
    "epsEstimated": 1.01,
    "time": "bmo",
    "revenue": 17698000000,
    "revenueEstimated": 15409465517,
    "updatedFromDate": "2025-04-25",
    "fiscalDateEnding": "2020-06-30"
  },
  {
    "date": "2020-04-17",
    "symbol": "PG",
    "eps": 1.17,
    "epsEstimated": 1.13,
    "time": "bmo",
    "revenue": 17214000000,
    "revenueEstimated": 16625487179,
    "updatedFromDate": "2025-04-25",
    "fiscalDateEnding": "2020-03-31"
  },
  {
    "date": "2020-01-23",
    "symbol": "PG",
    "eps": 1.42,
    "epsEstimated": 1.37,
    "time": "bmo",
    "revenue": 18240000000,
    "revenueEstimated": 17597746478,
    "updatedFromDate": "2025-04-25",
    "fiscalDateEnding": "2019-12-31"
  },
  {
    "date": "2019-10-22",
    "symbol": "PG",
    "eps": 1.37,
    "epsEstimated": 1.24,
    "time": "bmo",
    "revenue": 17798000000,
    "revenueEstimated": 16109138686,
    "updatedFromDate": "2025-04-25",
    "fiscalDateEnding": "2019-09-30"
  },
  {
    "date": "2019-07-30",
    "symbol": "PG",
    "eps": 1.1,
    "epsEstimated": 1.06,
    "time": "bmo",
    "revenue": 17094000000,
    "revenueEstimated": 16316999999,
    "updatedFromDate": "2025-04-25",
    "fiscalDateEnding": "2019-06-30"
  },
  {
    "date": "2019-04-23",
    "symbol": "PG",
    "eps": 1.06,
    "epsEstimated": 1.03,
    "time": "bmo",
    "revenue": 16462000000,
    "revenueEstimated": 15996094339,
    "updatedFromDate": "2025-04-25",
    "fiscalDateEnding": "2019-03-31"
  },
  {
    "date": "2019-01-23",
    "symbol": "PG",
    "eps": 1.25,
    "epsEstimated": 1.21,
    "time": "bmo",
    "revenue": 17438000000,
    "revenueEstimated": 16879984000,
    "updatedFromDate": "2025-04-25",
    "fiscalDateEnding": "2018-12-31"
  },
  {
    "date": "2018-10-19",
    "symbol": "PG",
    "eps": 1.12,
    "epsEstimated": 1.09,
    "time": "bmo",
    "revenue": 16690000000,
    "revenueEstimated": 16242946428,
    "updatedFromDate": "2025-04-25",
    "fiscalDateEnding": "2018-09-30"
  },
  {
    "date": "2018-07-31",
    "symbol": "PG",
    "eps": 0.94,
    "epsEstimated": 0.9,
    "time": "bmo",
    "revenue": 16503000000,
    "revenueEstimated": 15800744680,
    "updatedFromDate": "2025-04-25",
    "fiscalDateEnding": "2018-06-30"
  },
  {
    "date": "2018-04-19",
    "symbol": "PG",
    "eps": 1,
    "epsEstimated": 0.98,
    "time": "bmo",
    "revenue": 16281000000,
    "revenueEstimated": 15955380000,
    "updatedFromDate": "2025-04-25",
    "fiscalDateEnding": "2018-03-31"
  },
  {
    "date": "2018-01-23",
    "symbol": "PG",
    "eps": 1.19,
    "epsEstimated": 1.14,
    "time": "bmo",
    "revenue": 17395000000,
    "revenueEstimated": 16664117647,
    "updatedFromDate": "2025-04-25",
    "fiscalDateEnding": "2017-12-31"
  },
  {
    "date": "2017-10-20",
    "symbol": "PG",
    "eps": 1.09,
    "epsEstimated": 1.08,
    "time": "bmo",
    "revenue": 16653000000,
    "revenueEstimated": 16500220183,
    "updatedFromDate": "2025-04-25",
    "fiscalDateEnding": "2017-09-30"
  },
  {
    "date": "2017-07-27",
    "symbol": "PG",
    "eps": 0.85,
    "epsEstimated": 0.78,
    "time": "bmo",
    "revenue": 16079000000,
    "revenueEstimated": 14754847058,
    "updatedFromDate": "2025-04-25",
    "fiscalDateEnding": "2017-06-30"
  },
  {
    "date": "2017-04-26",
    "symbol": "PG",
    "eps": 0.96,
    "epsEstimated": 0.94,
    "time": "bmo",
    "revenue": 15605000000,
    "revenueEstimated": 15279895833,
    "updatedFromDate": "2025-04-25",
    "fiscalDateEnding": "2017-03-31"
  },
  {
    "date": "2017-01-20",
    "symbol": "PG",
    "eps": 1.08,
    "epsEstimated": 1.06,
    "time": "bmo",
    "revenue": 16856000000,
    "revenueEstimated": 16543851851,
    "updatedFromDate": "2025-04-25",
    "fiscalDateEnding": "2016-12-31"
  },
  {
    "date": "2016-10-25",
    "symbol": "PG",
    "eps": 1.03,
    "epsEstimated": 0.98,
    "time": "bmo",
    "revenue": 16518000000,
    "revenueEstimated": 15716155339,
    "updatedFromDate": "2025-04-25",
    "fiscalDateEnding": "2016-09-30"
  },
  {
    "date": "2016-08-02",
    "symbol": "PG",
    "eps": 0.79,
    "epsEstimated": 0.74,
    "time": "bmo",
    "revenue": 16102000000,
    "revenueEstimated": 15082886075,
    "updatedFromDate": "2025-04-25",
    "fiscalDateEnding": "2016-06-30"
  }
]