[
  {
    "date": "2026-05-04",
    "symbol": "PGR",
    "eps": null,
    "epsEstimated": null,
    "time": "bmo",
    "revenue": null,
    "revenueEstimated": null,
    "updatedFromDate": "2025-10-02",
    "fiscalDateEnding": "2026-03-30"
  },
  {
    "date": "2025-10-21",
    "symbol": "PGR",
    "eps": null,
    "epsEstimated": 4.89,
    "time": "bmo",
    "revenue": null,
    "revenueEstimated": null,
    "updatedFromDate": "2025-10-02",
    "fiscalDateEnding": "2025-09-30"
  },
  {
    "date": "2025-07-16",
    "symbol": "PGR",
    "eps": 4.88,
    "epsEstimated": 4.48,
    "time": "bmo",
    "revenue": 21995000000,
    "revenueEstimated": 20457615544,
    "updatedFromDate": "2025-10-02",
    "fiscalDateEnding": "2025-06-30"
  },
  {
    "date": "2025-04-16",
    "symbol": "PGR",
    "eps": 4.65,
    "epsEstimated": 4.79,
    "time": "bmo",
    "revenue": 20402000000,
    "revenueEstimated": 21466837235,
    "updatedFromDate": "2025-07-16",
    "fiscalDateEnding": "2025-03-31"
  },
  {
    "date": "2025-01-29",
    "symbol": "PGR",
    "eps": 4.08,
    "epsEstimated": 3.57,
    "time": "bmo",
    "revenue": 20267200000,
    "revenueEstimated": 18297842556,
    "updatedFromDate": "2025-04-29",
    "fiscalDateEnding": "2024-12-31"
  },
  {
    "date": "2024-10-15",
    "symbol": "PGR",
    "eps": 3.59,
    "epsEstimated": 3.67,
    "time": "bmo",
    "revenue": 19711800000,
    "revenueEstimated": 19024800976,
    "updatedFromDate": "2025-04-24",
    "fiscalDateEnding": "2024-09-30"
  },
  {
    "date": "2024-07-16",
    "symbol": "PGR",
    "eps": 2.65,
    "epsEstimated": 2.02,
    "time": "bmo",
    "revenue": 17760900000,
    "revenueEstimated": 17582283921,
    "updatedFromDate": "2025-04-24",
    "fiscalDateEnding": "2024-06-30"
  },
  {
    "date": "2024-05-15",
    "symbol": "PGR",
    "eps": 3.73,
    "epsEstimated": 3.21,
    "time": "bmo",
    "revenue": 17236800000,
    "revenueEstimated": 17336000000,
    "updatedFromDate": "2025-04-24",
    "fiscalDateEnding": "2024-03-31"
  },
  {
    "date": "2024-01-24",
    "symbol": "PGR",
    "eps": 2.97,
    "epsEstimated": 2.43,
    "time": "bmo",
    "revenue": 16883800000,
    "revenueEstimated": 18131500000,
    "updatedFromDate": "2025-04-24",
    "fiscalDateEnding": "2023-12-31"
  },
  {
    "date": "2023-10-13",
    "symbol": "PGR",
    "eps": 2.09,
    "epsEstimated": 1.72,
    "time": "bmo",
    "revenue": 15553400000,
    "revenueEstimated": 14504900000,
    "updatedFromDate": "2025-04-24",
    "fiscalDateEnding": "2023-09-30"
  },
  {
    "date": "2023-07-13",
    "symbol": "PGR",
    "eps": 0.5,
    "epsEstimated": 0.88,
    "time": "bmo",
    "revenue": 15347400000,
    "revenueEstimated": 15328900000,
    "updatedFromDate": "2025-04-24",
    "fiscalDateEnding": "2023-06-30"
  },
  {
    "date": "2023-04-13",
    "symbol": "PGR",
    "eps": 0.63,
    "epsEstimated": 1.37,
    "time": "bmo",
    "revenue": 14297700000,
    "revenueEstimated": 14607500000,
    "updatedFromDate": "2025-04-24",
    "fiscalDateEnding": "2023-03-31"
  },
  {
    "date": "2023-01-25",
    "symbol": "PGR",
    "eps": 1.52,
    "epsEstimated": 1.43,
    "time": "bmo",
    "revenue": 13462900000,
    "revenueEstimated": 12736606244,
    "updatedFromDate": "2025-04-24",
    "fiscalDateEnding": "2022-12-31"
  },
  {
    "date": "2022-10-13",
    "symbol": "PGR",
    "eps": 0.49,
    "epsEstimated": 1.24,
    "time": "bmo",
    "revenue": 12774400000,
    "revenueEstimated": 13288065124,
    "updatedFromDate": "2025-04-24",
    "fiscalDateEnding": "2022-09-30"
  },
  {
    "date": "2022-07-15",
    "symbol": "PGR",
    "eps": 0.95,
    "epsEstimated": 0.95,
    "time": "bmo",
    "revenue": 11513300000,
    "revenueEstimated": 12471675013,
    "updatedFromDate": "2025-04-24",
    "fiscalDateEnding": "2022-06-30"
  },
  {
    "date": "2022-04-14",
    "symbol": "PGR",
    "eps": 1.12,
    "epsEstimated": 1.24,
    "time": "bmo",
    "revenue": 11835800000,
    "revenueEstimated": 12936953754,
    "updatedFromDate": "2025-04-24",
    "fiscalDateEnding": "2022-03-31"
  },
  {
    "date": "2022-01-26",
    "symbol": "PGR",
    "eps": 1.05,
    "epsEstimated": 0.99,
    "time": "bmo",
    "revenue": 12485100000,
    "revenueEstimated": 10772600000,
    "updatedFromDate": "2025-04-24",
    "fiscalDateEnding": "2021-12-31"
  },
  {
    "date": "2021-10-14",
    "symbol": "PGR",
    "eps": 0.14,
    "epsEstimated": 0.21,
    "time": "bmo",
    "revenue": 11852600000,
    "revenueEstimated": 10781200000,
    "updatedFromDate": "2025-04-24",
    "fiscalDateEnding": "2021-09-30"
  },
  {
    "date": "2021-07-15",
    "symbol": "PGR",
    "eps": 1.51,
    "epsEstimated": 1.17,
    "time": "bmo",
    "revenue": 11899200000,
    "revenueEstimated": 11533600000,
    "updatedFromDate": "2025-04-24",
    "fiscalDateEnding": "2021-06-30"
  },
  {
    "date": "2021-04-15",
    "symbol": "PGR",
    "eps": 1.72,
    "epsEstimated": 1.78,
    "time": "bmo",
    "revenue": 11439600000,
    "revenueEstimated": null,
    "updatedFromDate": "2025-04-24",
    "fiscalDateEnding": "2021-03-31"
  },
  {
    "date": "2021-01-27",
    "symbol": "PGR",
    "eps": 1.83,
    "epsEstimated": 1.68,
    "time": "bmo",
    "revenue": 11410300000,
    "revenueEstimated": null,
    "updatedFromDate": "2025-04-24",
    "fiscalDateEnding": "2020-12-31"
  },
  {
    "date": "2020-10-14",
    "symbol": "PGR",
    "eps": 1.87,
    "epsEstimated": 1.69,
    "time": "bmo",
    "revenue": 10942500000,
    "revenueEstimated": 9860973837,
    "updatedFromDate": "2025-04-24",
    "fiscalDateEnding": "2020-09-30"
  },
  {
    "date": "2020-07-15",
    "symbol": "PGR",
    "eps": 1.83,
    "epsEstimated": 1.72,
    "time": "bmo",
    "revenue": 10967200000,
    "revenueEstimated": 9249012500,
    "updatedFromDate": "2025-04-24",
    "fiscalDateEnding": "2020-06-30"
  },
  {
    "date": "2020-04-15",
    "symbol": "PGR",
    "eps": 1.92,
    "epsEstimated": 1.45,
    "time": "bmo",
    "revenue": 9318100000,
    "revenueEstimated": 7668280628,
    "updatedFromDate": "2025-04-24",
    "fiscalDateEnding": "2020-03-31"
  },
  {
    "date": "2020-01-29",
    "symbol": "PGR",
    "eps": 1.81,
    "epsEstimated": 1.14,
    "time": "bmo",
    "revenue": 10734800000,
    "revenueEstimated": 10549717241,
    "updatedFromDate": "2025-04-24",
    "fiscalDateEnding": "2019-12-31"
  },
  {
    "date": "2019-10-16",
    "symbol": "PGR",
    "eps": 1.33,
    "epsEstimated": 1.31,
    "time": "bmo",
    "revenue": 9524600000,
    "revenueEstimated": 9063722556,
    "updatedFromDate": "2025-04-24",
    "fiscalDateEnding": "2019-09-30"
  },
  {
    "date": "2019-07-17",
    "symbol": "PGR",
    "eps": 1.42,
    "epsEstimated": 1.43,
    "time": "bmo",
    "revenue": 9444500000,
    "revenueEstimated": 9072947183,
    "updatedFromDate": "2025-04-24",
    "fiscalDateEnding": "2019-06-30"
  },
  {
    "date": "2019-04-16",
    "symbol": "PGR",
    "eps": 1.33,
    "epsEstimated": 1.37,
    "time": "bmo",
    "revenue": 9293800000,
    "revenueEstimated": 9312332283,
    "updatedFromDate": "2025-04-24",
    "fiscalDateEnding": "2019-03-31"
  },
  {
    "date": "2019-01-23",
    "symbol": "PGR",
    "eps": 0.44,
    "epsEstimated": 1.01,
    "time": "bmo",
    "revenue": 8028800000,
    "revenueEstimated": 6812042741,
    "updatedFromDate": "2025-04-24",
    "fiscalDateEnding": "2018-12-31"
  },
  {
    "date": "2018-10-16",
    "symbol": "PGR",
    "eps": 1.33,
    "epsEstimated": 1.11,
    "time": "bmo",
    "revenue": 8490000000,
    "revenueEstimated": 6817347368,
    "updatedFromDate": "2025-04-24",
    "fiscalDateEnding": "2018-09-30"
  },
  {
    "date": "2018-07-17",
    "symbol": "PGR",
    "eps": 1.15,
    "epsEstimated": 1.11,
    "time": "bmo",
    "revenue": 8011800000,
    "revenueEstimated": 7522035652,
    "updatedFromDate": "2025-04-24",
    "fiscalDateEnding": "2018-06-30"
  },
  {
    "date": "2018-04-17",
    "symbol": "PGR",
    "eps": 1.29,
    "epsEstimated": 1.19,
    "time": "bmo",
    "revenue": 7424100000,
    "revenueEstimated": 6745178294,
    "updatedFromDate": "2025-04-24",
    "fiscalDateEnding": "2018-03-31"
  },
  {
    "date": "2018-01-24",
    "symbol": "PGR",
    "eps": 0.82,
    "epsEstimated": 0.77,
    "time": "bmo",
    "revenue": 7115100000,
    "revenueEstimated": 6552981707,
    "updatedFromDate": "2025-04-24",
    "fiscalDateEnding": "2017-12-31"
  },
  {
    "date": "2017-10-17",
    "symbol": "PGR",
    "eps": 0.41,
    "epsEstimated": 0.34,
    "time": "bmo",
    "revenue": 6786000000,
    "revenueEstimated": 5534204878,
    "updatedFromDate": "2025-04-24",
    "fiscalDateEnding": "2017-09-30"
  },
  {
    "date": "2017-07-18",
    "symbol": "PGR",
    "eps": 0.59,
    "epsEstimated": 0.6,
    "time": "bmo",
    "revenue": 6599100000,
    "revenueEstimated": 6543864406,
    "updatedFromDate": "2025-04-24",
    "fiscalDateEnding": "2017-06-30"
  },
  {
    "date": "2017-04-18",
    "symbol": "PGR",
    "eps": 0.67,
    "epsEstimated": 0.69,
    "time": "bmo",
    "revenue": 6315900000,
    "revenueEstimated": 6323695522,
    "updatedFromDate": "2025-04-24",
    "fiscalDateEnding": "2017-03-31"
  },
  {
    "date": "2017-01-25",
    "symbol": "PGR",
    "eps": 0.63,
    "epsEstimated": 0.51,
    "time": "bmo",
    "revenue": 6122100000,
    "revenueEstimated": 4681605882,
    "updatedFromDate": "2025-04-24",
    "fiscalDateEnding": "2016-12-31"
  },
  {
    "date": "2016-10-13",
    "symbol": "PGR",
    "eps": 0.36,
    "epsEstimated": 0.33,
    "time": "bmo",
    "revenue": 5930200000,
    "revenueEstimated": 5350033333,
    "updatedFromDate": "2025-04-24",
    "fiscalDateEnding": "2016-09-30"
  },
  {
    "date": "2016-07-14",
    "symbol": "PGR",
    "eps": 0.29,
    "epsEstimated": 0.33,
    "time": "bmo",
    "revenue": 5812400000,
    "revenueEstimated": 6452979310,
    "updatedFromDate": "2025-04-24",
    "fiscalDateEnding": "2016-06-30"
  },
  {
    "date": "2016-04-14",
    "symbol": "PGR",
    "eps": 0.42,
    "epsEstimated": 0.5,
    "time": "bmo",
    "revenue": 5552700000,
    "revenueEstimated": 6453928571,
    "updatedFromDate": "2025-04-24",
    "fiscalDateEnding": "2016-03-31"
  }
]