[
  {
    "date": "2026-04-29",
    "symbol": "PH",
    "eps": null,
    "epsEstimated": null,
    "time": "bmo",
    "revenue": null,
    "revenueEstimated": null,
    "updatedFromDate": "2025-10-02",
    "fiscalDateEnding": "2026-03-30"
  },
  {
    "date": "2026-01-28",
    "symbol": "PH",
    "eps": null,
    "epsEstimated": null,
    "time": "bmo",
    "revenue": null,
    "revenueEstimated": null,
    "updatedFromDate": "2025-10-02",
    "fiscalDateEnding": "2025-12-30"
  },
  {
    "date": "2025-10-30",
    "symbol": "PH",
    "eps": null,
    "epsEstimated": 6.74,
    "time": "bmo",
    "revenue": null,
    "revenueEstimated": 4939110380,
    "updatedFromDate": "2025-10-02",
    "fiscalDateEnding": "2025-09-30"
  },
  {
    "date": "2025-08-07",
    "symbol": "PH",
    "eps": 7.69,
    "epsEstimated": 7.1,
    "time": "bmo",
    "revenue": 5243000000,
    "revenueEstimated": 5115101714,
    "updatedFromDate": "2025-10-02",
    "fiscalDateEnding": "2025-06-30"
  },
  {
    "date": "2025-05-01",
    "symbol": "PH",
    "eps": 6.94,
    "epsEstimated": 6.72,
    "time": "bmo",
    "revenue": 4960349000,
    "revenueEstimated": 4987913384,
    "updatedFromDate": "2025-08-01",
    "fiscalDateEnding": "2025-03-31"
  },
  {
    "date": "2025-01-30",
    "symbol": "PH",
    "eps": 6.53,
    "epsEstimated": 6.23,
    "time": "bmo",
    "revenue": 4742593000,
    "revenueEstimated": 4813582082,
    "updatedFromDate": "2025-04-30",
    "fiscalDateEnding": "2024-12-31"
  },
  {
    "date": "2024-10-31",
    "symbol": "PH",
    "eps": 6.2,
    "epsEstimated": 6.14,
    "time": "bmo",
    "revenue": 4903984000,
    "revenueEstimated": 4900077898,
    "updatedFromDate": "2025-04-24",
    "fiscalDateEnding": "2024-09-30"
  },
  {
    "date": "2024-08-08",
    "symbol": "PH",
    "eps": 6.77,
    "epsEstimated": 6.22,
    "time": "bmo",
    "revenue": 5186815000,
    "revenueEstimated": 5082314315,
    "updatedFromDate": "2025-04-24",
    "fiscalDateEnding": "2024-06-30"
  },
  {
    "date": "2024-05-02",
    "symbol": "PH",
    "eps": 6.51,
    "epsEstimated": 6.15,
    "time": "bmo",
    "revenue": 5074356000,
    "revenueEstimated": 5065200012,
    "updatedFromDate": "2025-04-24",
    "fiscalDateEnding": "2024-03-31"
  },
  {
    "date": "2024-02-01",
    "symbol": "PH",
    "eps": 6.15,
    "epsEstimated": 5.26,
    "time": "bmo",
    "revenue": 4820947000,
    "revenueEstimated": 4817997634,
    "updatedFromDate": "2025-04-24",
    "fiscalDateEnding": "2023-12-31"
  },
  {
    "date": "2023-11-02",
    "symbol": "PH",
    "eps": 5.96,
    "epsEstimated": 5.31,
    "time": "bmo",
    "revenue": 4847488000,
    "revenueEstimated": 4875780000,
    "updatedFromDate": "2025-04-24",
    "fiscalDateEnding": "2023-09-30"
  },
  {
    "date": "2023-08-03",
    "symbol": "PH",
    "eps": 6.08,
    "epsEstimated": 5.48,
    "time": "bmo",
    "revenue": 5095943000,
    "revenueEstimated": 5008560000,
    "updatedFromDate": "2025-04-24",
    "fiscalDateEnding": "2023-06-30"
  },
  {
    "date": "2023-05-04",
    "symbol": "PH",
    "eps": 5.93,
    "epsEstimated": 5.01,
    "time": "bmo",
    "revenue": 5061665000,
    "revenueEstimated": 4763690000,
    "updatedFromDate": "2025-04-24",
    "fiscalDateEnding": "2023-03-31"
  },
  {
    "date": "2023-02-02",
    "symbol": "PH",
    "eps": 4.76,
    "epsEstimated": 4.45,
    "time": "bmo",
    "revenue": 4674811000,
    "revenueEstimated": 4441922494,
    "updatedFromDate": "2025-04-24",
    "fiscalDateEnding": "2022-12-31"
  },
  {
    "date": "2022-11-03",
    "symbol": "PH",
    "eps": 4.74,
    "epsEstimated": 4.15,
    "time": "bmo",
    "revenue": 4232775000,
    "revenueEstimated": 3950502582,
    "updatedFromDate": "2025-04-24",
    "fiscalDateEnding": "2022-09-30"
  },
  {
    "date": "2022-08-04",
    "symbol": "PH",
    "eps": 5.16,
    "epsEstimated": 4.67,
    "time": "bmo",
    "revenue": 4187832000,
    "revenueEstimated": 4064644359,
    "updatedFromDate": "2025-04-24",
    "fiscalDateEnding": "2022-06-30"
  },
  {
    "date": "2022-05-05",
    "symbol": "PH",
    "eps": 4.83,
    "epsEstimated": 4.61,
    "time": "bmo",
    "revenue": 4086387000,
    "revenueEstimated": 4063890860,
    "updatedFromDate": "2025-04-24",
    "fiscalDateEnding": "2022-03-31"
  },
  {
    "date": "2022-02-03",
    "symbol": "PH",
    "eps": 4.46,
    "epsEstimated": 3.85,
    "time": "bmo",
    "revenue": 3824580000,
    "revenueEstimated": 3712202593,
    "updatedFromDate": "2025-04-24",
    "fiscalDateEnding": "2021-12-31"
  },
  {
    "date": "2021-11-04",
    "symbol": "PH",
    "eps": 4.26,
    "epsEstimated": 3.68,
    "time": "bmo",
    "revenue": 3762809000,
    "revenueEstimated": 3714220000,
    "updatedFromDate": "2025-04-24",
    "fiscalDateEnding": "2021-09-30"
  },
  {
    "date": "2021-08-05",
    "symbol": "PH",
    "eps": 4.38,
    "epsEstimated": 4.33,
    "time": "bmo",
    "revenue": 3958869000,
    "revenueEstimated": 3958870000,
    "updatedFromDate": "2025-04-24",
    "fiscalDateEnding": "2021-06-30"
  },
  {
    "date": "2021-04-29",
    "symbol": "PH",
    "eps": 4.11,
    "epsEstimated": 3.78,
    "time": "bmo",
    "revenue": 3746326000,
    "revenueEstimated": 3419265793,
    "updatedFromDate": "2025-04-24",
    "fiscalDateEnding": "2021-03-31"
  },
  {
    "date": "2021-02-04",
    "symbol": "PH",
    "eps": 3.44,
    "epsEstimated": 2.6,
    "time": "bmo",
    "revenue": 3411905000,
    "revenueEstimated": 2309597230,
    "updatedFromDate": "2025-04-24",
    "fiscalDateEnding": "2020-12-31"
  },
  {
    "date": "2020-11-05",
    "symbol": "PH",
    "eps": 3.07,
    "epsEstimated": 2.34,
    "time": "bmo",
    "revenue": 3230540000,
    "revenueEstimated": 2462365993,
    "updatedFromDate": "2025-04-24",
    "fiscalDateEnding": "2020-09-30"
  },
  {
    "date": "2020-08-06",
    "symbol": "PH",
    "eps": 2.55,
    "epsEstimated": 1.51,
    "time": "bmo",
    "revenue": 3160603000,
    "revenueEstimated": 2434815522,
    "updatedFromDate": "2025-04-24",
    "fiscalDateEnding": "2020-06-30"
  },
  {
    "date": "2020-04-30",
    "symbol": "PH",
    "eps": 2.92,
    "epsEstimated": 2.27,
    "time": "bmo",
    "revenue": 3702432000,
    "revenueEstimated": 2878260493,
    "updatedFromDate": "2025-04-24",
    "fiscalDateEnding": "2020-03-31"
  },
  {
    "date": "2020-01-30",
    "symbol": "PH",
    "eps": 2.54,
    "epsEstimated": 2.29,
    "time": "bmo",
    "revenue": 3497974000,
    "revenueEstimated": 3126142118,
    "updatedFromDate": "2025-04-24",
    "fiscalDateEnding": "2019-12-31"
  },
  {
    "date": "2019-10-31",
    "symbol": "PH",
    "eps": 2.76,
    "epsEstimated": 2.65,
    "time": "bmo",
    "revenue": 3334511000,
    "revenueEstimated": 3213695384,
    "updatedFromDate": "2025-04-24",
    "fiscalDateEnding": "2019-09-30"
  },
  {
    "date": "2019-08-01",
    "symbol": "PH",
    "eps": 3.31,
    "epsEstimated": 3.11,
    "time": "bmo",
    "revenue": 3681467000,
    "revenueEstimated": 3459021864,
    "updatedFromDate": "2025-04-24",
    "fiscalDateEnding": "2019-06-30"
  },
  {
    "date": "2019-05-02",
    "symbol": "PH",
    "eps": 3.17,
    "epsEstimated": 3.02,
    "time": "bmo",
    "revenue": 3687518000,
    "revenueEstimated": 3513029766,
    "updatedFromDate": "2025-04-24",
    "fiscalDateEnding": "2019-03-31"
  },
  {
    "date": "2019-01-31",
    "symbol": "PH",
    "eps": 2.51,
    "epsEstimated": 2.42,
    "time": "bmo",
    "revenue": 3472045000,
    "revenueEstimated": 3347549362,
    "updatedFromDate": "2025-04-24",
    "fiscalDateEnding": "2018-12-31"
  },
  {
    "date": "2018-11-01",
    "symbol": "PH",
    "eps": 2.84,
    "epsEstimated": 2.53,
    "time": "bmo",
    "revenue": 3479294000,
    "revenueEstimated": 3099517253,
    "updatedFromDate": "2025-04-24",
    "fiscalDateEnding": "2018-09-30"
  },
  {
    "date": "2018-08-02",
    "symbol": "PH",
    "eps": 3.22,
    "epsEstimated": 2.91,
    "time": "bmo",
    "revenue": 3817477000,
    "revenueEstimated": 3449976708,
    "updatedFromDate": "2025-04-24",
    "fiscalDateEnding": "2018-06-30"
  },
  {
    "date": "2018-04-26",
    "symbol": "PH",
    "eps": 2.8,
    "epsEstimated": 2.62,
    "time": "bmo",
    "revenue": 3749591000,
    "revenueEstimated": 3508554285,
    "updatedFromDate": "2025-04-24",
    "fiscalDateEnding": "2018-03-31"
  },
  {
    "date": "2018-02-01",
    "symbol": "PH",
    "eps": 2.15,
    "epsEstimated": 2.06,
    "time": "bmo",
    "revenue": 3370673000,
    "revenueEstimated": 3245278604,
    "updatedFromDate": "2025-04-24",
    "fiscalDateEnding": "2017-12-31"
  },
  {
    "date": "2017-11-02",
    "symbol": "PH",
    "eps": 2.12,
    "epsEstimated": 2.03,
    "time": "bmo",
    "revenue": 3364651000,
    "revenueEstimated": 3064280357,
    "updatedFromDate": "2025-04-24",
    "fiscalDateEnding": "2017-09-30"
  },
  {
    "date": "2017-08-03",
    "symbol": "PH",
    "eps": 2.45,
    "epsEstimated": 2.31,
    "time": "bmo",
    "revenue": 3496238000,
    "revenueEstimated": 3296417142,
    "updatedFromDate": "2025-04-24",
    "fiscalDateEnding": "2017-06-30"
  },
  {
    "date": "2017-04-27",
    "symbol": "PH",
    "eps": 2.11,
    "epsEstimated": 1.86,
    "time": "bmo",
    "revenue": 3119139000,
    "revenueEstimated": 2749538388,
    "updatedFromDate": "2025-04-24",
    "fiscalDateEnding": "2017-03-31"
  },
  {
    "date": "2017-02-02",
    "symbol": "PH",
    "eps": 1.91,
    "epsEstimated": 1.39,
    "time": "bmo",
    "revenue": 2670804000,
    "revenueEstimated": 1943671204,
    "updatedFromDate": "2025-04-24",
    "fiscalDateEnding": "2016-12-31"
  },
  {
    "date": "2016-10-21",
    "symbol": "PH",
    "eps": 1.61,
    "epsEstimated": 1.57,
    "time": "bmo",
    "revenue": 2743131000,
    "revenueEstimated": 2674948447,
    "updatedFromDate": "2025-04-24",
    "fiscalDateEnding": "2016-09-30"
  },
  {
    "date": "2016-08-04",
    "symbol": "PH",
    "eps": 1.9,
    "epsEstimated": 1.76,
    "time": "bmo",
    "revenue": 2957150000,
    "revenueEstimated": 2754865263,
    "updatedFromDate": "2025-04-24",
    "fiscalDateEnding": "2016-06-30"
  }
]