[
  {
    "date": "2026-04-20",
    "symbol": "PHM",
    "eps": null,
    "epsEstimated": null,
    "time": "bmo",
    "revenue": null,
    "revenueEstimated": null,
    "updatedFromDate": "2025-10-02",
    "fiscalDateEnding": "2026-03-30"
  },
  {
    "date": "2026-01-28",
    "symbol": "PHM",
    "eps": null,
    "epsEstimated": null,
    "time": "bmo",
    "revenue": null,
    "revenueEstimated": null,
    "updatedFromDate": "2025-10-02",
    "fiscalDateEnding": "2025-12-30"
  },
  {
    "date": "2025-10-21",
    "symbol": "PHM",
    "eps": null,
    "epsEstimated": 2.86,
    "time": "bmo",
    "revenue": null,
    "revenueEstimated": 4307326110,
    "updatedFromDate": "2025-10-02",
    "fiscalDateEnding": "2025-09-30"
  },
  {
    "date": "2025-07-22",
    "symbol": "PHM",
    "eps": 3.03,
    "epsEstimated": 2.95,
    "time": "bmo",
    "revenue": 4403755000,
    "revenueEstimated": 4377765207,
    "updatedFromDate": "2025-10-02",
    "fiscalDateEnding": "2025-06-30"
  },
  {
    "date": "2025-04-22",
    "symbol": "PHM",
    "eps": 2.57,
    "epsEstimated": 2.43,
    "time": "bmo",
    "revenue": 3892650000,
    "revenueEstimated": 3818613295,
    "updatedFromDate": "2025-07-22",
    "fiscalDateEnding": "2025-03-31"
  },
  {
    "date": "2025-01-30",
    "symbol": "PHM",
    "eps": 3.5,
    "epsEstimated": 3.28,
    "time": "bmo",
    "revenue": 4921794000,
    "revenueEstimated": 4635498619,
    "updatedFromDate": "2025-04-30",
    "fiscalDateEnding": "2024-12-31"
  },
  {
    "date": "2024-10-22",
    "symbol": "PHM",
    "eps": 3.35,
    "epsEstimated": 3.11,
    "time": "bmo",
    "revenue": 4476342000,
    "revenueEstimated": 4273013594,
    "updatedFromDate": "2025-04-21",
    "fiscalDateEnding": "2024-09-30"
  },
  {
    "date": "2024-07-23",
    "symbol": "PHM",
    "eps": 3.77,
    "epsEstimated": 3.27,
    "time": "bmo",
    "revenue": 4599655000,
    "revenueEstimated": 4492018269,
    "updatedFromDate": "2025-04-21",
    "fiscalDateEnding": "2024-06-30"
  },
  {
    "date": "2024-04-23",
    "symbol": "PHM",
    "eps": 2.96,
    "epsEstimated": 2.36,
    "time": "bmo",
    "revenue": 3949160000,
    "revenueEstimated": 3580904481,
    "updatedFromDate": "2025-04-21",
    "fiscalDateEnding": "2024-03-31"
  },
  {
    "date": "2024-01-30",
    "symbol": "PHM",
    "eps": 3.28,
    "epsEstimated": 3.22,
    "time": "bmo",
    "revenue": 4293652000,
    "revenueEstimated": 4476140000,
    "updatedFromDate": "2025-04-21",
    "fiscalDateEnding": "2023-12-31"
  },
  {
    "date": "2023-10-24",
    "symbol": "PHM",
    "eps": 2.91,
    "epsEstimated": 2.84,
    "time": "bmo",
    "revenue": 4003533000,
    "revenueEstimated": 4015530000,
    "updatedFromDate": "2025-04-21",
    "fiscalDateEnding": "2023-09-30"
  },
  {
    "date": "2023-07-25",
    "symbol": "PHM",
    "eps": 3,
    "epsEstimated": 2.51,
    "time": "bmo",
    "revenue": 4188753000,
    "revenueEstimated": 3994640000,
    "updatedFromDate": "2025-04-21",
    "fiscalDateEnding": "2023-06-30"
  },
  {
    "date": "2023-04-25",
    "symbol": "PHM",
    "eps": 2.35,
    "epsEstimated": 1.81,
    "time": "bmo",
    "revenue": 3575641000,
    "revenueEstimated": 3273310000,
    "updatedFromDate": "2025-04-21",
    "fiscalDateEnding": "2023-03-31"
  },
  {
    "date": "2023-01-31",
    "symbol": "PHM",
    "eps": 3.63,
    "epsEstimated": 2.93,
    "time": "bmo",
    "revenue": 5171378000,
    "revenueEstimated": 4583532391,
    "updatedFromDate": "2025-04-21",
    "fiscalDateEnding": "2022-12-31"
  },
  {
    "date": "2022-10-25",
    "symbol": "PHM",
    "eps": 2.69,
    "epsEstimated": 2.82,
    "time": "bmo",
    "revenue": 3943816000,
    "revenueEstimated": 4033506504,
    "updatedFromDate": "2025-04-21",
    "fiscalDateEnding": "2022-09-30"
  },
  {
    "date": "2022-07-26",
    "symbol": "PHM",
    "eps": 2.73,
    "epsEstimated": 2.63,
    "time": "bmo",
    "revenue": 3926186000,
    "revenueEstimated": 4055610214,
    "updatedFromDate": "2025-04-21",
    "fiscalDateEnding": "2022-06-30"
  },
  {
    "date": "2022-04-28",
    "symbol": "PHM",
    "eps": 1.83,
    "epsEstimated": 1.71,
    "time": "bmo",
    "revenue": 3187615000,
    "revenueEstimated": 3071925948,
    "updatedFromDate": "2025-04-21",
    "fiscalDateEnding": "2022-03-31"
  },
  {
    "date": "2022-02-01",
    "symbol": "PHM",
    "eps": 2.51,
    "epsEstimated": 2.31,
    "time": "bmo",
    "revenue": 4358558000,
    "revenueEstimated": 4205692586,
    "updatedFromDate": "2025-04-21",
    "fiscalDateEnding": "2021-12-31"
  },
  {
    "date": "2021-10-26",
    "symbol": "PHM",
    "eps": 1.82,
    "epsEstimated": 1.79,
    "time": "bmo",
    "revenue": 3479050000,
    "revenueEstimated": 3551210000,
    "updatedFromDate": "2025-04-21",
    "fiscalDateEnding": "2021-09-30"
  },
  {
    "date": "2021-07-27",
    "symbol": "PHM",
    "eps": 1.72,
    "epsEstimated": 1.74,
    "time": "bmo",
    "revenue": 3359484000,
    "revenueEstimated": 3721160000,
    "updatedFromDate": "2025-04-21",
    "fiscalDateEnding": "2021-06-30"
  },
  {
    "date": "2021-04-27",
    "symbol": "PHM",
    "eps": 1.28,
    "epsEstimated": 1.2,
    "time": "bmo",
    "revenue": 2729791000,
    "revenueEstimated": 2925640000,
    "updatedFromDate": "2025-04-21",
    "fiscalDateEnding": "2021-03-31"
  },
  {
    "date": "2021-01-28",
    "symbol": "PHM",
    "eps": 1.62,
    "epsEstimated": 1.4,
    "time": "bmo",
    "revenue": 3192363000,
    "revenueEstimated": 2690706799,
    "updatedFromDate": "2025-04-21",
    "fiscalDateEnding": "2020-12-31"
  },
  {
    "date": "2020-10-22",
    "symbol": "PHM",
    "eps": 1.34,
    "epsEstimated": 1.12,
    "time": "bmo",
    "revenue": 2954957000,
    "revenueEstimated": 2149059636,
    "updatedFromDate": "2025-04-21",
    "fiscalDateEnding": "2020-09-30"
  },
  {
    "date": "2020-07-23",
    "symbol": "PHM",
    "eps": 1.15,
    "epsEstimated": 0.87,
    "time": "bmo",
    "revenue": 2593781000,
    "revenueEstimated": 1749294162,
    "updatedFromDate": "2025-04-21",
    "fiscalDateEnding": "2020-06-30"
  },
  {
    "date": "2020-04-23",
    "symbol": "PHM",
    "eps": 0.74,
    "epsEstimated": 0.7,
    "time": "bmo",
    "revenue": 2294980000,
    "revenueEstimated": 2170927027,
    "updatedFromDate": "2025-04-21",
    "fiscalDateEnding": "2020-03-31"
  },
  {
    "date": "2020-01-28",
    "symbol": "PHM",
    "eps": 1.14,
    "epsEstimated": 1.09,
    "time": "bmo",
    "revenue": 3016913000,
    "revenueEstimated": 2695438663,
    "updatedFromDate": "2025-04-21",
    "fiscalDateEnding": "2019-12-31"
  },
  {
    "date": "2019-10-22",
    "symbol": "PHM",
    "eps": 1.01,
    "epsEstimated": 0.92,
    "time": "bmo",
    "revenue": 2710365000,
    "revenueEstimated": 2518723030,
    "updatedFromDate": "2025-04-21",
    "fiscalDateEnding": "2019-09-30"
  },
  {
    "date": "2019-07-23",
    "symbol": "PHM",
    "eps": 0.86,
    "epsEstimated": 0.83,
    "time": "bmo",
    "revenue": 2488985000,
    "revenueEstimated": 4329201825,
    "updatedFromDate": "2025-04-21",
    "fiscalDateEnding": "2019-06-30"
  },
  {
    "date": "2019-04-23",
    "symbol": "PHM",
    "eps": 0.59,
    "epsEstimated": 0.47,
    "time": "bmo",
    "revenue": 1996693000,
    "revenueEstimated": 1590586745,
    "updatedFromDate": "2025-04-21",
    "fiscalDateEnding": "2019-03-31"
  },
  {
    "date": "2019-01-29",
    "symbol": "PHM",
    "eps": 1.11,
    "epsEstimated": 1.09,
    "time": "bmo",
    "revenue": 2999150000,
    "revenueEstimated": 3927458333,
    "updatedFromDate": "2025-04-21",
    "fiscalDateEnding": "2018-12-31"
  },
  {
    "date": "2018-10-23",
    "symbol": "PHM",
    "eps": 1.01,
    "epsEstimated": 0.95,
    "time": "bmo",
    "revenue": 2649366000,
    "revenueEstimated": 2492009900,
    "updatedFromDate": "2025-04-21",
    "fiscalDateEnding": "2018-09-30"
  },
  {
    "date": "2018-07-26",
    "symbol": "PHM",
    "eps": 1.06,
    "epsEstimated": 0.75,
    "time": "bmo",
    "revenue": 2569722000,
    "revenueEstimated": 1720781249,
    "updatedFromDate": "2025-04-21",
    "fiscalDateEnding": "2018-06-30"
  },
  {
    "date": "2018-04-24",
    "symbol": "PHM",
    "eps": 0.59,
    "epsEstimated": 0.45,
    "time": "bmo",
    "revenue": 1970093000,
    "revenueEstimated": 1502618644,
    "updatedFromDate": "2025-04-21",
    "fiscalDateEnding": "2018-03-31"
  },
  {
    "date": "2018-01-30",
    "symbol": "PHM",
    "eps": 0.85,
    "epsEstimated": 0.84,
    "time": "bmo",
    "revenue": 2793557000,
    "revenueEstimated": 2698363636,
    "updatedFromDate": "2025-04-21",
    "fiscalDateEnding": "2017-12-31"
  },
  {
    "date": "2017-10-24",
    "symbol": "PHM",
    "eps": 0.58,
    "epsEstimated": 0.59,
    "time": "bmo",
    "revenue": 2130019000,
    "revenueEstimated": 2167843103,
    "updatedFromDate": "2025-04-21",
    "fiscalDateEnding": "2017-09-30"
  },
  {
    "date": "2017-07-25",
    "symbol": "PHM",
    "eps": 0.47,
    "epsEstimated": 0.45,
    "time": "bmo",
    "revenue": 2020846000,
    "revenueEstimated": 2590559375,
    "updatedFromDate": "2025-04-21",
    "fiscalDateEnding": "2017-06-30"
  },
  {
    "date": "2017-04-25",
    "symbol": "PHM",
    "eps": 0.31,
    "epsEstimated": 0.29,
    "time": "bmo",
    "revenue": 1628828000,
    "revenueEstimated": 1688110714,
    "updatedFromDate": "2025-04-21",
    "fiscalDateEnding": "2017-03-31"
  },
  {
    "date": "2017-01-26",
    "symbol": "PHM",
    "eps": 0.67,
    "epsEstimated": 0.59,
    "time": "bmo",
    "revenue": 2493078000,
    "revenueEstimated": 1772203614,
    "updatedFromDate": "2025-04-21",
    "fiscalDateEnding": "2016-12-31"
  },
  {
    "date": "2016-10-20",
    "symbol": "PHM",
    "eps": 0.43,
    "epsEstimated": 0.43,
    "time": "bmo",
    "revenue": 1942905000,
    "revenueEstimated": 2310475675,
    "updatedFromDate": "2025-04-21",
    "fiscalDateEnding": "2016-09-30"
  },
  {
    "date": "2016-07-21",
    "symbol": "PHM",
    "eps": 0.37,
    "epsEstimated": 0.32,
    "time": "bmo",
    "revenue": 1799914000,
    "revenueEstimated": 1694023529,
    "updatedFromDate": "2025-04-21",
    "fiscalDateEnding": "2016-06-30"
  }
]