[
  {
    "date": "2026-04-20",
    "symbol": "PKG",
    "eps": null,
    "epsEstimated": null,
    "time": "amc",
    "revenue": null,
    "revenueEstimated": null,
    "updatedFromDate": "2025-10-02",
    "fiscalDateEnding": "2026-03-30"
  },
  {
    "date": "2026-01-26",
    "symbol": "PKG",
    "eps": null,
    "epsEstimated": null,
    "time": "amc",
    "revenue": null,
    "revenueEstimated": null,
    "updatedFromDate": "2025-10-02",
    "fiscalDateEnding": "2025-12-30"
  },
  {
    "date": "2025-10-22",
    "symbol": "PKG",
    "eps": null,
    "epsEstimated": 2.84,
    "time": "amc",
    "revenue": null,
    "revenueEstimated": 2290032440,
    "updatedFromDate": "2025-10-02",
    "fiscalDateEnding": "2025-09-30"
  },
  {
    "date": "2025-07-23",
    "symbol": "PKG",
    "eps": 2.48,
    "epsEstimated": 2.44,
    "time": "amc",
    "revenue": 2171300000,
    "revenueEstimated": 2189555206,
    "updatedFromDate": "2025-10-02",
    "fiscalDateEnding": "2025-06-30"
  },
  {
    "date": "2025-04-22",
    "symbol": "PKG",
    "eps": 2.31,
    "epsEstimated": 2.21,
    "time": "amc",
    "revenue": 2141000000,
    "revenueEstimated": 2108357865,
    "updatedFromDate": "2025-07-22",
    "fiscalDateEnding": "2025-03-31"
  },
  {
    "date": "2025-01-28",
    "symbol": "PKG",
    "eps": 2.47,
    "epsEstimated": 2.53,
    "time": "amc",
    "revenue": 2146100000,
    "revenueEstimated": 2130184581,
    "updatedFromDate": "2025-04-28",
    "fiscalDateEnding": "2024-12-31"
  },
  {
    "date": "2024-10-22",
    "symbol": "PKG",
    "eps": 2.65,
    "epsEstimated": 2.5,
    "time": "amc",
    "revenue": 2182400000,
    "revenueEstimated": 2094465323,
    "updatedFromDate": "2025-04-24",
    "fiscalDateEnding": "2024-09-30"
  },
  {
    "date": "2024-07-23",
    "symbol": "PKG",
    "eps": 2.2,
    "epsEstimated": 2.14,
    "time": "amc",
    "revenue": 2075300000,
    "revenueEstimated": 2024715825,
    "updatedFromDate": "2025-04-24",
    "fiscalDateEnding": "2024-06-30"
  },
  {
    "date": "2024-04-22",
    "symbol": "PKG",
    "eps": 1.72,
    "epsEstimated": 1.68,
    "time": "amc",
    "revenue": 1979500000,
    "revenueEstimated": 1909347685,
    "updatedFromDate": "2025-04-24",
    "fiscalDateEnding": "2024-03-31"
  },
  {
    "date": "2024-01-24",
    "symbol": "PKG",
    "eps": 2.13,
    "epsEstimated": 1.83,
    "time": "amc",
    "revenue": 1937900000,
    "revenueEstimated": 1906570000,
    "updatedFromDate": "2025-04-24",
    "fiscalDateEnding": "2023-12-31"
  },
  {
    "date": "2023-10-23",
    "symbol": "PKG",
    "eps": 2.05,
    "epsEstimated": 1.93,
    "time": "amc",
    "revenue": 1936000000,
    "revenueEstimated": 1993520000,
    "updatedFromDate": "2025-04-24",
    "fiscalDateEnding": "2023-09-30"
  },
  {
    "date": "2023-07-24",
    "symbol": "PKG",
    "eps": 2.31,
    "epsEstimated": 1.92,
    "time": "amc",
    "revenue": 1952100000,
    "revenueEstimated": 1953250000,
    "updatedFromDate": "2025-04-24",
    "fiscalDateEnding": "2023-06-30"
  },
  {
    "date": "2023-04-24",
    "symbol": "PKG",
    "eps": 2.2,
    "epsEstimated": 2.27,
    "time": "amc",
    "revenue": 1976300000,
    "revenueEstimated": 2123160000,
    "updatedFromDate": "2025-04-24",
    "fiscalDateEnding": "2023-03-31"
  },
  {
    "date": "2023-01-25",
    "symbol": "PKG",
    "eps": 2.35,
    "epsEstimated": 2.23,
    "time": "amc",
    "revenue": 1978400000,
    "revenueEstimated": 2042146614,
    "updatedFromDate": "2025-04-24",
    "fiscalDateEnding": "2022-12-31"
  },
  {
    "date": "2022-10-24",
    "symbol": "PKG",
    "eps": 2.83,
    "epsEstimated": 2.81,
    "time": "amc",
    "revenue": 2125900000,
    "revenueEstimated": 2196250391,
    "updatedFromDate": "2025-04-24",
    "fiscalDateEnding": "2022-09-30"
  },
  {
    "date": "2022-07-25",
    "symbol": "PKG",
    "eps": 3.23,
    "epsEstimated": 2.85,
    "time": "amc",
    "revenue": 2237300000,
    "revenueEstimated": 2141190819,
    "updatedFromDate": "2025-04-24",
    "fiscalDateEnding": "2022-06-30"
  },
  {
    "date": "2022-04-25",
    "symbol": "PKG",
    "eps": 2.72,
    "epsEstimated": 2.52,
    "time": "amc",
    "revenue": 2136400000,
    "revenueEstimated": 2045662671,
    "updatedFromDate": "2025-04-24",
    "fiscalDateEnding": "2022-03-31"
  },
  {
    "date": "2022-01-26",
    "symbol": "PKG",
    "eps": 2.76,
    "epsEstimated": 2.07,
    "time": "amc",
    "revenue": 2043100000,
    "revenueEstimated": 2041280000,
    "updatedFromDate": "2025-04-24",
    "fiscalDateEnding": "2021-12-31"
  },
  {
    "date": "2021-10-25",
    "symbol": "PKG",
    "eps": 2.69,
    "epsEstimated": 2.34,
    "time": "amc",
    "revenue": 2000100000,
    "revenueEstimated": 1930210000,
    "updatedFromDate": "2025-04-24",
    "fiscalDateEnding": "2021-09-30"
  },
  {
    "date": "2021-07-26",
    "symbol": "PKG",
    "eps": 2.17,
    "epsEstimated": 1.78,
    "time": "amc",
    "revenue": 1879900000,
    "revenueEstimated": 1934170000,
    "updatedFromDate": "2025-04-24",
    "fiscalDateEnding": "2021-06-30"
  },
  {
    "date": "2021-04-26",
    "symbol": "PKG",
    "eps": 1.77,
    "epsEstimated": 1.46,
    "time": "amc",
    "revenue": 1807200000,
    "revenueEstimated": 1719640000,
    "updatedFromDate": "2025-04-24",
    "fiscalDateEnding": "2021-03-31"
  },
  {
    "date": "2021-01-27",
    "symbol": "PKG",
    "eps": 1.33,
    "epsEstimated": 1.42,
    "time": "amc",
    "revenue": 1714200000,
    "revenueEstimated": 1822846478,
    "updatedFromDate": "2025-04-24",
    "fiscalDateEnding": "2020-12-31"
  },
  {
    "date": "2020-10-26",
    "symbol": "PKG",
    "eps": 1.57,
    "epsEstimated": 1.42,
    "time": "amc",
    "revenue": 1693700000,
    "revenueEstimated": 1531248407,
    "updatedFromDate": "2025-04-24",
    "fiscalDateEnding": "2020-09-30"
  },
  {
    "date": "2020-07-28",
    "symbol": "PKG",
    "eps": 1.38,
    "epsEstimated": 1.28,
    "time": "amc",
    "revenue": 1541600000,
    "revenueEstimated": 1429889855,
    "updatedFromDate": "2025-04-24",
    "fiscalDateEnding": "2020-06-30"
  },
  {
    "date": "2020-04-27",
    "symbol": "PKG",
    "eps": 1.5,
    "epsEstimated": 1.22,
    "time": "amc",
    "revenue": 1708700000,
    "revenueEstimated": 1389742666,
    "updatedFromDate": "2025-04-24",
    "fiscalDateEnding": "2020-03-31"
  },
  {
    "date": "2020-01-29",
    "symbol": "PKG",
    "eps": 1.71,
    "epsEstimated": 1.7,
    "time": "amc",
    "revenue": 1720000000,
    "revenueEstimated": 1709941520,
    "updatedFromDate": "2025-04-24",
    "fiscalDateEnding": "2019-12-31"
  },
  {
    "date": "2019-10-23",
    "symbol": "PKG",
    "eps": 1.92,
    "epsEstimated": 1.9,
    "time": "amc",
    "revenue": 1750700000,
    "revenueEstimated": 1741581770,
    "updatedFromDate": "2025-04-24",
    "fiscalDateEnding": "2019-09-30"
  },
  {
    "date": "2019-07-24",
    "symbol": "PKG",
    "eps": 2.04,
    "epsEstimated": 2.03,
    "time": "amc",
    "revenue": 1759900000,
    "revenueEstimated": 1751273039,
    "updatedFromDate": "2025-04-24",
    "fiscalDateEnding": "2019-06-30"
  },
  {
    "date": "2019-04-24",
    "symbol": "PKG",
    "eps": 1.98,
    "epsEstimated": 1.96,
    "time": "amc",
    "revenue": 1733700000,
    "revenueEstimated": 1716187878,
    "updatedFromDate": "2025-04-24",
    "fiscalDateEnding": "2019-03-31"
  },
  {
    "date": "2019-01-29",
    "symbol": "PKG",
    "eps": 2.17,
    "epsEstimated": 2.14,
    "time": "amc",
    "revenue": 1746600000,
    "revenueEstimated": 1722354838,
    "updatedFromDate": "2025-04-24",
    "fiscalDateEnding": "2018-12-31"
  },
  {
    "date": "2018-10-24",
    "symbol": "PKG",
    "eps": 2.23,
    "epsEstimated": 2.15,
    "time": "amc",
    "revenue": 1809900000,
    "revenueEstimated": 1744970852,
    "updatedFromDate": "2025-04-24",
    "fiscalDateEnding": "2018-09-30"
  },
  {
    "date": "2018-07-25",
    "symbol": "PKG",
    "eps": 2.08,
    "epsEstimated": 1.97,
    "time": "amc",
    "revenue": 1767500000,
    "revenueEstimated": 1674026442,
    "updatedFromDate": "2025-04-24",
    "fiscalDateEnding": "2018-06-30"
  },
  {
    "date": "2018-04-24",
    "symbol": "PKG",
    "eps": 1.55,
    "epsEstimated": 1.53,
    "time": "amc",
    "revenue": 1690600000,
    "revenueEstimated": 1668785806,
    "updatedFromDate": "2025-04-24",
    "fiscalDateEnding": "2018-03-31"
  },
  {
    "date": "2018-01-30",
    "symbol": "PKG",
    "eps": 1.56,
    "epsEstimated": 1.51,
    "time": "amc",
    "revenue": 1684300000,
    "revenueEstimated": 1630316025,
    "updatedFromDate": "2025-04-24",
    "fiscalDateEnding": "2017-12-31"
  },
  {
    "date": "2017-10-25",
    "symbol": "PKG",
    "eps": 1.68,
    "epsEstimated": 1.68,
    "time": "amc",
    "revenue": 1640100000,
    "revenueEstimated": 1640100000,
    "updatedFromDate": "2025-04-24",
    "fiscalDateEnding": "2017-09-30"
  },
  {
    "date": "2017-07-26",
    "symbol": "PKG",
    "eps": 1.52,
    "epsEstimated": 1.47,
    "time": "amc",
    "revenue": 1584000000,
    "revenueEstimated": 1531894736,
    "updatedFromDate": "2025-04-24",
    "fiscalDateEnding": "2017-06-30"
  },
  {
    "date": "2017-04-26",
    "symbol": "PKG",
    "eps": 1.27,
    "epsEstimated": 1.23,
    "time": "amc",
    "revenue": 1536500000,
    "revenueEstimated": 1488106299,
    "updatedFromDate": "2025-04-24",
    "fiscalDateEnding": "2017-03-31"
  },
  {
    "date": "2017-01-30",
    "symbol": "PKG",
    "eps": 1.23,
    "epsEstimated": 1.15,
    "time": "amc",
    "revenue": 1476600000,
    "revenueEstimated": 1380560975,
    "updatedFromDate": "2025-04-24",
    "fiscalDateEnding": "2016-12-31"
  },
  {
    "date": "2016-10-19",
    "symbol": "PKG",
    "eps": 1.3,
    "epsEstimated": 1.31,
    "time": "amc",
    "revenue": 1484000000,
    "revenueEstimated": 1495415384,
    "updatedFromDate": "2025-04-24",
    "fiscalDateEnding": "2016-09-30"
  },
  {
    "date": "2016-07-20",
    "symbol": "PKG",
    "eps": 1.25,
    "epsEstimated": 1.18,
    "time": "amc",
    "revenue": 1417400000,
    "revenueEstimated": 1338025600,
    "updatedFromDate": "2025-04-24",
    "fiscalDateEnding": "2016-06-30"
  }
]