[
  {
    "date": "2026-04-14",
    "symbol": "PLD",
    "eps": null,
    "epsEstimated": null,
    "time": "bmo",
    "revenue": null,
    "revenueEstimated": null,
    "updatedFromDate": "2025-10-02",
    "fiscalDateEnding": "2026-03-30"
  },
  {
    "date": "2026-01-19",
    "symbol": "PLD",
    "eps": null,
    "epsEstimated": null,
    "time": "bmo",
    "revenue": null,
    "revenueEstimated": null,
    "updatedFromDate": "2025-10-02",
    "fiscalDateEnding": "2025-12-30"
  },
  {
    "date": "2025-10-15",
    "symbol": "PLD",
    "eps": null,
    "epsEstimated": 1.44,
    "time": "bmo",
    "revenue": null,
    "revenueEstimated": 2030662070,
    "updatedFromDate": "2025-10-02",
    "fiscalDateEnding": "2025-09-30"
  },
  {
    "date": "2025-07-16",
    "symbol": "PLD",
    "eps": 1.46,
    "epsEstimated": 1.41,
    "time": "bmo",
    "revenue": 2183869000,
    "revenueEstimated": 2030662070,
    "updatedFromDate": "2025-10-02",
    "fiscalDateEnding": "2025-06-30"
  },
  {
    "date": "2025-04-16",
    "symbol": "PLD",
    "eps": 1.42,
    "epsEstimated": 1.38,
    "time": "bmo",
    "revenue": 2139665000,
    "revenueEstimated": 2013394120,
    "updatedFromDate": "2025-07-16",
    "fiscalDateEnding": "2025-03-31"
  },
  {
    "date": "2025-01-21",
    "symbol": "PLD",
    "eps": 1.5,
    "epsEstimated": 1.38,
    "time": "bmo",
    "revenue": 2200646000,
    "revenueEstimated": 1992286410,
    "updatedFromDate": "2025-04-22",
    "fiscalDateEnding": "2024-12-31"
  },
  {
    "date": "2024-10-16",
    "symbol": "PLD",
    "eps": 1.08,
    "epsEstimated": 0.63,
    "time": "bmo",
    "revenue": 2036389000,
    "revenueEstimated": 1946480000,
    "updatedFromDate": "2025-04-22",
    "fiscalDateEnding": "2024-09-30"
  },
  {
    "date": "2024-07-17",
    "symbol": "PLD",
    "eps": 1.34,
    "epsEstimated": 1.33,
    "time": "bmo",
    "revenue": 2007954000,
    "revenueEstimated": 1874950000,
    "updatedFromDate": "2025-04-22",
    "fiscalDateEnding": "2024-06-30"
  },
  {
    "date": "2024-04-17",
    "symbol": "PLD",
    "eps": 1.28,
    "epsEstimated": 1.28,
    "time": "bmo",
    "revenue": 1956621000,
    "revenueEstimated": 1865170000,
    "updatedFromDate": "2025-04-22",
    "fiscalDateEnding": "2024-03-31"
  },
  {
    "date": "2024-01-17",
    "symbol": "PLD",
    "eps": 1.26,
    "epsEstimated": 1.26,
    "time": "bmo",
    "revenue": 1889247000,
    "revenueEstimated": 1806320000,
    "updatedFromDate": "2025-04-22",
    "fiscalDateEnding": "2023-12-31"
  },
  {
    "date": "2023-10-17",
    "symbol": "PLD",
    "eps": 1.3,
    "epsEstimated": 1.26,
    "time": "bmo",
    "revenue": 1914664000,
    "revenueEstimated": 1738920000,
    "updatedFromDate": "2025-04-22",
    "fiscalDateEnding": "2023-09-30"
  },
  {
    "date": "2023-07-18",
    "symbol": "PLD",
    "eps": 1.31,
    "epsEstimated": 1,
    "time": "bmo",
    "revenue": 2450971000,
    "revenueEstimated": 1690680000,
    "updatedFromDate": "2025-04-22",
    "fiscalDateEnding": "2023-06-30"
  },
  {
    "date": "2023-04-18",
    "symbol": "PLD",
    "eps": 1.22,
    "epsEstimated": 1.21,
    "time": "bmo",
    "revenue": 1768587000,
    "revenueEstimated": 1624230000,
    "updatedFromDate": "2025-04-22",
    "fiscalDateEnding": "2023-03-31"
  },
  {
    "date": "2023-01-18",
    "symbol": "PLD",
    "eps": 1.24,
    "epsEstimated": 1.21,
    "time": "bmo",
    "revenue": 1751592000,
    "revenueEstimated": 1419029659,
    "updatedFromDate": "2025-04-22",
    "fiscalDateEnding": "2022-12-31"
  },
  {
    "date": "2022-10-19",
    "symbol": "PLD",
    "eps": 1.36,
    "epsEstimated": 1.22,
    "time": "bmo",
    "revenue": 1750892000,
    "revenueEstimated": 1150434268,
    "updatedFromDate": "2025-04-22",
    "fiscalDateEnding": "2022-09-30"
  },
  {
    "date": "2022-07-18",
    "symbol": "PLD",
    "eps": 0.82,
    "epsEstimated": 0.62,
    "time": "bmo",
    "revenue": 1252080000,
    "revenueEstimated": 1105601783,
    "updatedFromDate": "2025-04-22",
    "fiscalDateEnding": "2022-06-30"
  },
  {
    "date": "2022-04-19",
    "symbol": "PLD",
    "eps": 1.09,
    "epsEstimated": 1.08,
    "time": "bmo",
    "revenue": 1219128000,
    "revenueEstimated": 1084641265,
    "updatedFromDate": "2025-04-22",
    "fiscalDateEnding": "2022-03-31"
  },
  {
    "date": "2022-01-19",
    "symbol": "PLD",
    "eps": 1.12,
    "epsEstimated": 1.1,
    "time": "bmo",
    "revenue": 1277233000,
    "revenueEstimated": 1103910000,
    "updatedFromDate": "2025-04-22",
    "fiscalDateEnding": "2021-12-31"
  },
  {
    "date": "2021-10-15",
    "symbol": "PLD",
    "eps": 0.97,
    "epsEstimated": 0.52,
    "time": "bmo",
    "revenue": 1183049000,
    "revenueEstimated": 1032000000,
    "updatedFromDate": "2025-04-22",
    "fiscalDateEnding": "2021-09-30"
  },
  {
    "date": "2021-07-19",
    "symbol": "PLD",
    "eps": 0.81,
    "epsEstimated": 0.44,
    "time": "bmo",
    "revenue": 1150842000,
    "revenueEstimated": 1024400000,
    "updatedFromDate": "2025-04-22",
    "fiscalDateEnding": "2021-06-30"
  },
  {
    "date": "2021-04-19",
    "symbol": "PLD",
    "eps": 0.97,
    "epsEstimated": 0.94,
    "time": "bmo",
    "revenue": 1148316000,
    "revenueEstimated": 1008370000,
    "updatedFromDate": "2025-04-22",
    "fiscalDateEnding": "2021-03-31"
  },
  {
    "date": "2021-01-26",
    "symbol": "PLD",
    "eps": 0.95,
    "epsEstimated": 0.92,
    "time": "bmo",
    "revenue": 1111597000,
    "revenueEstimated": 1049841611,
    "updatedFromDate": "2025-04-22",
    "fiscalDateEnding": "2020-12-31"
  },
  {
    "date": "2020-10-20",
    "symbol": "PLD",
    "eps": 0.9,
    "epsEstimated": 0.88,
    "time": "bmo",
    "revenue": 1082773000,
    "revenueEstimated": 839149074,
    "updatedFromDate": "2025-04-22",
    "fiscalDateEnding": "2020-09-30"
  },
  {
    "date": "2020-07-21",
    "symbol": "PLD",
    "eps": 1.11,
    "epsEstimated": 0.99,
    "time": "bmo",
    "revenue": 1266124000,
    "revenueEstimated": 1078550074,
    "updatedFromDate": "2025-04-22",
    "fiscalDateEnding": "2020-06-30"
  },
  {
    "date": "2020-04-21",
    "symbol": "PLD",
    "eps": 0.7,
    "epsEstimated": 0.3,
    "time": "bmo",
    "revenue": 978241000,
    "revenueEstimated": 807048823,
    "updatedFromDate": "2025-04-22",
    "fiscalDateEnding": "2020-03-31"
  },
  {
    "date": "2020-01-22",
    "symbol": "PLD",
    "eps": 0.59,
    "epsEstimated": 0.39,
    "time": "bmo",
    "revenue": 826016000,
    "revenueEstimated": 546010576,
    "updatedFromDate": "2025-04-22",
    "fiscalDateEnding": "2019-12-31"
  },
  {
    "date": "2019-10-15",
    "symbol": "PLD",
    "eps": 0.71,
    "epsEstimated": 0.48,
    "time": "bmo",
    "revenue": 942181000,
    "revenueEstimated": 655430260,
    "updatedFromDate": "2025-04-22",
    "fiscalDateEnding": "2019-09-30"
  },
  {
    "date": "2019-07-15",
    "symbol": "PLD",
    "eps": 0.6,
    "epsEstimated": 0.36,
    "time": "bmo",
    "revenue": 790372000,
    "revenueEstimated": 706394974,
    "updatedFromDate": "2025-04-22",
    "fiscalDateEnding": "2019-06-30"
  },
  {
    "date": "2019-04-16",
    "symbol": "PLD",
    "eps": 0.55,
    "epsEstimated": 0.33,
    "time": "bmo",
    "revenue": 772052000,
    "revenueEstimated": 480711622,
    "updatedFromDate": "2025-04-22",
    "fiscalDateEnding": "2019-03-31"
  },
  {
    "date": "2019-01-22",
    "symbol": "PLD",
    "eps": 0.94,
    "epsEstimated": 0.42,
    "time": "bmo",
    "revenue": 807085000,
    "revenueEstimated": 713405488,
    "updatedFromDate": "2025-04-22",
    "fiscalDateEnding": "2018-12-31"
  },
  {
    "date": "2018-10-16",
    "symbol": "PLD",
    "eps": 0.6,
    "epsEstimated": 0.35,
    "time": "bmo",
    "revenue": 682432000,
    "revenueEstimated": 482576913,
    "updatedFromDate": "2025-04-22",
    "fiscalDateEnding": "2018-09-30"
  },
  {
    "date": "2018-07-17",
    "symbol": "PLD",
    "eps": 0.62,
    "epsEstimated": 0.38,
    "time": "bmo",
    "revenue": 621276000,
    "revenueEstimated": 380796774,
    "updatedFromDate": "2025-04-22",
    "fiscalDateEnding": "2018-06-30"
  },
  {
    "date": "2018-04-17",
    "symbol": "PLD",
    "eps": 0.68,
    "epsEstimated": 0.37,
    "time": "bmo",
    "revenue": 693656000,
    "revenueEstimated": 626399487,
    "updatedFromDate": "2025-04-22",
    "fiscalDateEnding": "2018-03-31"
  },
  {
    "date": "2018-01-23",
    "symbol": "PLD",
    "eps": 0.55,
    "epsEstimated": 0.34,
    "time": "bmo",
    "revenue": 619922000,
    "revenueEstimated": 383210909,
    "updatedFromDate": "2025-04-22",
    "fiscalDateEnding": "2017-12-31"
  },
  {
    "date": "2017-10-17",
    "symbol": "PLD",
    "eps": 0.67,
    "epsEstimated": 0.67,
    "time": "bmo",
    "revenue": 602874000,
    "revenueEstimated": 136854601,
    "updatedFromDate": "2025-04-22",
    "fiscalDateEnding": "2017-09-30"
  },
  {
    "date": "2017-07-18",
    "symbol": "PLD",
    "eps": 0.84,
    "epsEstimated": 0.78,
    "time": "bmo",
    "revenue": 766183000,
    "revenueEstimated": 689580000,
    "updatedFromDate": "2025-04-22",
    "fiscalDateEnding": "2017-06-30"
  },
  {
    "date": "2017-04-18",
    "symbol": "PLD",
    "eps": 0.63,
    "epsEstimated": 0.62,
    "time": "bmo",
    "revenue": 629155000,
    "revenueEstimated": 397389473,
    "updatedFromDate": "2025-04-22",
    "fiscalDateEnding": "2017-03-31"
  },
  {
    "date": "2017-01-24",
    "symbol": "PLD",
    "eps": 0.63,
    "epsEstimated": 0.63,
    "time": "bmo",
    "revenue": 620115000,
    "revenueEstimated": 196617073,
    "updatedFromDate": "2025-04-22",
    "fiscalDateEnding": "2016-12-31"
  },
  {
    "date": "2016-10-20",
    "symbol": "PLD",
    "eps": 0.52,
    "epsEstimated": 0.31,
    "time": "bmo",
    "revenue": 704565000,
    "revenueEstimated": 562515603,
    "updatedFromDate": "2025-04-22",
    "fiscalDateEnding": "2016-09-30"
  },
  {
    "date": "2016-07-19",
    "symbol": "PLD",
    "eps": 0.52,
    "epsEstimated": 0.15,
    "time": "bmo",
    "revenue": 602155000,
    "revenueEstimated": 173711538,
    "updatedFromDate": "2025-04-22",
    "fiscalDateEnding": "2016-06-30"
  }
]