[
  {
    "date": "2026-05-04",
    "symbol": "PLTR",
    "eps": null,
    "epsEstimated": null,
    "time": "amc",
    "revenue": null,
    "revenueEstimated": null,
    "updatedFromDate": "2025-09-22",
    "fiscalDateEnding": "2026-03-30"
  },
  {
    "date": "2026-02-02",
    "symbol": "PLTR",
    "eps": null,
    "epsEstimated": null,
    "time": "amc",
    "revenue": null,
    "revenueEstimated": null,
    "updatedFromDate": "2025-09-22",
    "fiscalDateEnding": "2025-12-30"
  },
  {
    "date": "2025-11-03",
    "symbol": "PLTR",
    "eps": null,
    "epsEstimated": 0.17,
    "time": "bmo",
    "revenue": null,
    "revenueEstimated": 1091849830,
    "updatedFromDate": "2025-09-22",
    "fiscalDateEnding": "2025-09-30"
  },
  {
    "date": "2025-08-04",
    "symbol": "PLTR",
    "eps": 0.16,
    "epsEstimated": 0.1382,
    "time": "amc",
    "revenue": 1003697000,
    "revenueEstimated": 937698232,
    "updatedFromDate": "2025-09-22",
    "fiscalDateEnding": "2025-06-30"
  },
  {
    "date": "2025-05-05",
    "symbol": "PLTR",
    "eps": 0.13,
    "epsEstimated": 0.1286,
    "time": "amc",
    "revenue": 883855000,
    "revenueEstimated": 862173813,
    "updatedFromDate": "2025-08-27",
    "fiscalDateEnding": "2025-03-31"
  },
  {
    "date": "2025-02-03",
    "symbol": "PLTR",
    "eps": 0.14,
    "epsEstimated": 0.11,
    "time": "amc",
    "revenue": 827519000,
    "revenueEstimated": 869273380,
    "updatedFromDate": "2025-08-27",
    "fiscalDateEnding": "2024-12-31"
  },
  {
    "date": "2024-11-04",
    "symbol": "PLTR",
    "eps": 0.1,
    "epsEstimated": 0.09064,
    "time": "amc",
    "revenue": 725516000,
    "revenueEstimated": 705111871,
    "updatedFromDate": "2025-08-27",
    "fiscalDateEnding": "2024-09-30"
  },
  {
    "date": "2024-08-05",
    "symbol": "PLTR",
    "eps": 0.09,
    "epsEstimated": 0.0805,
    "time": "amc",
    "revenue": 678134000,
    "revenueEstimated": 653229050,
    "updatedFromDate": "2025-08-27",
    "fiscalDateEnding": "2024-06-30"
  },
  {
    "date": "2024-05-06",
    "symbol": "PLTR",
    "eps": 0.08,
    "epsEstimated": 0.07728,
    "time": "amc",
    "revenue": 634338000,
    "revenueEstimated": 615396074,
    "updatedFromDate": "2025-08-27",
    "fiscalDateEnding": "2024-03-31"
  },
  {
    "date": "2024-02-05",
    "symbol": "PLTR",
    "eps": 0.08,
    "epsEstimated": 0.07563,
    "time": "amc",
    "revenue": 608350000,
    "revenueEstimated": 602875005,
    "updatedFromDate": "2025-08-27",
    "fiscalDateEnding": "2023-12-31"
  },
  {
    "date": "2023-11-02",
    "symbol": "PLTR",
    "eps": 0.07,
    "epsEstimated": 0.06,
    "time": "bmo",
    "revenue": 558159000,
    "revenueEstimated": 555360000,
    "updatedFromDate": "2025-08-27",
    "fiscalDateEnding": "2023-09-30"
  },
  {
    "date": "2023-08-07",
    "symbol": "PLTR",
    "eps": 0.05,
    "epsEstimated": 0.05,
    "time": "amc",
    "revenue": 533317000,
    "revenueEstimated": 532710000,
    "updatedFromDate": "2025-08-27",
    "fiscalDateEnding": "2023-06-30"
  },
  {
    "date": "2023-05-08",
    "symbol": "PLTR",
    "eps": 0.05,
    "epsEstimated": 0.03986,
    "time": "amc",
    "revenue": 525186000,
    "revenueEstimated": 505600000,
    "updatedFromDate": "2025-08-27",
    "fiscalDateEnding": "2023-03-31"
  },
  {
    "date": "2023-02-13",
    "symbol": "PLTR",
    "eps": 0.04,
    "epsEstimated": 0.02662,
    "time": "amc",
    "revenue": 508624000,
    "revenueEstimated": 502580874,
    "updatedFromDate": "2025-08-27",
    "fiscalDateEnding": "2022-12-31"
  },
  {
    "date": "2022-11-07",
    "symbol": "PLTR",
    "eps": 0.01,
    "epsEstimated": 0.01618,
    "time": "bmo",
    "revenue": 477880000,
    "revenueEstimated": 474763702,
    "updatedFromDate": "2025-08-27",
    "fiscalDateEnding": "2022-09-30"
  },
  {
    "date": "2022-08-08",
    "symbol": "PLTR",
    "eps": -0.01,
    "epsEstimated": -0.00429,
    "time": "bmo",
    "revenue": 473010000,
    "revenueEstimated": 469086386,
    "updatedFromDate": "2025-08-27",
    "fiscalDateEnding": "2022-06-30"
  },
  {
    "date": "2022-05-09",
    "symbol": "PLTR",
    "eps": 0.02,
    "epsEstimated": 0.037,
    "time": "bmo",
    "revenue": 446357000,
    "revenueEstimated": 443415393,
    "updatedFromDate": "2025-08-27",
    "fiscalDateEnding": "2022-03-31"
  },
  {
    "date": "2022-02-17",
    "symbol": "PLTR",
    "eps": 0.02,
    "epsEstimated": 0.03575,
    "time": "bmo",
    "revenue": 432867000,
    "revenueEstimated": 417667268,
    "updatedFromDate": "2025-08-27",
    "fiscalDateEnding": "2021-12-31"
  },
  {
    "date": "2021-11-09",
    "symbol": "PLTR",
    "eps": 0.04,
    "epsEstimated": 0.03657,
    "time": "bmo",
    "revenue": 392146000,
    "revenueEstimated": 385020000,
    "updatedFromDate": "2025-08-27",
    "fiscalDateEnding": "2021-09-30"
  },
  {
    "date": "2021-08-12",
    "symbol": "PLTR",
    "eps": 0.04,
    "epsEstimated": 0.0354,
    "time": "bmo",
    "revenue": 375642000,
    "revenueEstimated": 352290000,
    "updatedFromDate": "2025-08-27",
    "fiscalDateEnding": "2021-06-30"
  },
  {
    "date": "2021-05-11",
    "symbol": "PLTR",
    "eps": 0.04,
    "epsEstimated": 0.03667,
    "time": "bmo",
    "revenue": 341234000,
    "revenueEstimated": 341234000,
    "updatedFromDate": "2025-08-27",
    "fiscalDateEnding": "2021-03-31"
  },
  {
    "date": "2021-02-16",
    "symbol": "PLTR",
    "eps": 0.07,
    "epsEstimated": 0.02411,
    "time": "bmo",
    "revenue": 322091000,
    "revenueEstimated": 322090999,
    "updatedFromDate": "2025-08-27",
    "fiscalDateEnding": "2020-12-31"
  },
  {
    "date": "2020-11-12",
    "symbol": "PLTR",
    "eps": 0.09,
    "epsEstimated": 0.0196,
    "time": "amc",
    "revenue": 289366000,
    "revenueEstimated": 651073499,
    "updatedFromDate": "2025-08-27",
    "fiscalDateEnding": "2020-09-30"
  },
  {
    "date": "2020-09-30",
    "symbol": "PLTR",
    "eps": -0.12199,
    "epsEstimated": null,
    "time": "bmo",
    "revenue": 251889000,
    "revenueEstimated": null,
    "updatedFromDate": "2025-08-27",
    "fiscalDateEnding": "2020-06-30"
  },
  {
    "date": "2020-03-31",
    "symbol": "PLTR",
    "eps": -0.05994,
    "epsEstimated": null,
    "time": "amc",
    "revenue": 229327000,
    "revenueEstimated": null,
    "updatedFromDate": "2025-08-27",
    "fiscalDateEnding": "2020-03-31"
  },
  {
    "date": "2019-12-30",
    "symbol": "PLTR",
    "eps": -0.17596,
    "epsEstimated": null,
    "time": "amc",
    "revenue": 229358000,
    "revenueEstimated": null,
    "updatedFromDate": "2025-08-27",
    "fiscalDateEnding": "2019-12-31"
  },
  {
    "date": "2019-09-29",
    "symbol": "PLTR",
    "eps": -0.15446,
    "epsEstimated": null,
    "time": "amc",
    "revenue": 190541000,
    "revenueEstimated": null,
    "updatedFromDate": "2025-08-27",
    "fiscalDateEnding": "2019-09-30"
  },
  {
    "date": "2019-06-29",
    "symbol": "PLTR",
    "eps": -0.23462,
    "epsEstimated": null,
    "time": "amc",
    "revenue": 176320000,
    "revenueEstimated": null,
    "updatedFromDate": "2025-08-27",
    "fiscalDateEnding": "2019-06-30"
  },
  {
    "date": "2019-03-30",
    "symbol": "PLTR",
    "eps": -0.24541,
    "epsEstimated": null,
    "time": "amc",
    "revenue": 161328000,
    "revenueEstimated": null,
    "updatedFromDate": "2025-08-27",
    "fiscalDateEnding": "2019-03-31"
  }
]