[
  {
    "date": "2026-04-21",
    "symbol": "PM",
    "eps": null,
    "epsEstimated": null,
    "time": "bmo",
    "revenue": null,
    "revenueEstimated": null,
    "updatedFromDate": "2025-10-02",
    "fiscalDateEnding": "2026-03-30"
  },
  {
    "date": "2026-02-04",
    "symbol": "PM",
    "eps": null,
    "epsEstimated": null,
    "time": "bmo",
    "revenue": null,
    "revenueEstimated": null,
    "updatedFromDate": "2025-10-02",
    "fiscalDateEnding": "2025-12-30"
  },
  {
    "date": "2025-10-21",
    "symbol": "PM",
    "eps": null,
    "epsEstimated": 2.1,
    "time": "bmo",
    "revenue": null,
    "revenueEstimated": 10672483040,
    "updatedFromDate": "2025-10-02",
    "fiscalDateEnding": "2025-09-30"
  },
  {
    "date": "2025-07-22",
    "symbol": "PM",
    "eps": 1.91,
    "epsEstimated": 1.86,
    "time": "bmo",
    "revenue": 10140000000,
    "revenueEstimated": 10317567892,
    "updatedFromDate": "2025-10-02",
    "fiscalDateEnding": "2025-06-30"
  },
  {
    "date": "2025-04-23",
    "symbol": "PM",
    "eps": 1.69,
    "epsEstimated": 1.61,
    "time": "bmo",
    "revenue": 9301000000,
    "revenueEstimated": 9144782734,
    "updatedFromDate": "2025-07-22",
    "fiscalDateEnding": "2025-03-31"
  },
  {
    "date": "2025-02-06",
    "symbol": "PM",
    "eps": 1.55,
    "epsEstimated": 1.49,
    "time": "bmo",
    "revenue": 9706000000,
    "revenueEstimated": 9436275858,
    "updatedFromDate": "2025-05-05",
    "fiscalDateEnding": "2024-12-31"
  },
  {
    "date": "2024-10-22",
    "symbol": "PM",
    "eps": 1.91,
    "epsEstimated": 1.82,
    "time": "bmo",
    "revenue": 9911000000,
    "revenueEstimated": 9676148940,
    "updatedFromDate": "2025-04-25",
    "fiscalDateEnding": "2024-09-30"
  },
  {
    "date": "2024-07-23",
    "symbol": "PM",
    "eps": 1.59,
    "epsEstimated": 1.57,
    "time": "bmo",
    "revenue": 9407000000,
    "revenueEstimated": 9185834597,
    "updatedFromDate": "2025-04-25",
    "fiscalDateEnding": "2024-06-30"
  },
  {
    "date": "2024-04-23",
    "symbol": "PM",
    "eps": 1.5,
    "epsEstimated": 1.41,
    "time": "bmo",
    "revenue": 8793000000,
    "revenueEstimated": 8443296467,
    "updatedFromDate": "2025-04-25",
    "fiscalDateEnding": "2024-03-31"
  },
  {
    "date": "2024-02-08",
    "symbol": "PM",
    "eps": 1.36,
    "epsEstimated": 1.45,
    "time": "bmo",
    "revenue": 9047000000,
    "revenueEstimated": 9008170000,
    "updatedFromDate": "2025-04-25",
    "fiscalDateEnding": "2023-12-31"
  },
  {
    "date": "2023-10-19",
    "symbol": "PM",
    "eps": 1.67,
    "epsEstimated": 1.61,
    "time": "bmo",
    "revenue": 9141000000,
    "revenueEstimated": 8944280000,
    "updatedFromDate": "2025-04-25",
    "fiscalDateEnding": "2023-09-30"
  },
  {
    "date": "2023-07-20",
    "symbol": "PM",
    "eps": 1.6,
    "epsEstimated": 1.48,
    "time": "bmo",
    "revenue": 8967000000,
    "revenueEstimated": 8654290000,
    "updatedFromDate": "2025-04-25",
    "fiscalDateEnding": "2023-06-30"
  },
  {
    "date": "2023-04-20",
    "symbol": "PM",
    "eps": 1.38,
    "epsEstimated": 1.34,
    "time": "bmo",
    "revenue": 8019000000,
    "revenueEstimated": 8107520000,
    "updatedFromDate": "2025-04-25",
    "fiscalDateEnding": "2023-03-31"
  },
  {
    "date": "2023-02-09",
    "symbol": "PM",
    "eps": 1.39,
    "epsEstimated": 1.24,
    "time": "bmo",
    "revenue": 8152000000,
    "revenueEstimated": 7499343094,
    "updatedFromDate": "2025-04-25",
    "fiscalDateEnding": "2022-12-31"
  },
  {
    "date": "2022-10-20",
    "symbol": "PM",
    "eps": 1.53,
    "epsEstimated": 1.36,
    "time": "bmo",
    "revenue": 8032000000,
    "revenueEstimated": 7317102047,
    "updatedFromDate": "2025-04-25",
    "fiscalDateEnding": "2022-09-30"
  },
  {
    "date": "2022-07-21",
    "symbol": "PM",
    "eps": 1.48,
    "epsEstimated": 1.26,
    "time": "bmo",
    "revenue": 7832000000,
    "revenueEstimated": 6710998793,
    "updatedFromDate": "2025-04-25",
    "fiscalDateEnding": "2022-06-30"
  },
  {
    "date": "2022-04-21",
    "symbol": "PM",
    "eps": 1.56,
    "epsEstimated": 1.49,
    "time": "bmo",
    "revenue": 7746000000,
    "revenueEstimated": 7429217236,
    "updatedFromDate": "2025-04-25",
    "fiscalDateEnding": "2022-03-31"
  },
  {
    "date": "2022-02-10",
    "symbol": "PM",
    "eps": 1.35,
    "epsEstimated": 1.33,
    "time": "bmo",
    "revenue": 8104000000,
    "revenueEstimated": 7749105003,
    "updatedFromDate": "2025-04-25",
    "fiscalDateEnding": "2021-12-31"
  },
  {
    "date": "2021-10-19",
    "symbol": "PM",
    "eps": 1.58,
    "epsEstimated": 1.55,
    "time": "bmo",
    "revenue": 8122000000,
    "revenueEstimated": 7929250000,
    "updatedFromDate": "2025-04-25",
    "fiscalDateEnding": "2021-09-30"
  },
  {
    "date": "2021-07-20",
    "symbol": "PM",
    "eps": 1.57,
    "epsEstimated": 1.55,
    "time": "bmo",
    "revenue": 7594000000,
    "revenueEstimated": 7922640000,
    "updatedFromDate": "2025-04-25",
    "fiscalDateEnding": "2021-06-30"
  },
  {
    "date": "2021-04-20",
    "symbol": "PM",
    "eps": 1.57,
    "epsEstimated": 1.4,
    "time": "bmo",
    "revenue": 7585000000,
    "revenueEstimated": 6663964285,
    "updatedFromDate": "2025-04-25",
    "fiscalDateEnding": "2021-03-31"
  },
  {
    "date": "2021-02-04",
    "symbol": "PM",
    "eps": 1.26,
    "epsEstimated": 1.21,
    "time": "bmo",
    "revenue": 7444000000,
    "revenueEstimated": 7343740000,
    "updatedFromDate": "2025-04-25",
    "fiscalDateEnding": "2020-12-31"
  },
  {
    "date": "2020-10-20",
    "symbol": "PM",
    "eps": 1.42,
    "epsEstimated": 1.36,
    "time": "bmo",
    "revenue": 7446000000,
    "revenueEstimated": 7131380281,
    "updatedFromDate": "2025-04-25",
    "fiscalDateEnding": "2020-09-30"
  },
  {
    "date": "2020-07-21",
    "symbol": "PM",
    "eps": 1.29,
    "epsEstimated": 1.1,
    "time": "bmo",
    "revenue": 6651000000,
    "revenueEstimated": 5671395348,
    "updatedFromDate": "2025-04-25",
    "fiscalDateEnding": "2020-06-30"
  },
  {
    "date": "2020-04-21",
    "symbol": "PM",
    "eps": 1.21,
    "epsEstimated": 1.13,
    "time": "bmo",
    "revenue": 7153000000,
    "revenueEstimated": 6680074380,
    "updatedFromDate": "2025-04-25",
    "fiscalDateEnding": "2020-03-31"
  },
  {
    "date": "2020-02-06",
    "symbol": "PM",
    "eps": 1.22,
    "epsEstimated": 1.21,
    "time": "bmo",
    "revenue": 7713000000,
    "revenueEstimated": 7649778688,
    "updatedFromDate": "2025-04-25",
    "fiscalDateEnding": "2019-12-31"
  },
  {
    "date": "2019-10-17",
    "symbol": "PM",
    "eps": 1.43,
    "epsEstimated": 1.36,
    "time": "bmo",
    "revenue": 7642000000,
    "revenueEstimated": 7267916083,
    "updatedFromDate": "2025-04-25",
    "fiscalDateEnding": "2019-09-30"
  },
  {
    "date": "2019-07-18",
    "symbol": "PM",
    "eps": 1.46,
    "epsEstimated": 1.32,
    "time": "bmo",
    "revenue": 7699000000,
    "revenueEstimated": 6960739726,
    "updatedFromDate": "2025-04-25",
    "fiscalDateEnding": "2019-06-30"
  },
  {
    "date": "2019-04-18",
    "symbol": "PM",
    "eps": 1.09,
    "epsEstimated": 0.97,
    "time": "bmo",
    "revenue": 6751000000,
    "revenueEstimated": 6007770642,
    "updatedFromDate": "2025-04-25",
    "fiscalDateEnding": "2019-03-31"
  },
  {
    "date": "2019-02-07",
    "symbol": "PM",
    "eps": 1.25,
    "epsEstimated": 1.16,
    "time": "bmo",
    "revenue": 7499000000,
    "revenueEstimated": 6959071999,
    "updatedFromDate": "2025-04-25",
    "fiscalDateEnding": "2018-12-31"
  },
  {
    "date": "2018-10-18",
    "symbol": "PM",
    "eps": 1.44,
    "epsEstimated": 1.28,
    "time": "bmo",
    "revenue": 7504000000,
    "revenueEstimated": 6670222222,
    "updatedFromDate": "2025-04-25",
    "fiscalDateEnding": "2018-09-30"
  },
  {
    "date": "2018-07-19",
    "symbol": "PM",
    "eps": 1.41,
    "epsEstimated": 1.23,
    "time": "bmo",
    "revenue": 7726000000,
    "revenueEstimated": 6739702127,
    "updatedFromDate": "2025-04-25",
    "fiscalDateEnding": "2018-06-30"
  },
  {
    "date": "2018-04-19",
    "symbol": "PM",
    "eps": 1,
    "epsEstimated": 0.9,
    "time": "bmo",
    "revenue": 6896000000,
    "revenueEstimated": 6206400000,
    "updatedFromDate": "2025-04-25",
    "fiscalDateEnding": "2018-03-31"
  },
  {
    "date": "2018-02-08",
    "symbol": "PM",
    "eps": 1.31,
    "epsEstimated": 1.36,
    "time": "bmo",
    "revenue": 8294000000,
    "revenueEstimated": 8482500000,
    "updatedFromDate": "2025-04-25",
    "fiscalDateEnding": "2017-12-31"
  },
  {
    "date": "2017-10-19",
    "symbol": "PM",
    "eps": 1.27,
    "epsEstimated": 1.38,
    "time": "bmo",
    "revenue": 7473000000,
    "revenueEstimated": 8120267716,
    "updatedFromDate": "2025-04-25",
    "fiscalDateEnding": "2017-09-30"
  },
  {
    "date": "2017-07-20",
    "symbol": "PM",
    "eps": 1.14,
    "epsEstimated": 1.23,
    "time": "bmo",
    "revenue": 6917000000,
    "revenueEstimated": 7463078947,
    "updatedFromDate": "2025-04-25",
    "fiscalDateEnding": "2017-06-30"
  },
  {
    "date": "2017-04-20",
    "symbol": "PM",
    "eps": 0.98,
    "epsEstimated": 1.03,
    "time": "bmo",
    "revenue": 6064000000,
    "revenueEstimated": 6373387755,
    "updatedFromDate": "2025-04-25",
    "fiscalDateEnding": "2017-03-31"
  },
  {
    "date": "2017-02-02",
    "symbol": "PM",
    "eps": 1.1,
    "epsEstimated": 1.12,
    "time": "bmo",
    "revenue": 6971000000,
    "revenueEstimated": 7097745454,
    "updatedFromDate": "2025-04-25",
    "fiscalDateEnding": "2016-12-31"
  },
  {
    "date": "2016-10-18",
    "symbol": "PM",
    "eps": 1.25,
    "epsEstimated": 1.23,
    "time": "bmo",
    "revenue": 6982000000,
    "revenueEstimated": 6870288000,
    "updatedFromDate": "2025-04-25",
    "fiscalDateEnding": "2016-09-30"
  },
  {
    "date": "2016-07-19",
    "symbol": "PM",
    "eps": 1.15,
    "epsEstimated": 1.2,
    "time": "bmo",
    "revenue": 6649000000,
    "revenueEstimated": 6938086956,
    "updatedFromDate": "2025-04-25",
    "fiscalDateEnding": "2016-06-30"
  }
]