[
  {
    "date": "2026-04-13",
    "symbol": "PNC",
    "eps": null,
    "epsEstimated": null,
    "time": "bmo",
    "revenue": null,
    "revenueEstimated": null,
    "updatedFromDate": "2025-10-02",
    "fiscalDateEnding": "2026-03-30"
  },
  {
    "date": "2026-01-15",
    "symbol": "PNC",
    "eps": null,
    "epsEstimated": null,
    "time": "bmo",
    "revenue": null,
    "revenueEstimated": null,
    "updatedFromDate": "2025-10-02",
    "fiscalDateEnding": "2025-12-30"
  },
  {
    "date": "2025-10-15",
    "symbol": "PNC",
    "eps": null,
    "epsEstimated": 4.04,
    "time": "bmo",
    "revenue": null,
    "revenueEstimated": 5823122240,
    "updatedFromDate": "2025-10-02",
    "fiscalDateEnding": "2025-09-30"
  },
  {
    "date": "2025-07-16",
    "symbol": "PNC",
    "eps": 3.85,
    "epsEstimated": 3.55,
    "time": "bmo",
    "revenue": 8376000000,
    "revenueEstimated": 5606811905,
    "updatedFromDate": "2025-10-02",
    "fiscalDateEnding": "2025-06-30"
  },
  {
    "date": "2025-04-15",
    "symbol": "PNC",
    "eps": 3.51,
    "epsEstimated": 3.38,
    "time": "bmo",
    "revenue": 8101000000,
    "revenueEstimated": 5484609428,
    "updatedFromDate": "2025-07-15",
    "fiscalDateEnding": "2025-03-31"
  },
  {
    "date": "2025-01-16",
    "symbol": "PNC",
    "eps": 3.77,
    "epsEstimated": 3.26,
    "time": "bmo",
    "revenue": 5518000000,
    "revenueEstimated": 5505111713,
    "updatedFromDate": "2025-04-24",
    "fiscalDateEnding": "2024-12-31"
  },
  {
    "date": "2024-10-15",
    "symbol": "PNC",
    "eps": 3.75,
    "epsEstimated": 3.3,
    "time": "bmo",
    "revenue": 5431000000,
    "revenueEstimated": 5389153180,
    "updatedFromDate": "2025-04-24",
    "fiscalDateEnding": "2024-09-30"
  },
  {
    "date": "2024-07-16",
    "symbol": "PNC",
    "eps": 3.3,
    "epsEstimated": 2.98,
    "time": "bmo",
    "revenue": 4671000000,
    "revenueEstimated": 5408374636,
    "updatedFromDate": "2025-04-24",
    "fiscalDateEnding": "2024-06-30"
  },
  {
    "date": "2024-04-16",
    "symbol": "PNC",
    "eps": 3.36,
    "epsEstimated": 3.01,
    "time": "bmo",
    "revenue": 5146000000,
    "revenueEstimated": 5189946336,
    "updatedFromDate": "2025-04-24",
    "fiscalDateEnding": "2024-03-31"
  },
  {
    "date": "2024-01-16",
    "symbol": "PNC",
    "eps": 3.16,
    "epsEstimated": 2.99,
    "time": "bmo",
    "revenue": 5373000000,
    "revenueEstimated": 5294180000,
    "updatedFromDate": "2025-04-24",
    "fiscalDateEnding": "2023-12-31"
  },
  {
    "date": "2023-10-13",
    "symbol": "PNC",
    "eps": 3.6,
    "epsEstimated": 3.11,
    "time": "bmo",
    "revenue": 5234000000,
    "revenueEstimated": 5367060000,
    "updatedFromDate": "2025-04-24",
    "fiscalDateEnding": "2023-09-30"
  },
  {
    "date": "2023-07-18",
    "symbol": "PNC",
    "eps": 3.36,
    "epsEstimated": 3.28,
    "time": "bmo",
    "revenue": 5293000000,
    "revenueEstimated": 5451740000,
    "updatedFromDate": "2025-04-24",
    "fiscalDateEnding": "2023-06-30"
  },
  {
    "date": "2023-04-14",
    "symbol": "PNC",
    "eps": 3.98,
    "epsEstimated": 3.67,
    "time": "bmo",
    "revenue": 5575000000,
    "revenueEstimated": 5606020000,
    "updatedFromDate": "2025-04-24",
    "fiscalDateEnding": "2023-03-31"
  },
  {
    "date": "2023-01-18",
    "symbol": "PNC",
    "eps": 3.47,
    "epsEstimated": 3.95,
    "time": "bmo",
    "revenue": 5747000000,
    "revenueEstimated": 5705584893,
    "updatedFromDate": "2025-04-24",
    "fiscalDateEnding": "2022-12-31"
  },
  {
    "date": "2022-10-14",
    "symbol": "PNC",
    "eps": 3.78,
    "epsEstimated": 3.69,
    "time": "bmo",
    "revenue": 5550000000,
    "revenueEstimated": 5420962647,
    "updatedFromDate": "2025-04-24",
    "fiscalDateEnding": "2022-09-30"
  },
  {
    "date": "2022-07-15",
    "symbol": "PNC",
    "eps": 3.39,
    "epsEstimated": 3.12,
    "time": "bmo",
    "revenue": 5116000000,
    "revenueEstimated": 5133682412,
    "updatedFromDate": "2025-04-24",
    "fiscalDateEnding": "2022-06-30"
  },
  {
    "date": "2022-04-14",
    "symbol": "PNC",
    "eps": 3.23,
    "epsEstimated": 2.73,
    "time": "bmo",
    "revenue": 4705000000,
    "revenueEstimated": 4761228656,
    "updatedFromDate": "2025-04-24",
    "fiscalDateEnding": "2022-03-31"
  },
  {
    "date": "2022-01-18",
    "symbol": "PNC",
    "eps": 2.86,
    "epsEstimated": 3.16,
    "time": "bmo",
    "revenue": 5108000000,
    "revenueEstimated": 4989860000,
    "updatedFromDate": "2025-04-24",
    "fiscalDateEnding": "2021-12-31"
  },
  {
    "date": "2021-10-15",
    "symbol": "PNC",
    "eps": 3.3,
    "epsEstimated": 3.2,
    "time": "bmo",
    "revenue": 5197000000,
    "revenueEstimated": 5045650000,
    "updatedFromDate": "2025-04-24",
    "fiscalDateEnding": "2021-09-30"
  },
  {
    "date": "2021-07-14",
    "symbol": "PNC",
    "eps": 4.5,
    "epsEstimated": 3.16,
    "time": "bmo",
    "revenue": 4667000000,
    "revenueEstimated": 4280980000,
    "updatedFromDate": "2025-04-24",
    "fiscalDateEnding": "2021-06-30"
  },
  {
    "date": "2021-04-16",
    "symbol": "PNC",
    "eps": 4.1,
    "epsEstimated": 2.75,
    "time": "bmo",
    "revenue": 4192000000,
    "revenueEstimated": 3521280000,
    "updatedFromDate": "2025-04-24",
    "fiscalDateEnding": "2021-03-31"
  },
  {
    "date": "2021-01-15",
    "symbol": "PNC",
    "eps": 3.26,
    "epsEstimated": 2.62,
    "time": "bmo",
    "revenue": 4193000000,
    "revenueEstimated": 3246595419,
    "updatedFromDate": "2025-04-24",
    "fiscalDateEnding": "2020-12-31"
  },
  {
    "date": "2020-10-14",
    "symbol": "PNC",
    "eps": 3.39,
    "epsEstimated": 2.12,
    "time": "bmo",
    "revenue": 4233000000,
    "revenueEstimated": 4200553653,
    "updatedFromDate": "2025-04-24",
    "fiscalDateEnding": "2020-09-30"
  },
  {
    "date": "2020-07-15",
    "symbol": "PNC",
    "eps": -1.9,
    "epsEstimated": 0.88,
    "time": "bmo",
    "revenue": 4045000000,
    "revenueEstimated": 247471428,
    "updatedFromDate": "2025-04-24",
    "fiscalDateEnding": "2020-06-30"
  },
  {
    "date": "2020-04-15",
    "symbol": "PNC",
    "eps": 1.95,
    "epsEstimated": 1.71,
    "time": "bmo",
    "revenue": 4327000000,
    "revenueEstimated": 3802338461,
    "updatedFromDate": "2025-04-24",
    "fiscalDateEnding": "2020-03-31"
  },
  {
    "date": "2020-01-15",
    "symbol": "PNC",
    "eps": 2.97,
    "epsEstimated": 2.93,
    "time": "bmo",
    "revenue": 4609000000,
    "revenueEstimated": 4546078498,
    "updatedFromDate": "2025-04-24",
    "fiscalDateEnding": "2019-12-31"
  },
  {
    "date": "2019-10-16",
    "symbol": "PNC",
    "eps": 2.94,
    "epsEstimated": 2.8,
    "time": "bmo",
    "revenue": 4242000000,
    "revenueEstimated": 4313333333,
    "updatedFromDate": "2025-04-24",
    "fiscalDateEnding": "2019-09-30"
  },
  {
    "date": "2019-07-17",
    "symbol": "PNC",
    "eps": 2.88,
    "epsEstimated": 2.82,
    "time": "bmo",
    "revenue": 4215000000,
    "revenueEstimated": 4127187500,
    "updatedFromDate": "2025-04-24",
    "fiscalDateEnding": "2019-06-30"
  },
  {
    "date": "2019-04-12",
    "symbol": "PNC",
    "eps": 2.61,
    "epsEstimated": 2.61,
    "time": "bmo",
    "revenue": 4286000000,
    "revenueEstimated": 4332000000,
    "updatedFromDate": "2025-04-24",
    "fiscalDateEnding": "2019-03-31"
  },
  {
    "date": "2019-01-16",
    "symbol": "PNC",
    "eps": 2.75,
    "epsEstimated": 2.78,
    "time": "bmo",
    "revenue": 4340000000,
    "revenueEstimated": 4402222222,
    "updatedFromDate": "2025-04-24",
    "fiscalDateEnding": "2018-12-31"
  },
  {
    "date": "2018-10-12",
    "symbol": "PNC",
    "eps": 2.82,
    "epsEstimated": 2.72,
    "time": "bmo",
    "revenue": 4357000000,
    "revenueEstimated": 4231432624,
    "updatedFromDate": "2025-04-24",
    "fiscalDateEnding": "2018-09-30"
  },
  {
    "date": "2018-07-13",
    "symbol": "PNC",
    "eps": 2.72,
    "epsEstimated": 2.58,
    "time": "bmo",
    "revenue": 4324000000,
    "revenueEstimated": 4125154411,
    "updatedFromDate": "2025-04-24",
    "fiscalDateEnding": "2018-06-30"
  },
  {
    "date": "2018-04-13",
    "symbol": "PNC",
    "eps": 2.43,
    "epsEstimated": 2.43,
    "time": "bmo",
    "revenue": 4111000000,
    "revenueEstimated": 4111000000,
    "updatedFromDate": "2025-04-24",
    "fiscalDateEnding": "2018-03-31"
  },
  {
    "date": "2018-01-12",
    "symbol": "PNC",
    "eps": 2.29,
    "epsEstimated": 2.2,
    "time": "bmo",
    "revenue": 4260000000,
    "revenueEstimated": 4085851528,
    "updatedFromDate": "2025-04-24",
    "fiscalDateEnding": "2017-12-31"
  },
  {
    "date": "2017-10-13",
    "symbol": "PNC",
    "eps": 2.16,
    "epsEstimated": 2.13,
    "time": "bmo",
    "revenue": 4125000000,
    "revenueEstimated": 4061791666,
    "updatedFromDate": "2025-04-24",
    "fiscalDateEnding": "2017-09-30"
  },
  {
    "date": "2017-07-14",
    "symbol": "PNC",
    "eps": 2.1,
    "epsEstimated": 2.02,
    "time": "bmo",
    "revenue": 4060000000,
    "revenueEstimated": 3897638095,
    "updatedFromDate": "2025-04-24",
    "fiscalDateEnding": "2017-06-30"
  },
  {
    "date": "2017-04-13",
    "symbol": "PNC",
    "eps": 1.96,
    "epsEstimated": 1.84,
    "time": "bmo",
    "revenue": 3884000000,
    "revenueEstimated": 3637755102,
    "updatedFromDate": "2025-04-24",
    "fiscalDateEnding": "2017-03-31"
  },
  {
    "date": "2017-01-13",
    "symbol": "PNC",
    "eps": 1.97,
    "epsEstimated": 1.84,
    "time": "bmo",
    "revenue": 3874000000,
    "revenueEstimated": 3643654822,
    "updatedFromDate": "2025-04-24",
    "fiscalDateEnding": "2016-12-31"
  },
  {
    "date": "2016-10-14",
    "symbol": "PNC",
    "eps": 1.84,
    "epsEstimated": 1.78,
    "time": "bmo",
    "revenue": 3829000000,
    "revenueEstimated": 3703173913,
    "updatedFromDate": "2025-04-24",
    "fiscalDateEnding": "2016-09-30"
  },
  {
    "date": "2016-07-15",
    "symbol": "PNC",
    "eps": 1.82,
    "epsEstimated": 1.75,
    "time": "bmo",
    "revenue": 3794000000,
    "revenueEstimated": 3635576923,
    "updatedFromDate": "2025-04-24",
    "fiscalDateEnding": "2016-06-30"
  }
]