[
  {
    "date": "2026-04-20",
    "symbol": "PNR",
    "eps": null,
    "epsEstimated": null,
    "time": "bmo",
    "revenue": null,
    "revenueEstimated": null,
    "updatedFromDate": "2025-10-02",
    "fiscalDateEnding": "2026-03-30"
  },
  {
    "date": "2026-02-02",
    "symbol": "PNR",
    "eps": null,
    "epsEstimated": null,
    "time": "bmo",
    "revenue": null,
    "revenueEstimated": null,
    "updatedFromDate": "2025-10-02",
    "fiscalDateEnding": "2025-12-30"
  },
  {
    "date": "2025-10-28",
    "symbol": "PNR",
    "eps": null,
    "epsEstimated": 1.18,
    "time": "bmo",
    "revenue": null,
    "revenueEstimated": 1004212720,
    "updatedFromDate": "2025-10-02",
    "fiscalDateEnding": "2025-09-30"
  },
  {
    "date": "2025-07-22",
    "symbol": "PNR",
    "eps": 1.39,
    "epsEstimated": 1.34,
    "time": "bmo",
    "revenue": 1123100000,
    "revenueEstimated": 1118510578,
    "updatedFromDate": "2025-10-02",
    "fiscalDateEnding": "2025-06-30"
  },
  {
    "date": "2025-04-22",
    "symbol": "PNR",
    "eps": 1.11,
    "epsEstimated": 1.01,
    "time": "bmo",
    "revenue": 1010400000,
    "revenueEstimated": 988322164,
    "updatedFromDate": "2025-07-22",
    "fiscalDateEnding": "2025-03-31"
  },
  {
    "date": "2025-02-04",
    "symbol": "PNR",
    "eps": 1.08,
    "epsEstimated": 1.02,
    "time": "bmo",
    "revenue": 972900000,
    "revenueEstimated": 972154499,
    "updatedFromDate": "2025-05-03",
    "fiscalDateEnding": "2024-12-31"
  },
  {
    "date": "2024-10-22",
    "symbol": "PNR",
    "eps": 1.09,
    "epsEstimated": 1.07,
    "time": "bmo",
    "revenue": 993400000,
    "revenueEstimated": 988534448,
    "updatedFromDate": "2025-04-24",
    "fiscalDateEnding": "2024-09-30"
  },
  {
    "date": "2024-07-23",
    "symbol": "PNR",
    "eps": 1.22,
    "epsEstimated": 1.14,
    "time": "bmo",
    "revenue": 1099300000,
    "revenueEstimated": 1093137495,
    "updatedFromDate": "2025-04-24",
    "fiscalDateEnding": "2024-06-30"
  },
  {
    "date": "2024-04-23",
    "symbol": "PNR",
    "eps": 0.94,
    "epsEstimated": 0.9,
    "time": "bmo",
    "revenue": 1017200000,
    "revenueEstimated": 1005663146,
    "updatedFromDate": "2025-04-24",
    "fiscalDateEnding": "2024-03-31"
  },
  {
    "date": "2024-01-30",
    "symbol": "PNR",
    "eps": 0.87,
    "epsEstimated": 0.86,
    "time": "bmo",
    "revenue": 984600000,
    "revenueEstimated": 976100000,
    "updatedFromDate": "2025-04-24",
    "fiscalDateEnding": "2023-12-31"
  },
  {
    "date": "2023-10-24",
    "symbol": "PNR",
    "eps": 0.94,
    "epsEstimated": 0.87,
    "time": "bmo",
    "revenue": 1008800000,
    "revenueEstimated": 992090000,
    "updatedFromDate": "2025-04-24",
    "fiscalDateEnding": "2023-09-30"
  },
  {
    "date": "2023-07-27",
    "symbol": "PNR",
    "eps": 1.03,
    "epsEstimated": 0.95,
    "time": "bmo",
    "revenue": 1082500000,
    "revenueEstimated": 1056840000,
    "updatedFromDate": "2025-04-24",
    "fiscalDateEnding": "2023-06-30"
  },
  {
    "date": "2023-04-27",
    "symbol": "PNR",
    "eps": 0.91,
    "epsEstimated": 0.77,
    "time": "bmo",
    "revenue": 1028600000,
    "revenueEstimated": 997680000,
    "updatedFromDate": "2025-04-24",
    "fiscalDateEnding": "2023-03-31"
  },
  {
    "date": "2023-01-31",
    "symbol": "PNR",
    "eps": 0.82,
    "epsEstimated": 0.79,
    "time": "bmo",
    "revenue": 1002900000,
    "revenueEstimated": 994160688,
    "updatedFromDate": "2025-04-24",
    "fiscalDateEnding": "2022-12-31"
  },
  {
    "date": "2022-10-25",
    "symbol": "PNR",
    "eps": 0.99,
    "epsEstimated": 0.93,
    "time": "bmo",
    "revenue": 1055100000,
    "revenueEstimated": 1043167596,
    "updatedFromDate": "2025-04-24",
    "fiscalDateEnding": "2022-09-30"
  },
  {
    "date": "2022-07-26",
    "symbol": "PNR",
    "eps": 1.02,
    "epsEstimated": 1,
    "time": "bmo",
    "revenue": 1064200000,
    "revenueEstimated": 1048028699,
    "updatedFromDate": "2025-04-24",
    "fiscalDateEnding": "2022-06-30"
  },
  {
    "date": "2022-04-21",
    "symbol": "PNR",
    "eps": 0.85,
    "epsEstimated": 0.81,
    "time": "bmo",
    "revenue": 999600000,
    "revenueEstimated": 950789731,
    "updatedFromDate": "2025-04-24",
    "fiscalDateEnding": "2022-03-31"
  },
  {
    "date": "2022-02-01",
    "symbol": "PNR",
    "eps": 0.87,
    "epsEstimated": 0.85,
    "time": "bmo",
    "revenue": 988600000,
    "revenueEstimated": 943331138,
    "updatedFromDate": "2025-04-24",
    "fiscalDateEnding": "2021-12-31"
  },
  {
    "date": "2021-10-26",
    "symbol": "PNR",
    "eps": 0.89,
    "epsEstimated": 0.84,
    "time": "bmo",
    "revenue": 969200000,
    "revenueEstimated": 946170000,
    "updatedFromDate": "2025-04-24",
    "fiscalDateEnding": "2021-09-30"
  },
  {
    "date": "2021-07-27",
    "symbol": "PNR",
    "eps": 0.84,
    "epsEstimated": 0.8,
    "time": "bmo",
    "revenue": 941100000,
    "revenueEstimated": 946170000,
    "updatedFromDate": "2025-04-24",
    "fiscalDateEnding": "2021-06-30"
  },
  {
    "date": "2021-04-22",
    "symbol": "PNR",
    "eps": 0.81,
    "epsEstimated": 0.62,
    "time": "bmo",
    "revenue": 865900000,
    "revenueEstimated": 772090000,
    "updatedFromDate": "2025-04-24",
    "fiscalDateEnding": "2021-03-31"
  },
  {
    "date": "2021-01-28",
    "symbol": "PNR",
    "eps": 0.7,
    "epsEstimated": 0.63,
    "time": "bmo",
    "revenue": 796000000,
    "revenueEstimated": 751190000,
    "updatedFromDate": "2025-04-24",
    "fiscalDateEnding": "2020-12-31"
  },
  {
    "date": "2020-10-20",
    "symbol": "PNR",
    "eps": 0.7,
    "epsEstimated": 0.51,
    "time": "bmo",
    "revenue": 798500000,
    "revenueEstimated": 581764285,
    "updatedFromDate": "2025-04-24",
    "fiscalDateEnding": "2020-09-30"
  },
  {
    "date": "2020-07-23",
    "symbol": "PNR",
    "eps": 0.59,
    "epsEstimated": 0.48,
    "time": "bmo",
    "revenue": 713300000,
    "revenueEstimated": 592401694,
    "updatedFromDate": "2025-04-24",
    "fiscalDateEnding": "2020-06-30"
  },
  {
    "date": "2020-04-30",
    "symbol": "PNR",
    "eps": 0.52,
    "epsEstimated": 0.44,
    "time": "bmo",
    "revenue": 710000000,
    "revenueEstimated": 614423076,
    "updatedFromDate": "2025-04-24",
    "fiscalDateEnding": "2020-03-31"
  },
  {
    "date": "2020-01-28",
    "symbol": "PNR",
    "eps": 0.68,
    "epsEstimated": 0.65,
    "time": "bmo",
    "revenue": 755200000,
    "revenueEstimated": 721882352,
    "updatedFromDate": "2025-04-24",
    "fiscalDateEnding": "2019-12-31"
  },
  {
    "date": "2019-10-23",
    "symbol": "PNR",
    "eps": 0.58,
    "epsEstimated": 0.55,
    "time": "bmo",
    "revenue": 713600000,
    "revenueEstimated": 676689655,
    "updatedFromDate": "2025-04-24",
    "fiscalDateEnding": "2019-09-30"
  },
  {
    "date": "2019-07-23",
    "symbol": "PNR",
    "eps": 0.69,
    "epsEstimated": 0.65,
    "time": "bmo",
    "revenue": 799500000,
    "revenueEstimated": 753152173,
    "updatedFromDate": "2025-04-24",
    "fiscalDateEnding": "2019-06-30"
  },
  {
    "date": "2019-04-17",
    "symbol": "PNR",
    "eps": 0.43,
    "epsEstimated": 0.43,
    "time": "bmo",
    "revenue": 688900000,
    "revenueEstimated": 704920930,
    "updatedFromDate": "2025-04-24",
    "fiscalDateEnding": "2019-03-31"
  },
  {
    "date": "2019-01-29",
    "symbol": "PNR",
    "eps": 0.6,
    "epsEstimated": 0.59,
    "time": "bmo",
    "revenue": 740500000,
    "revenueEstimated": 728158333,
    "updatedFromDate": "2025-04-24",
    "fiscalDateEnding": "2018-12-31"
  },
  {
    "date": "2018-10-23",
    "symbol": "PNR",
    "eps": 0.54,
    "epsEstimated": 0.52,
    "time": "bmo",
    "revenue": 711400000,
    "revenueEstimated": 685051851,
    "updatedFromDate": "2025-04-24",
    "fiscalDateEnding": "2018-09-30"
  },
  {
    "date": "2018-07-25",
    "symbol": "PNR",
    "eps": 0.71,
    "epsEstimated": 0.69,
    "time": "bmo",
    "revenue": 780600000,
    "revenueEstimated": 758611267,
    "updatedFromDate": "2025-04-24",
    "fiscalDateEnding": "2018-06-30"
  },
  {
    "date": "2018-04-19",
    "symbol": "PNR",
    "eps": 0.88,
    "epsEstimated": 0.83,
    "time": "bmo",
    "revenue": 1269700000,
    "revenueEstimated": 690975000,
    "updatedFromDate": "2025-04-24",
    "fiscalDateEnding": "2018-03-31"
  },
  {
    "date": "2018-01-30",
    "symbol": "PNR",
    "eps": 0.93,
    "epsEstimated": 0.93,
    "time": "bmo",
    "revenue": 1260900000,
    "revenueEstimated": 720800000,
    "updatedFromDate": "2025-04-24",
    "fiscalDateEnding": "2017-12-31"
  },
  {
    "date": "2017-10-24",
    "symbol": "PNR",
    "eps": 0.95,
    "epsEstimated": 0.93,
    "time": "bmo",
    "revenue": 1226800000,
    "revenueEstimated": 673124210,
    "updatedFromDate": "2025-04-24",
    "fiscalDateEnding": "2017-09-30"
  },
  {
    "date": "2017-07-25",
    "symbol": "PNR",
    "eps": 1,
    "epsEstimated": 1,
    "time": "bmo",
    "revenue": 1265300000,
    "revenueEstimated": 754000000,
    "updatedFromDate": "2025-04-24",
    "fiscalDateEnding": "2017-06-30"
  },
  {
    "date": "2017-04-25",
    "symbol": "PNR",
    "eps": 0.65,
    "epsEstimated": 0.61,
    "time": "bmo",
    "revenue": 1183500000,
    "revenueEstimated": 641250769,
    "updatedFromDate": "2025-04-24",
    "fiscalDateEnding": "2017-03-31"
  },
  {
    "date": "2017-01-31",
    "symbol": "PNR",
    "eps": 0.78,
    "epsEstimated": 0.73,
    "time": "bmo",
    "revenue": 1188100000,
    "revenueEstimated": 862242307,
    "updatedFromDate": "2025-04-24",
    "fiscalDateEnding": "2016-12-31"
  },
  {
    "date": "2016-10-25",
    "symbol": "PNR",
    "eps": 0.78,
    "epsEstimated": 0.72,
    "time": "bmo",
    "revenue": 1210700000,
    "revenueEstimated": 1117569230,
    "updatedFromDate": "2025-04-24",
    "fiscalDateEnding": "2016-09-30"
  },
  {
    "date": "2016-07-28",
    "symbol": "PNR",
    "eps": 1.11,
    "epsEstimated": 1.1,
    "time": "bmo",
    "revenue": 1733300000,
    "revenueEstimated": 1277754954,
    "updatedFromDate": "2025-04-24",
    "fiscalDateEnding": "2016-06-30"
  }
]