[
  {
    "date": "2026-04-29",
    "symbol": "PNW",
    "eps": null,
    "epsEstimated": null,
    "time": "bmo",
    "revenue": null,
    "revenueEstimated": null,
    "updatedFromDate": "2025-10-02",
    "fiscalDateEnding": "2026-03-30"
  },
  {
    "date": "2026-02-23",
    "symbol": "PNW",
    "eps": null,
    "epsEstimated": null,
    "time": "bmo",
    "revenue": null,
    "revenueEstimated": null,
    "updatedFromDate": "2025-10-02",
    "fiscalDateEnding": "2025-12-30"
  },
  {
    "date": "2025-11-05",
    "symbol": "PNW",
    "eps": null,
    "epsEstimated": 2.79,
    "time": "bmo",
    "revenue": null,
    "revenueEstimated": 1775337630,
    "updatedFromDate": "2025-10-02",
    "fiscalDateEnding": "2025-09-30"
  },
  {
    "date": "2025-08-06",
    "symbol": "PNW",
    "eps": 1.58,
    "epsEstimated": 1.58,
    "time": "bmo",
    "revenue": 1358751000,
    "revenueEstimated": 1779827220,
    "updatedFromDate": "2025-10-02",
    "fiscalDateEnding": "2025-06-30"
  },
  {
    "date": "2025-05-01",
    "symbol": "PNW",
    "eps": -0.04,
    "epsEstimated": 0.05,
    "time": "bmo",
    "revenue": 1032280000,
    "revenueEstimated": 1335425080,
    "updatedFromDate": "2025-08-01",
    "fiscalDateEnding": "2025-03-31"
  },
  {
    "date": "2025-02-25",
    "symbol": "PNW",
    "eps": -0.06,
    "epsEstimated": -0.31,
    "time": "bmo",
    "revenue": 1095408000,
    "revenueEstimated": 1050702970,
    "updatedFromDate": "2025-05-25",
    "fiscalDateEnding": "2024-12-31"
  },
  {
    "date": "2024-11-06",
    "symbol": "PNW",
    "eps": 3.37,
    "epsEstimated": 3.49,
    "time": "bmo",
    "revenue": 1768801000,
    "revenueEstimated": 1696756557,
    "updatedFromDate": "2025-04-25",
    "fiscalDateEnding": "2024-09-30"
  },
  {
    "date": "2024-08-01",
    "symbol": "PNW",
    "eps": 1.76,
    "epsEstimated": 1.25,
    "time": "bmo",
    "revenue": 1308994000,
    "revenueEstimated": 1207890000,
    "updatedFromDate": "2025-04-25",
    "fiscalDateEnding": "2024-06-30"
  },
  {
    "date": "2024-05-02",
    "symbol": "PNW",
    "eps": 0.15,
    "epsEstimated": 0.00747,
    "time": "bmo",
    "revenue": 951712000,
    "revenueEstimated": 974960000,
    "updatedFromDate": "2025-04-25",
    "fiscalDateEnding": "2024-03-31"
  },
  {
    "date": "2024-02-27",
    "symbol": "PNW",
    "eps": -0.0002,
    "epsEstimated": -0.13,
    "time": "bmo",
    "revenue": 991574000,
    "revenueEstimated": 1115950000,
    "updatedFromDate": "2025-04-25",
    "fiscalDateEnding": "2023-12-31"
  },
  {
    "date": "2023-11-02",
    "symbol": "PNW",
    "eps": 3.5,
    "epsEstimated": 3.41,
    "time": "bmo",
    "revenue": 1637759000,
    "revenueEstimated": 1541790000,
    "updatedFromDate": "2025-04-25",
    "fiscalDateEnding": "2023-09-30"
  },
  {
    "date": "2023-08-03",
    "symbol": "PNW",
    "eps": 0.94,
    "epsEstimated": 1.19,
    "time": "bmo",
    "revenue": 1121703000,
    "revenueEstimated": 1086680000,
    "updatedFromDate": "2025-04-25",
    "fiscalDateEnding": "2023-06-30"
  },
  {
    "date": "2023-05-04",
    "symbol": "PNW",
    "eps": -0.03,
    "epsEstimated": -0.01066,
    "time": "bmo",
    "revenue": 944955000,
    "revenueEstimated": 790890000,
    "updatedFromDate": "2025-04-25",
    "fiscalDateEnding": "2023-03-31"
  },
  {
    "date": "2023-02-27",
    "symbol": "PNW",
    "eps": -0.21,
    "epsEstimated": -0.18,
    "time": "bmo",
    "revenue": 1009314000,
    "revenueEstimated": 638278287,
    "updatedFromDate": "2025-04-25",
    "fiscalDateEnding": "2022-12-31"
  },
  {
    "date": "2022-11-03",
    "symbol": "PNW",
    "eps": 2.88,
    "epsEstimated": 2.6,
    "time": "bmo",
    "revenue": 1469871000,
    "revenueEstimated": 1314705091,
    "updatedFromDate": "2025-04-25",
    "fiscalDateEnding": "2022-09-30"
  },
  {
    "date": "2022-08-03",
    "symbol": "PNW",
    "eps": 1.45,
    "epsEstimated": 1.32,
    "time": "bmo",
    "revenue": 1061669000,
    "revenueEstimated": 974589080,
    "updatedFromDate": "2025-04-25",
    "fiscalDateEnding": "2022-06-30"
  },
  {
    "date": "2022-05-04",
    "symbol": "PNW",
    "eps": 0.15,
    "epsEstimated": 0.06,
    "time": "bmo",
    "revenue": 783531000,
    "revenueEstimated": 692730649,
    "updatedFromDate": "2025-04-25",
    "fiscalDateEnding": "2022-03-31"
  },
  {
    "date": "2022-02-25",
    "symbol": "PNW",
    "eps": 0.24,
    "epsEstimated": 0.06,
    "time": "bmo",
    "revenue": 798857000,
    "revenueEstimated": 659683674,
    "updatedFromDate": "2025-04-25",
    "fiscalDateEnding": "2021-12-31"
  },
  {
    "date": "2021-11-05",
    "symbol": "PNW",
    "eps": 3,
    "epsEstimated": 2.79,
    "time": "bmo",
    "revenue": 1308254000,
    "revenueEstimated": 658850000,
    "updatedFromDate": "2025-04-25",
    "fiscalDateEnding": "2021-09-30"
  },
  {
    "date": "2021-08-05",
    "symbol": "PNW",
    "eps": 1.91,
    "epsEstimated": 1.65,
    "time": "bmo",
    "revenue": 1000249000,
    "revenueEstimated": 948290000,
    "updatedFromDate": "2025-04-25",
    "fiscalDateEnding": "2021-06-30"
  },
  {
    "date": "2021-05-05",
    "symbol": "PNW",
    "eps": 0.32,
    "epsEstimated": 0.25,
    "time": "bmo",
    "revenue": 696475000,
    "revenueEstimated": 716310000,
    "updatedFromDate": "2025-04-25",
    "fiscalDateEnding": "2021-03-31"
  },
  {
    "date": "2021-02-24",
    "symbol": "PNW",
    "eps": -0.17,
    "epsEstimated": -0.0283,
    "time": "bmo",
    "revenue": 740961000,
    "revenueEstimated": 4167905625,
    "updatedFromDate": "2025-04-25",
    "fiscalDateEnding": "2020-12-31"
  },
  {
    "date": "2020-10-30",
    "symbol": "PNW",
    "eps": 3.07,
    "epsEstimated": 2.85,
    "time": "bmo",
    "revenue": 1254501000,
    "revenueEstimated": 1164601905,
    "updatedFromDate": "2025-04-25",
    "fiscalDateEnding": "2020-09-30"
  },
  {
    "date": "2020-08-06",
    "symbol": "PNW",
    "eps": 1.71,
    "epsEstimated": 1.47,
    "time": "bmo",
    "revenue": 929590000,
    "revenueEstimated": 799121228,
    "updatedFromDate": "2025-04-25",
    "fiscalDateEnding": "2020-06-30"
  },
  {
    "date": "2020-05-08",
    "symbol": "PNW",
    "eps": 0.27,
    "epsEstimated": 0.15,
    "time": "bmo",
    "revenue": 661930000,
    "revenueEstimated": 511961483,
    "updatedFromDate": "2025-04-25",
    "fiscalDateEnding": "2020-03-31"
  },
  {
    "date": "2020-02-21",
    "symbol": "PNW",
    "eps": 0.57,
    "epsEstimated": 0.46,
    "time": "bmo",
    "revenue": 670391000,
    "revenueEstimated": 541017298,
    "updatedFromDate": "2025-04-25",
    "fiscalDateEnding": "2019-12-31"
  },
  {
    "date": "2019-11-07",
    "symbol": "PNW",
    "eps": 2.77,
    "epsEstimated": 3,
    "time": "bmo",
    "revenue": 1190787000,
    "revenueEstimated": 1289661010,
    "updatedFromDate": "2025-04-25",
    "fiscalDateEnding": "2019-09-30"
  },
  {
    "date": "2019-08-08",
    "symbol": "PNW",
    "eps": 1.28,
    "epsEstimated": 1.42,
    "time": "bmo",
    "revenue": 869501000,
    "revenueEstimated": 964602671,
    "updatedFromDate": "2025-04-25",
    "fiscalDateEnding": "2019-06-30"
  },
  {
    "date": "2019-05-01",
    "symbol": "PNW",
    "eps": 0.16,
    "epsEstimated": 0.16,
    "time": "bmo",
    "revenue": 740530000,
    "revenueEstimated": 740530000,
    "updatedFromDate": "2025-04-25",
    "fiscalDateEnding": "2019-03-31"
  },
  {
    "date": "2019-02-22",
    "symbol": "PNW",
    "eps": 0.23,
    "epsEstimated": 0.18,
    "time": "bmo",
    "revenue": 756376000,
    "revenueEstimated": 591946434,
    "updatedFromDate": "2025-04-25",
    "fiscalDateEnding": "2018-12-31"
  },
  {
    "date": "2018-11-08",
    "symbol": "PNW",
    "eps": 2.8,
    "epsEstimated": 2.72,
    "time": "bmo",
    "revenue": 1268034000,
    "revenueEstimated": 1231804457,
    "updatedFromDate": "2025-04-25",
    "fiscalDateEnding": "2018-09-30"
  },
  {
    "date": "2018-08-03",
    "symbol": "PNW",
    "eps": 1.48,
    "epsEstimated": 1.48,
    "time": "bmo",
    "revenue": 974123000,
    "revenueEstimated": 974200000,
    "updatedFromDate": "2025-04-25",
    "fiscalDateEnding": "2018-06-30"
  },
  {
    "date": "2018-05-02",
    "symbol": "PNW",
    "eps": 0.03,
    "epsEstimated": 0.07,
    "time": "bmo",
    "revenue": 692714000,
    "revenueEstimated": 1616300000,
    "updatedFromDate": "2025-04-25",
    "fiscalDateEnding": "2018-03-31"
  },
  {
    "date": "2018-02-23",
    "symbol": "PNW",
    "eps": 0.19,
    "epsEstimated": 0.12,
    "time": "bmo",
    "revenue": 759659000,
    "revenueEstimated": 479810526,
    "updatedFromDate": "2025-04-25",
    "fiscalDateEnding": "2017-12-31"
  },
  {
    "date": "2017-11-03",
    "symbol": "PNW",
    "eps": 2.46,
    "epsEstimated": 2.32,
    "time": "bmo",
    "revenue": 1183322000,
    "revenueEstimated": 1116052032,
    "updatedFromDate": "2025-04-25",
    "fiscalDateEnding": "2017-09-30"
  },
  {
    "date": "2017-08-03",
    "symbol": "PNW",
    "eps": 1.49,
    "epsEstimated": 1.17,
    "time": "bmo",
    "revenue": 944587000,
    "revenueEstimated": 741654362,
    "updatedFromDate": "2025-04-25",
    "fiscalDateEnding": "2017-06-30"
  },
  {
    "date": "2017-05-02",
    "symbol": "PNW",
    "eps": 0.21,
    "epsEstimated": 0.16,
    "time": "bmo",
    "revenue": 677728000,
    "revenueEstimated": 516342857,
    "updatedFromDate": "2025-04-25",
    "fiscalDateEnding": "2017-03-31"
  },
  {
    "date": "2017-02-24",
    "symbol": "PNW",
    "eps": 0.47,
    "epsEstimated": 0.47,
    "time": "bmo",
    "revenue": 739199000,
    "revenueEstimated": 739200000,
    "updatedFromDate": "2025-04-25",
    "fiscalDateEnding": "2016-12-31"
  },
  {
    "date": "2016-11-03",
    "symbol": "PNW",
    "eps": 2.35,
    "epsEstimated": 2.41,
    "time": "bmo",
    "revenue": 1166922000,
    "revenueEstimated": 1196693191,
    "updatedFromDate": "2025-04-25",
    "fiscalDateEnding": "2016-09-30"
  },
  {
    "date": "2016-08-02",
    "symbol": "PNW",
    "eps": 1.08,
    "epsEstimated": 1.14,
    "time": "bmo",
    "revenue": 915394000,
    "revenueEstimated": 966255555,
    "updatedFromDate": "2025-04-25",
    "fiscalDateEnding": "2016-06-30"
  }
]