[
  {
    "date": "2026-05-06",
    "symbol": "PODD",
    "eps": null,
    "epsEstimated": null,
    "time": "amc",
    "revenue": null,
    "revenueEstimated": null,
    "updatedFromDate": "2025-10-02",
    "fiscalDateEnding": "2026-03-30"
  },
  {
    "date": "2026-02-18",
    "symbol": "PODD",
    "eps": null,
    "epsEstimated": null,
    "time": "amc",
    "revenue": null,
    "revenueEstimated": null,
    "updatedFromDate": "2025-10-02",
    "fiscalDateEnding": "2025-12-30"
  },
  {
    "date": "2025-11-06",
    "symbol": "PODD",
    "eps": null,
    "epsEstimated": 1.15,
    "time": "bmo",
    "revenue": null,
    "revenueEstimated": 678697460,
    "updatedFromDate": "2025-10-02",
    "fiscalDateEnding": "2025-09-30"
  },
  {
    "date": "2025-08-07",
    "symbol": "PODD",
    "eps": 1.17,
    "epsEstimated": 0.92,
    "time": "bmo",
    "revenue": 649100000,
    "revenueEstimated": 614199531,
    "updatedFromDate": "2025-10-02",
    "fiscalDateEnding": "2025-06-30"
  },
  {
    "date": "2025-05-08",
    "symbol": "PODD",
    "eps": 1.02,
    "epsEstimated": 0.79,
    "time": "amc",
    "revenue": 569000000,
    "revenueEstimated": 543294998,
    "updatedFromDate": "2025-08-08",
    "fiscalDateEnding": "2025-03-31"
  },
  {
    "date": "2025-02-20",
    "symbol": "PODD",
    "eps": 1.15,
    "epsEstimated": 1,
    "time": "amc",
    "revenue": 597500000,
    "revenueEstimated": 582539473,
    "updatedFromDate": "2025-05-20",
    "fiscalDateEnding": "2024-12-31"
  },
  {
    "date": "2024-11-07",
    "symbol": "PODD",
    "eps": 0.9,
    "epsEstimated": 0.76,
    "time": "amc",
    "revenue": 372600000,
    "revenueEstimated": 519513162,
    "updatedFromDate": "2025-04-25",
    "fiscalDateEnding": "2024-09-30"
  },
  {
    "date": "2024-08-08",
    "symbol": "PODD",
    "eps": 0.55,
    "epsEstimated": 0.564,
    "time": "amc",
    "revenue": 488500000,
    "revenueEstimated": 488000000,
    "updatedFromDate": "2025-04-25",
    "fiscalDateEnding": "2024-06-30"
  },
  {
    "date": "2024-05-09",
    "symbol": "PODD",
    "eps": 0.73,
    "epsEstimated": 0.39,
    "time": "amc",
    "revenue": 441700000,
    "revenueEstimated": 424053459,
    "updatedFromDate": "2025-04-25",
    "fiscalDateEnding": "2024-03-31"
  },
  {
    "date": "2024-02-22",
    "symbol": "PODD",
    "eps": 1.4,
    "epsEstimated": 0.66,
    "time": "amc",
    "revenue": 509800000,
    "revenueEstimated": 461050000,
    "updatedFromDate": "2025-04-25",
    "fiscalDateEnding": "2023-12-31"
  },
  {
    "date": "2023-11-02",
    "symbol": "PODD",
    "eps": 0.71,
    "epsEstimated": 0.4,
    "time": "amc",
    "revenue": 432700000,
    "revenueEstimated": 414380000,
    "updatedFromDate": "2025-04-25",
    "fiscalDateEnding": "2023-09-30"
  },
  {
    "date": "2023-08-08",
    "symbol": "PODD",
    "eps": 0.38,
    "epsEstimated": 0.26,
    "time": "amc",
    "revenue": 396500000,
    "revenueEstimated": 384950000,
    "updatedFromDate": "2025-04-25",
    "fiscalDateEnding": "2023-06-30"
  },
  {
    "date": "2023-05-04",
    "symbol": "PODD",
    "eps": 0.23,
    "epsEstimated": 0.09,
    "time": "amc",
    "revenue": 358100000,
    "revenueEstimated": 330840000,
    "updatedFromDate": "2025-04-25",
    "fiscalDateEnding": "2023-03-31"
  },
  {
    "date": "2023-02-23",
    "symbol": "PODD",
    "eps": 0.55,
    "epsEstimated": 0.24,
    "time": "amc",
    "revenue": 369700000,
    "revenueEstimated": 332447226,
    "updatedFromDate": "2025-04-25",
    "fiscalDateEnding": "2022-12-31"
  },
  {
    "date": "2022-11-03",
    "symbol": "PODD",
    "eps": 0.45,
    "epsEstimated": 0.17,
    "time": "amc",
    "revenue": 340800000,
    "revenueEstimated": 312105796,
    "updatedFromDate": "2025-04-25",
    "fiscalDateEnding": "2022-09-30"
  },
  {
    "date": "2022-08-04",
    "symbol": "PODD",
    "eps": -0.06,
    "epsEstimated": 0.21,
    "time": "amc",
    "revenue": 299400000,
    "revenueEstimated": 291454686,
    "updatedFromDate": "2025-04-25",
    "fiscalDateEnding": "2022-06-30"
  },
  {
    "date": "2022-05-05",
    "symbol": "PODD",
    "eps": 0.4,
    "epsEstimated": 0.23,
    "time": "amc",
    "revenue": 295400000,
    "revenueEstimated": 288022302,
    "updatedFromDate": "2025-04-25",
    "fiscalDateEnding": "2022-03-31"
  },
  {
    "date": "2022-02-23",
    "symbol": "PODD",
    "eps": 0.42,
    "epsEstimated": 0.32,
    "time": "amc",
    "revenue": 307700000,
    "revenueEstimated": 299334899,
    "updatedFromDate": "2025-04-25",
    "fiscalDateEnding": "2021-12-31"
  },
  {
    "date": "2021-11-04",
    "symbol": "PODD",
    "eps": 0.18,
    "epsEstimated": 0.24,
    "time": "amc",
    "revenue": 275600000,
    "revenueEstimated": 272820000,
    "updatedFromDate": "2025-04-25",
    "fiscalDateEnding": "2021-09-30"
  },
  {
    "date": "2021-08-05",
    "symbol": "PODD",
    "eps": 0.1,
    "epsEstimated": 0.12,
    "time": "amc",
    "revenue": 263200000,
    "revenueEstimated": 259080000,
    "updatedFromDate": "2025-04-25",
    "fiscalDateEnding": "2021-06-30"
  },
  {
    "date": "2021-05-06",
    "symbol": "PODD",
    "eps": 0.00908,
    "epsEstimated": 0.07,
    "time": "amc",
    "revenue": 252300000,
    "revenueEstimated": 246220000,
    "updatedFromDate": "2025-04-25",
    "fiscalDateEnding": "2021-03-31"
  },
  {
    "date": "2021-02-23",
    "symbol": "PODD",
    "eps": -0.26,
    "epsEstimated": -0.06,
    "time": "amc",
    "revenue": 246100000,
    "revenueEstimated": 996705000,
    "updatedFromDate": "2025-04-25",
    "fiscalDateEnding": "2020-12-31"
  },
  {
    "date": "2020-11-04",
    "symbol": "PODD",
    "eps": 0.17,
    "epsEstimated": 0.08,
    "time": "amc",
    "revenue": 234000000,
    "revenueEstimated": 162885937,
    "updatedFromDate": "2025-04-25",
    "fiscalDateEnding": "2020-09-30"
  },
  {
    "date": "2020-08-06",
    "symbol": "PODD",
    "eps": 0.22,
    "epsEstimated": 0.0014,
    "time": "amc",
    "revenue": 226300000,
    "revenueEstimated": null,
    "updatedFromDate": "2025-04-25",
    "fiscalDateEnding": "2020-06-30"
  },
  {
    "date": "2020-05-07",
    "symbol": "PODD",
    "eps": -0.03,
    "epsEstimated": -0.00358,
    "time": "amc",
    "revenue": 198000000,
    "revenueEstimated": null,
    "updatedFromDate": "2025-04-25",
    "fiscalDateEnding": "2020-03-31"
  },
  {
    "date": "2020-02-25",
    "symbol": "PODD",
    "eps": 0.08,
    "epsEstimated": 0.11,
    "time": "amc",
    "revenue": 209400000,
    "revenueEstimated": 287916750,
    "updatedFromDate": "2025-04-25",
    "fiscalDateEnding": "2019-12-31"
  },
  {
    "date": "2019-11-05",
    "symbol": "PODD",
    "eps": 0.09,
    "epsEstimated": 0.2919,
    "time": "amc",
    "revenue": 192115000,
    "revenueEstimated": 576344999,
    "updatedFromDate": "2025-04-25",
    "fiscalDateEnding": "2019-09-30"
  },
  {
    "date": "2019-08-05",
    "symbol": "PODD",
    "eps": 0.02,
    "epsEstimated": 0.02483,
    "time": "amc",
    "revenue": 177136000,
    "revenueEstimated": 265704000,
    "updatedFromDate": "2025-04-25",
    "fiscalDateEnding": "2019-06-30"
  },
  {
    "date": "2019-05-02",
    "symbol": "PODD",
    "eps": 0.07,
    "epsEstimated": 0.01328,
    "time": "amc",
    "revenue": 159555000,
    "revenueEstimated": 22793571,
    "updatedFromDate": "2025-04-25",
    "fiscalDateEnding": "2019-03-31"
  },
  {
    "date": "2019-02-25",
    "symbol": "PODD",
    "eps": 0.16,
    "epsEstimated": 0.07,
    "time": "amc",
    "revenue": 164907000,
    "revenueEstimated": 116612806,
    "updatedFromDate": "2025-04-25",
    "fiscalDateEnding": "2018-12-31"
  },
  {
    "date": "2018-11-01",
    "symbol": "PODD",
    "eps": 0.03,
    "epsEstimated": 0.00294,
    "time": "amc",
    "revenue": 151076000,
    "revenueEstimated": null,
    "updatedFromDate": "2025-04-25",
    "fiscalDateEnding": "2018-09-30"
  },
  {
    "date": "2018-08-02",
    "symbol": "PODD",
    "eps": -0.03,
    "epsEstimated": -0.13,
    "time": "amc",
    "revenue": 124262000,
    "revenueEstimated": 538468666,
    "updatedFromDate": "2025-04-25",
    "fiscalDateEnding": "2018-06-30"
  },
  {
    "date": "2018-05-03",
    "symbol": "PODD",
    "eps": -0.11,
    "epsEstimated": -0.19,
    "time": "amc",
    "revenue": 123578000,
    "revenueEstimated": 213452909,
    "updatedFromDate": "2025-04-25",
    "fiscalDateEnding": "2018-03-31"
  },
  {
    "date": "2018-02-21",
    "symbol": "PODD",
    "eps": -0.12,
    "epsEstimated": -0.08,
    "time": "amc",
    "revenue": 130524000,
    "revenueEstimated": 87016000,
    "updatedFromDate": "2025-04-25",
    "fiscalDateEnding": "2017-12-31"
  },
  {
    "date": "2017-11-02",
    "symbol": "PODD",
    "eps": -0.04,
    "epsEstimated": -0.1,
    "time": "amc",
    "revenue": 121775000,
    "revenueEstimated": 304437500,
    "updatedFromDate": "2025-04-25",
    "fiscalDateEnding": "2017-09-30"
  },
  {
    "date": "2017-08-03",
    "symbol": "PODD",
    "eps": -0.13,
    "epsEstimated": -0.13,
    "time": "amc",
    "revenue": 109756000,
    "revenueEstimated": 109756000,
    "updatedFromDate": "2025-04-25",
    "fiscalDateEnding": "2017-06-30"
  },
  {
    "date": "2017-05-08",
    "symbol": "PODD",
    "eps": -0.17,
    "epsEstimated": -0.16,
    "time": "amc",
    "revenue": 101713000,
    "revenueEstimated": 89746764,
    "updatedFromDate": "2025-04-25",
    "fiscalDateEnding": "2017-03-31"
  },
  {
    "date": "2017-02-27",
    "symbol": "PODD",
    "eps": -0.16,
    "epsEstimated": -0.05,
    "time": "amc",
    "revenue": 103575000,
    "revenueEstimated": 32367187,
    "updatedFromDate": "2025-04-25",
    "fiscalDateEnding": "2016-12-31"
  },
  {
    "date": "2016-11-03",
    "symbol": "PODD",
    "eps": -0.05,
    "epsEstimated": -0.08,
    "time": "amc",
    "revenue": 94871000,
    "revenueEstimated": 170767799,
    "updatedFromDate": "2025-04-25",
    "fiscalDateEnding": "2016-09-30"
  },
  {
    "date": "2016-08-03",
    "symbol": "PODD",
    "eps": -0.08,
    "epsEstimated": -0.16,
    "time": "amc",
    "revenue": 87330000,
    "revenueEstimated": 185576250,
    "updatedFromDate": "2025-04-25",
    "fiscalDateEnding": "2016-06-30"
  }
]