[
  {
    "date": "2026-04-22",
    "symbol": "POOL",
    "eps": null,
    "epsEstimated": null,
    "time": "bmo",
    "revenue": null,
    "revenueEstimated": null,
    "updatedFromDate": "2025-10-01",
    "fiscalDateEnding": "2026-03-30"
  },
  {
    "date": "2026-02-18",
    "symbol": "POOL",
    "eps": null,
    "epsEstimated": null,
    "time": "bmo",
    "revenue": null,
    "revenueEstimated": null,
    "updatedFromDate": "2025-10-01",
    "fiscalDateEnding": "2025-12-30"
  },
  {
    "date": "2025-10-23",
    "symbol": "POOL",
    "eps": null,
    "epsEstimated": 3.38,
    "time": "bmo",
    "revenue": null,
    "revenueEstimated": 1459414230,
    "updatedFromDate": "2025-10-01",
    "fiscalDateEnding": "2025-09-30"
  },
  {
    "date": "2025-07-24",
    "symbol": "POOL",
    "eps": 5.17,
    "epsEstimated": 5.08,
    "time": "bmo",
    "revenue": 1784530000,
    "revenueEstimated": 1778548707,
    "updatedFromDate": "2025-10-01",
    "fiscalDateEnding": "2025-06-30"
  },
  {
    "date": "2025-04-24",
    "symbol": "POOL",
    "eps": 1.32,
    "epsEstimated": 1.46,
    "time": "bmo",
    "revenue": 1071526000,
    "revenueEstimated": 1099295597,
    "updatedFromDate": "2025-07-24",
    "fiscalDateEnding": "2025-03-31"
  },
  {
    "date": "2025-02-20",
    "symbol": "POOL",
    "eps": 0.97,
    "epsEstimated": 0.89,
    "time": "bmo",
    "revenue": 987479000,
    "revenueEstimated": 963969818,
    "updatedFromDate": "2025-05-19",
    "fiscalDateEnding": "2024-12-31"
  },
  {
    "date": "2024-10-24",
    "symbol": "POOL",
    "eps": 3.27,
    "epsEstimated": 3.14,
    "time": "bmo",
    "revenue": 1432879000,
    "revenueEstimated": 956669580,
    "updatedFromDate": "2025-04-24",
    "fiscalDateEnding": "2024-09-30"
  },
  {
    "date": "2024-07-25",
    "symbol": "POOL",
    "eps": 4.99,
    "epsEstimated": 4.9,
    "time": "bmo",
    "revenue": 1769784000,
    "revenueEstimated": 1744379920,
    "updatedFromDate": "2025-04-24",
    "fiscalDateEnding": "2024-06-30"
  },
  {
    "date": "2024-04-25",
    "symbol": "POOL",
    "eps": 2.04,
    "epsEstimated": 1.91,
    "time": "bmo",
    "revenue": 1120810000,
    "revenueEstimated": 1126824063,
    "updatedFromDate": "2025-04-24",
    "fiscalDateEnding": "2024-03-31"
  },
  {
    "date": "2024-02-22",
    "symbol": "POOL",
    "eps": 1.32,
    "epsEstimated": 1.25,
    "time": "bmo",
    "revenue": 1003050000,
    "revenueEstimated": 1019270000,
    "updatedFromDate": "2025-04-24",
    "fiscalDateEnding": "2023-12-31"
  },
  {
    "date": "2023-10-19",
    "symbol": "POOL",
    "eps": 3.51,
    "epsEstimated": 3.49,
    "time": "bmo",
    "revenue": 1474407000,
    "revenueEstimated": 1022910000,
    "updatedFromDate": "2025-04-24",
    "fiscalDateEnding": "2023-09-30"
  },
  {
    "date": "2023-07-20",
    "symbol": "POOL",
    "eps": 5.91,
    "epsEstimated": 6.1,
    "time": "bmo",
    "revenue": 1857363000,
    "revenueEstimated": 1891730000,
    "updatedFromDate": "2025-04-24",
    "fiscalDateEnding": "2023-06-30"
  },
  {
    "date": "2023-04-20",
    "symbol": "POOL",
    "eps": 2.58,
    "epsEstimated": 3.21,
    "time": "bmo",
    "revenue": 1206774000,
    "revenueEstimated": 1297940000,
    "updatedFromDate": "2025-04-24",
    "fiscalDateEnding": "2023-03-31"
  },
  {
    "date": "2023-02-16",
    "symbol": "POOL",
    "eps": 1.82,
    "epsEstimated": 1.99,
    "time": "bmo",
    "revenue": 1095920000,
    "revenueEstimated": 1143668349,
    "updatedFromDate": "2025-04-24",
    "fiscalDateEnding": "2022-12-31"
  },
  {
    "date": "2022-10-20",
    "symbol": "POOL",
    "eps": 4.78,
    "epsEstimated": 4.59,
    "time": "bmo",
    "revenue": 1615339000,
    "revenueEstimated": 1596094932,
    "updatedFromDate": "2025-04-24",
    "fiscalDateEnding": "2022-09-30"
  },
  {
    "date": "2022-07-21",
    "symbol": "POOL",
    "eps": 7.63,
    "epsEstimated": 7.52,
    "time": "bmo",
    "revenue": 2055818000,
    "revenueEstimated": 2134690068,
    "updatedFromDate": "2025-04-24",
    "fiscalDateEnding": "2022-06-30"
  },
  {
    "date": "2022-04-21",
    "symbol": "POOL",
    "eps": 4.23,
    "epsEstimated": 3.15,
    "time": "bmo",
    "revenue": 1412650000,
    "revenueEstimated": 1270264778,
    "updatedFromDate": "2025-04-24",
    "fiscalDateEnding": "2022-03-31"
  },
  {
    "date": "2022-02-17",
    "symbol": "POOL",
    "eps": 2.63,
    "epsEstimated": 1.88,
    "time": "bmo",
    "revenue": 1035557000,
    "revenueEstimated": 958549168,
    "updatedFromDate": "2025-04-24",
    "fiscalDateEnding": "2021-12-31"
  },
  {
    "date": "2021-10-21",
    "symbol": "POOL",
    "eps": 4.51,
    "epsEstimated": 3.85,
    "time": "bmo",
    "revenue": 1411448000,
    "revenueEstimated": 1374580000,
    "updatedFromDate": "2025-04-24",
    "fiscalDateEnding": "2021-09-30"
  },
  {
    "date": "2021-07-22",
    "symbol": "POOL",
    "eps": 6.37,
    "epsEstimated": 5.48,
    "time": "bmo",
    "revenue": 1787833000,
    "revenueEstimated": 1374580000,
    "updatedFromDate": "2025-04-24",
    "fiscalDateEnding": "2021-06-30"
  },
  {
    "date": "2021-04-22",
    "symbol": "POOL",
    "eps": 2.42,
    "epsEstimated": 1.15,
    "time": "bmo",
    "revenue": 1060745000,
    "revenueEstimated": 924577623,
    "updatedFromDate": "2025-04-24",
    "fiscalDateEnding": "2021-03-31"
  },
  {
    "date": "2021-02-11",
    "symbol": "POOL",
    "eps": 1.45,
    "epsEstimated": 0.76,
    "time": "bmo",
    "revenue": 839261000,
    "revenueEstimated": 645699524,
    "updatedFromDate": "2025-04-24",
    "fiscalDateEnding": "2020-12-31"
  },
  {
    "date": "2020-10-22",
    "symbol": "POOL",
    "eps": 2.92,
    "epsEstimated": 2.18,
    "time": "bmo",
    "revenue": 1139229000,
    "revenueEstimated": 2312414095,
    "updatedFromDate": "2025-04-24",
    "fiscalDateEnding": "2020-09-30"
  },
  {
    "date": "2020-07-23",
    "symbol": "POOL",
    "eps": 3.87,
    "epsEstimated": 3.1,
    "time": "bmo",
    "revenue": 1280846000,
    "revenueEstimated": 1026000671,
    "updatedFromDate": "2025-04-24",
    "fiscalDateEnding": "2020-06-30"
  },
  {
    "date": "2020-04-23",
    "symbol": "POOL",
    "eps": 0.9,
    "epsEstimated": 0.65,
    "time": "bmo",
    "revenue": 677288000,
    "revenueEstimated": 489152444,
    "updatedFromDate": "2025-04-24",
    "fiscalDateEnding": "2020-03-31"
  },
  {
    "date": "2020-02-13",
    "symbol": "POOL",
    "eps": 0.44,
    "epsEstimated": 0.36,
    "time": "bmo",
    "revenue": 582234000,
    "revenueEstimated": 476373272,
    "updatedFromDate": "2025-04-24",
    "fiscalDateEnding": "2019-12-31"
  },
  {
    "date": "2019-10-17",
    "symbol": "POOL",
    "eps": 1.95,
    "epsEstimated": 1.78,
    "time": "bmo",
    "revenue": 898500000,
    "revenueEstimated": 820169230,
    "updatedFromDate": "2025-04-24",
    "fiscalDateEnding": "2019-09-30"
  },
  {
    "date": "2019-07-18",
    "symbol": "POOL",
    "eps": 3.22,
    "epsEstimated": 3.23,
    "time": "bmo",
    "revenue": 1121328000,
    "revenueEstimated": 1124810385,
    "updatedFromDate": "2025-04-24",
    "fiscalDateEnding": "2019-06-30"
  },
  {
    "date": "2019-04-18",
    "symbol": "POOL",
    "eps": 0.59,
    "epsEstimated": 0.63,
    "time": "bmo",
    "revenue": 597456000,
    "revenueEstimated": 485433000,
    "updatedFromDate": "2025-04-24",
    "fiscalDateEnding": "2019-03-31"
  },
  {
    "date": "2019-02-14",
    "symbol": "POOL",
    "eps": 0.41,
    "epsEstimated": 0.44,
    "time": "bmo",
    "revenue": 543082000,
    "revenueEstimated": 582819707,
    "updatedFromDate": "2025-04-24",
    "fiscalDateEnding": "2018-12-31"
  },
  {
    "date": "2018-10-18",
    "symbol": "POOL",
    "eps": 1.66,
    "epsEstimated": 1.58,
    "time": "bmo",
    "revenue": 811311000,
    "revenueEstimated": 772211674,
    "updatedFromDate": "2025-04-24",
    "fiscalDateEnding": "2018-09-30"
  },
  {
    "date": "2018-07-19",
    "symbol": "POOL",
    "eps": 2.8,
    "epsEstimated": 2.88,
    "time": "bmo",
    "revenue": 1057804000,
    "revenueEstimated": 1088022857,
    "updatedFromDate": "2025-04-24",
    "fiscalDateEnding": "2018-06-30"
  },
  {
    "date": "2018-04-19",
    "symbol": "POOL",
    "eps": 0.75,
    "epsEstimated": 0.71,
    "time": "bmo",
    "revenue": 585900000,
    "revenueEstimated": 554652000,
    "updatedFromDate": "2025-04-24",
    "fiscalDateEnding": "2018-03-31"
  },
  {
    "date": "2018-02-15",
    "symbol": "POOL",
    "eps": 0.21,
    "epsEstimated": 0.17,
    "time": "bmo",
    "revenue": 510183000,
    "revenueEstimated": 376025501,
    "updatedFromDate": "2025-04-24",
    "fiscalDateEnding": "2017-12-31"
  },
  {
    "date": "2017-10-19",
    "symbol": "POOL",
    "eps": 1.16,
    "epsEstimated": 1.15,
    "time": "bmo",
    "revenue": 743401000,
    "revenueEstimated": 736991379,
    "updatedFromDate": "2025-04-24",
    "fiscalDateEnding": "2017-09-30"
  },
  {
    "date": "2017-07-20",
    "symbol": "POOL",
    "eps": 2.21,
    "epsEstimated": 2.24,
    "time": "bmo",
    "revenue": 988163000,
    "revenueEstimated": 1001614479,
    "updatedFromDate": "2025-04-24",
    "fiscalDateEnding": "2017-06-30"
  },
  {
    "date": "2017-04-20",
    "symbol": "POOL",
    "eps": 0.4,
    "epsEstimated": 0.4,
    "time": "bmo",
    "revenue": 546441000,
    "revenueEstimated": 420307692,
    "updatedFromDate": "2025-04-24",
    "fiscalDateEnding": "2017-03-31"
  },
  {
    "date": "2017-02-16",
    "symbol": "POOL",
    "eps": 0.06,
    "epsEstimated": 0.06,
    "time": "bmo",
    "revenue": 445235000,
    "revenueEstimated": 445200000,
    "updatedFromDate": "2025-04-24",
    "fiscalDateEnding": "2016-12-31"
  },
  {
    "date": "2016-10-20",
    "symbol": "POOL",
    "eps": 1.04,
    "epsEstimated": 1.01,
    "time": "bmo",
    "revenue": 691429000,
    "revenueEstimated": 677974757,
    "updatedFromDate": "2025-04-24",
    "fiscalDateEnding": "2016-09-30"
  },
  {
    "date": "2016-07-21",
    "symbol": "POOL",
    "eps": 1.98,
    "epsEstimated": 1.93,
    "time": "bmo",
    "revenue": 918889000,
    "revenueEstimated": 895695454,
    "updatedFromDate": "2025-04-24",
    "fiscalDateEnding": "2016-06-30"
  }
]