[
  {
    "date": "2026-04-27",
    "symbol": "PPG",
    "eps": null,
    "epsEstimated": null,
    "time": "amc",
    "revenue": null,
    "revenueEstimated": null,
    "updatedFromDate": "2025-10-02",
    "fiscalDateEnding": "2026-03-30"
  },
  {
    "date": "2026-01-28",
    "symbol": "PPG",
    "eps": null,
    "epsEstimated": null,
    "time": "amc",
    "revenue": null,
    "revenueEstimated": null,
    "updatedFromDate": "2025-10-02",
    "fiscalDateEnding": "2025-12-30"
  },
  {
    "date": "2025-10-15",
    "symbol": "PPG",
    "eps": null,
    "epsEstimated": 2.1,
    "time": "bmo",
    "revenue": null,
    "revenueEstimated": 4054825000,
    "updatedFromDate": "2025-10-02",
    "fiscalDateEnding": "2025-09-30"
  },
  {
    "date": "2025-07-29",
    "symbol": "PPG",
    "eps": 2.22,
    "epsEstimated": 2.23,
    "time": "amc",
    "revenue": 4195000000,
    "revenueEstimated": 4163655208,
    "updatedFromDate": "2025-10-02",
    "fiscalDateEnding": "2025-06-30"
  },
  {
    "date": "2025-04-29",
    "symbol": "PPG",
    "eps": 1.72,
    "epsEstimated": 1.62,
    "time": "amc",
    "revenue": 3684000000,
    "revenueEstimated": 3660181687,
    "updatedFromDate": "2025-07-29",
    "fiscalDateEnding": "2025-03-31"
  },
  {
    "date": "2025-01-30",
    "symbol": "PPG",
    "eps": 1.61,
    "epsEstimated": 1.64,
    "time": "amc",
    "revenue": 2165000000,
    "revenueEstimated": 4050191891,
    "updatedFromDate": "2025-04-30",
    "fiscalDateEnding": "2024-12-31"
  },
  {
    "date": "2024-10-16",
    "symbol": "PPG",
    "eps": 2.13,
    "epsEstimated": 2.15,
    "time": "amc",
    "revenue": 4575000000,
    "revenueEstimated": 4662865493,
    "updatedFromDate": "2025-04-25",
    "fiscalDateEnding": "2024-09-30"
  },
  {
    "date": "2024-07-18",
    "symbol": "PPG",
    "eps": 2.5,
    "epsEstimated": 2.48,
    "time": "amc",
    "revenue": 4794000000,
    "revenueEstimated": 4901785909,
    "updatedFromDate": "2025-04-25",
    "fiscalDateEnding": "2024-06-30"
  },
  {
    "date": "2024-04-18",
    "symbol": "PPG",
    "eps": 1.86,
    "epsEstimated": 1.86,
    "time": "amc",
    "revenue": 4311000000,
    "revenueEstimated": 4431765190,
    "updatedFromDate": "2025-04-25",
    "fiscalDateEnding": "2024-03-31"
  },
  {
    "date": "2024-01-18",
    "symbol": "PPG",
    "eps": 1.53,
    "epsEstimated": 1.5,
    "time": "amc",
    "revenue": 4350000000,
    "revenueEstimated": 4267500000,
    "updatedFromDate": "2025-04-25",
    "fiscalDateEnding": "2023-12-31"
  },
  {
    "date": "2023-10-18",
    "symbol": "PPG",
    "eps": 2.07,
    "epsEstimated": 1.94,
    "time": "amc",
    "revenue": 4644000000,
    "revenueEstimated": 4638940000,
    "updatedFromDate": "2025-04-25",
    "fiscalDateEnding": "2023-09-30"
  },
  {
    "date": "2023-07-20",
    "symbol": "PPG",
    "eps": 2.25,
    "epsEstimated": 2.14,
    "time": "amc",
    "revenue": 4872000000,
    "revenueEstimated": 4835230000,
    "updatedFromDate": "2025-04-25",
    "fiscalDateEnding": "2023-06-30"
  },
  {
    "date": "2023-04-20",
    "symbol": "PPG",
    "eps": 1.82,
    "epsEstimated": 1.55,
    "time": "amc",
    "revenue": 4380000000,
    "revenueEstimated": 4391020000,
    "updatedFromDate": "2025-04-25",
    "fiscalDateEnding": "2023-03-31"
  },
  {
    "date": "2023-01-19",
    "symbol": "PPG",
    "eps": 1.22,
    "epsEstimated": 1.13,
    "time": "amc",
    "revenue": 4185000000,
    "revenueEstimated": 4114608406,
    "updatedFromDate": "2025-04-25",
    "fiscalDateEnding": "2022-12-31"
  },
  {
    "date": "2022-10-19",
    "symbol": "PPG",
    "eps": 1.66,
    "epsEstimated": 1.65,
    "time": "amc",
    "revenue": 4468000000,
    "revenueEstimated": 4427379560,
    "updatedFromDate": "2025-04-25",
    "fiscalDateEnding": "2022-09-30"
  },
  {
    "date": "2022-07-21",
    "symbol": "PPG",
    "eps": 1.81,
    "epsEstimated": 1.73,
    "time": "amc",
    "revenue": 4691000000,
    "revenueEstimated": 4670576787,
    "updatedFromDate": "2025-04-25",
    "fiscalDateEnding": "2022-06-30"
  },
  {
    "date": "2022-04-21",
    "symbol": "PPG",
    "eps": 1.37,
    "epsEstimated": 1.12,
    "time": "amc",
    "revenue": 4308000000,
    "revenueEstimated": 4242161798,
    "updatedFromDate": "2025-04-25",
    "fiscalDateEnding": "2022-03-31"
  },
  {
    "date": "2022-01-20",
    "symbol": "PPG",
    "eps": 1.26,
    "epsEstimated": 1.17,
    "time": "amc",
    "revenue": 4190000000,
    "revenueEstimated": 4255290000,
    "updatedFromDate": "2025-04-25",
    "fiscalDateEnding": "2021-12-31"
  },
  {
    "date": "2021-10-20",
    "symbol": "PPG",
    "eps": 1.69,
    "epsEstimated": 1.58,
    "time": "amc",
    "revenue": 4372000000,
    "revenueEstimated": 4332470000,
    "updatedFromDate": "2025-04-25",
    "fiscalDateEnding": "2021-09-30"
  },
  {
    "date": "2021-07-19",
    "symbol": "PPG",
    "eps": 1.94,
    "epsEstimated": 2.19,
    "time": "amc",
    "revenue": 4359000000,
    "revenueEstimated": 4338110000,
    "updatedFromDate": "2025-04-25",
    "fiscalDateEnding": "2021-06-30"
  },
  {
    "date": "2021-04-15",
    "symbol": "PPG",
    "eps": 1.88,
    "epsEstimated": 1.56,
    "time": "amc",
    "revenue": 3881000000,
    "revenueEstimated": 3669870000,
    "updatedFromDate": "2025-04-25",
    "fiscalDateEnding": "2021-03-31"
  },
  {
    "date": "2021-01-21",
    "symbol": "PPG",
    "eps": 1.59,
    "epsEstimated": 1.57,
    "time": "amc",
    "revenue": 3757000000,
    "revenueEstimated": 3733221518,
    "updatedFromDate": "2025-04-25",
    "fiscalDateEnding": "2020-12-31"
  },
  {
    "date": "2020-10-19",
    "symbol": "PPG",
    "eps": 1.93,
    "epsEstimated": 1.92,
    "time": "amc",
    "revenue": 3685000000,
    "revenueEstimated": 3665906735,
    "updatedFromDate": "2025-04-25",
    "fiscalDateEnding": "2020-09-30"
  },
  {
    "date": "2020-07-16",
    "symbol": "PPG",
    "eps": 0.99,
    "epsEstimated": 0.65,
    "time": "amc",
    "revenue": 3015000000,
    "revenueEstimated": 2162272727,
    "updatedFromDate": "2025-04-25",
    "fiscalDateEnding": "2020-06-30"
  },
  {
    "date": "2020-04-27",
    "symbol": "PPG",
    "eps": 1.19,
    "epsEstimated": 1.18,
    "time": "amc",
    "revenue": 3377000000,
    "revenueEstimated": 3348621848,
    "updatedFromDate": "2025-04-25",
    "fiscalDateEnding": "2020-03-31"
  },
  {
    "date": "2020-01-16",
    "symbol": "PPG",
    "eps": 1.31,
    "epsEstimated": 1.34,
    "time": "bmo",
    "revenue": 3672000000,
    "revenueEstimated": 3756091603,
    "updatedFromDate": "2025-04-25",
    "fiscalDateEnding": "2019-12-31"
  },
  {
    "date": "2019-10-17",
    "symbol": "PPG",
    "eps": 1.67,
    "epsEstimated": 1.61,
    "time": "bmo",
    "revenue": 3826000000,
    "revenueEstimated": 3688538922,
    "updatedFromDate": "2025-04-25",
    "fiscalDateEnding": "2019-09-30"
  },
  {
    "date": "2019-07-18",
    "symbol": "PPG",
    "eps": 1.85,
    "epsEstimated": 1.83,
    "time": "bmo",
    "revenue": 4024000000,
    "revenueEstimated": 3980497297,
    "updatedFromDate": "2025-04-25",
    "fiscalDateEnding": "2019-06-30"
  },
  {
    "date": "2019-04-18",
    "symbol": "PPG",
    "eps": 1.38,
    "epsEstimated": 1.21,
    "time": "bmo",
    "revenue": 3624000000,
    "revenueEstimated": 3177565217,
    "updatedFromDate": "2025-04-25",
    "fiscalDateEnding": "2019-03-31"
  },
  {
    "date": "2019-01-17",
    "symbol": "PPG",
    "eps": 1.15,
    "epsEstimated": 1.1,
    "time": "bmo",
    "revenue": 3645000000,
    "revenueEstimated": 3486521739,
    "updatedFromDate": "2025-04-25",
    "fiscalDateEnding": "2018-12-31"
  },
  {
    "date": "2018-10-18",
    "symbol": "PPG",
    "eps": 1.45,
    "epsEstimated": 1.45,
    "time": "bmo",
    "revenue": 3817000000,
    "revenueEstimated": 3817000000,
    "updatedFromDate": "2025-04-25",
    "fiscalDateEnding": "2018-09-30"
  },
  {
    "date": "2018-07-19",
    "symbol": "PPG",
    "eps": 1.9,
    "epsEstimated": 1.88,
    "time": "bmo",
    "revenue": 4131000000,
    "revenueEstimated": 4087515789,
    "updatedFromDate": "2025-04-25",
    "fiscalDateEnding": "2018-06-30"
  },
  {
    "date": "2018-04-19",
    "symbol": "PPG",
    "eps": 1.39,
    "epsEstimated": 1.39,
    "time": "bmo",
    "revenue": 3786000000,
    "revenueEstimated": 3781000000,
    "updatedFromDate": "2025-04-25",
    "fiscalDateEnding": "2018-03-31"
  },
  {
    "date": "2018-01-18",
    "symbol": "PPG",
    "eps": 1.19,
    "epsEstimated": 1.18,
    "time": "bmo",
    "revenue": 3682000000,
    "revenueEstimated": 3651058823,
    "updatedFromDate": "2025-04-25",
    "fiscalDateEnding": "2017-12-31"
  },
  {
    "date": "2017-10-19",
    "symbol": "PPG",
    "eps": 1.52,
    "epsEstimated": 1.52,
    "time": "bmo",
    "revenue": 3776000000,
    "revenueEstimated": 3776000000,
    "updatedFromDate": "2025-04-25",
    "fiscalDateEnding": "2017-09-30"
  },
  {
    "date": "2017-07-20",
    "symbol": "PPG",
    "eps": 1.83,
    "epsEstimated": 1.82,
    "time": "bmo",
    "revenue": 3806000000,
    "revenueEstimated": 3783213114,
    "updatedFromDate": "2025-04-25",
    "fiscalDateEnding": "2017-06-30"
  },
  {
    "date": "2017-04-20",
    "symbol": "PPG",
    "eps": 1.35,
    "epsEstimated": 1.32,
    "time": "bmo",
    "revenue": 3569000000,
    "revenueEstimated": 3408533333,
    "updatedFromDate": "2025-04-25",
    "fiscalDateEnding": "2017-03-31"
  },
  {
    "date": "2017-01-19",
    "symbol": "PPG",
    "eps": 1.19,
    "epsEstimated": 1.18,
    "time": "bmo",
    "revenue": 3497000000,
    "revenueEstimated": 3388285714,
    "updatedFromDate": "2025-04-25",
    "fiscalDateEnding": "2016-12-31"
  },
  {
    "date": "2016-10-20",
    "symbol": "PPG",
    "eps": 1.56,
    "epsEstimated": 1.57,
    "time": "bmo",
    "revenue": 3789000000,
    "revenueEstimated": 3660000000,
    "updatedFromDate": "2025-04-25",
    "fiscalDateEnding": "2016-09-30"
  },
  {
    "date": "2016-07-21",
    "symbol": "PPG",
    "eps": 1.85,
    "epsEstimated": 1.84,
    "time": "bmo",
    "revenue": 4064000000,
    "revenueEstimated": 3782000000,
    "updatedFromDate": "2025-04-25",
    "fiscalDateEnding": "2016-06-30"
  }
]