[
  {
    "date": "2026-04-28",
    "symbol": "PPL",
    "eps": null,
    "epsEstimated": null,
    "time": "bmo",
    "revenue": null,
    "revenueEstimated": null,
    "updatedFromDate": "2025-10-02",
    "fiscalDateEnding": "2026-03-31"
  },
  {
    "date": "2026-02-11",
    "symbol": "PPL",
    "eps": null,
    "epsEstimated": null,
    "time": "bmo",
    "revenue": null,
    "revenueEstimated": null,
    "updatedFromDate": "2025-10-02",
    "fiscalDateEnding": "2025-12-31"
  },
  {
    "date": "2025-11-07",
    "symbol": "PPL",
    "eps": null,
    "epsEstimated": 0.48,
    "time": "bmo",
    "revenue": null,
    "revenueEstimated": null,
    "updatedFromDate": "2025-10-02",
    "fiscalDateEnding": "2025-10-01"
  },
  {
    "date": "2025-07-31",
    "symbol": "PPL",
    "eps": 0.32,
    "epsEstimated": 0.3853,
    "time": "bmo",
    "revenue": 2025000000,
    "revenueEstimated": 1814340686,
    "updatedFromDate": "2025-10-02",
    "fiscalDateEnding": "2025-07-01"
  },
  {
    "date": "2025-04-30",
    "symbol": "PPL",
    "eps": 0.6,
    "epsEstimated": 0.553,
    "time": "bmo",
    "revenue": 2504000000,
    "revenueEstimated": 2150489332,
    "updatedFromDate": "2025-07-30",
    "fiscalDateEnding": "2025-03-31"
  },
  {
    "date": "2025-02-13",
    "symbol": "PPL",
    "eps": 0.34,
    "epsEstimated": 0.37,
    "time": "bmo",
    "revenue": 2211000000,
    "revenueEstimated": 2505078547,
    "updatedFromDate": "2025-05-13",
    "fiscalDateEnding": "2024-12-31"
  },
  {
    "date": "2024-11-01",
    "symbol": "PPL",
    "eps": 0.42,
    "epsEstimated": 0.4196,
    "time": "bmo",
    "revenue": 2066000000,
    "revenueEstimated": 2097702738,
    "updatedFromDate": "2025-04-25",
    "fiscalDateEnding": "2024-09-30"
  },
  {
    "date": "2024-08-02",
    "symbol": "PPL",
    "eps": 0.38,
    "epsEstimated": 0.3286,
    "time": "bmo",
    "revenue": 1881000000,
    "revenueEstimated": 1918025620,
    "updatedFromDate": "2025-04-25",
    "fiscalDateEnding": "2024-06-30"
  },
  {
    "date": "2024-05-01",
    "symbol": "PPL",
    "eps": 0.54,
    "epsEstimated": 0.5,
    "time": "bmo",
    "revenue": 2304000000,
    "revenueEstimated": 2388161975,
    "updatedFromDate": "2025-04-25",
    "fiscalDateEnding": "2024-03-31"
  },
  {
    "date": "2024-02-16",
    "symbol": "PPL",
    "eps": 0.4,
    "epsEstimated": 0.38,
    "time": "bmo",
    "revenue": 2031000000,
    "revenueEstimated": 1898240000,
    "updatedFromDate": "2025-04-25",
    "fiscalDateEnding": "2023-12-31"
  },
  {
    "date": "2023-11-02",
    "symbol": "PPL",
    "eps": 0.43,
    "epsEstimated": 0.45,
    "time": "bmo",
    "revenue": 2043000000,
    "revenueEstimated": 1741750000,
    "updatedFromDate": "2025-04-25",
    "fiscalDateEnding": "2023-09-30"
  },
  {
    "date": "2023-08-04",
    "symbol": "PPL",
    "eps": 0.29,
    "epsEstimated": 0.32,
    "time": "bmo",
    "revenue": 1823000000,
    "revenueEstimated": 1267720000,
    "updatedFromDate": "2025-04-25",
    "fiscalDateEnding": "2023-06-30"
  },
  {
    "date": "2023-05-04",
    "symbol": "PPL",
    "eps": 0.48,
    "epsEstimated": 0.46,
    "time": "bmo",
    "revenue": 2415000000,
    "revenueEstimated": 1992390000,
    "updatedFromDate": "2025-04-25",
    "fiscalDateEnding": "2023-03-31"
  },
  {
    "date": "2023-02-17",
    "symbol": "PPL",
    "eps": 0.28,
    "epsEstimated": 0.28,
    "time": "bmo",
    "revenue": 2290000000,
    "revenueEstimated": 1244831269,
    "updatedFromDate": "2025-04-25",
    "fiscalDateEnding": "2022-12-31"
  },
  {
    "date": "2022-11-04",
    "symbol": "PPL",
    "eps": 0.41,
    "epsEstimated": 0.41,
    "time": "bmo",
    "revenue": 2134000000,
    "revenueEstimated": 1813897156,
    "updatedFromDate": "2025-04-25",
    "fiscalDateEnding": "2022-09-30"
  },
  {
    "date": "2022-08-03",
    "symbol": "PPL",
    "eps": 0.3,
    "epsEstimated": 0.29,
    "time": "bmo",
    "revenue": 1696000000,
    "revenueEstimated": 1597934490,
    "updatedFromDate": "2025-04-25",
    "fiscalDateEnding": "2022-06-30"
  },
  {
    "date": "2022-05-05",
    "symbol": "PPL",
    "eps": 0.41,
    "epsEstimated": 0.39,
    "time": "bmo",
    "revenue": 1782000000,
    "revenueEstimated": 1737845462,
    "updatedFromDate": "2025-04-25",
    "fiscalDateEnding": "2022-03-31"
  },
  {
    "date": "2022-02-18",
    "symbol": "PPL",
    "eps": 0.22,
    "epsEstimated": 0.32,
    "time": "bmo",
    "revenue": 1485000000,
    "revenueEstimated": 2000004628,
    "updatedFromDate": "2025-04-25",
    "fiscalDateEnding": "2021-12-31"
  },
  {
    "date": "2021-11-04",
    "symbol": "PPL",
    "eps": 0.36,
    "epsEstimated": 0.37,
    "time": "bmo",
    "revenue": 1512000000,
    "revenueEstimated": 1498570000,
    "updatedFromDate": "2025-04-25",
    "fiscalDateEnding": "2021-09-30"
  },
  {
    "date": "2021-08-05",
    "symbol": "PPL",
    "eps": 0.19,
    "epsEstimated": 0.23,
    "time": "bmo",
    "revenue": 1288000000,
    "revenueEstimated": 1419600000,
    "updatedFromDate": "2025-04-25",
    "fiscalDateEnding": "2021-06-30"
  },
  {
    "date": "2021-05-06",
    "symbol": "PPL",
    "eps": 0.28,
    "epsEstimated": 0.71,
    "time": "bmo",
    "revenue": 1498000000,
    "revenueEstimated": 2142900000,
    "updatedFromDate": "2025-04-25",
    "fiscalDateEnding": "2021-03-31"
  },
  {
    "date": "2021-02-18",
    "symbol": "PPL",
    "eps": 0.59,
    "epsEstimated": 0.61,
    "time": "bmo",
    "revenue": 1929000000,
    "revenueEstimated": 2120580000,
    "updatedFromDate": "2025-04-25",
    "fiscalDateEnding": "2020-12-31"
  },
  {
    "date": "2020-11-05",
    "symbol": "PPL",
    "eps": 0.58,
    "epsEstimated": 0.61,
    "time": "bmo",
    "revenue": 1885000000,
    "revenueEstimated": 2006612903,
    "updatedFromDate": "2025-04-25",
    "fiscalDateEnding": "2020-09-30"
  },
  {
    "date": "2020-08-10",
    "symbol": "PPL",
    "eps": 0.55,
    "epsEstimated": 0.55,
    "time": "bmo",
    "revenue": 1739000000,
    "revenueEstimated": 1739000000,
    "updatedFromDate": "2025-04-25",
    "fiscalDateEnding": "2020-06-30"
  },
  {
    "date": "2020-05-08",
    "symbol": "PPL",
    "eps": 0.67,
    "epsEstimated": 0.71,
    "time": "bmo",
    "revenue": 2054000000,
    "revenueEstimated": 2176626865,
    "updatedFromDate": "2025-04-25",
    "fiscalDateEnding": "2020-03-31"
  },
  {
    "date": "2020-02-14",
    "symbol": "PPL",
    "eps": 0.57,
    "epsEstimated": 0.53,
    "time": "bmo",
    "revenue": 1954000000,
    "revenueEstimated": 1816877192,
    "updatedFromDate": "2025-04-25",
    "fiscalDateEnding": "2019-12-31"
  },
  {
    "date": "2019-11-05",
    "symbol": "PPL",
    "eps": 0.61,
    "epsEstimated": 0.62,
    "time": "bmo",
    "revenue": 1933000000,
    "revenueEstimated": 1964688524,
    "updatedFromDate": "2025-04-25",
    "fiscalDateEnding": "2019-09-30"
  },
  {
    "date": "2019-08-06",
    "symbol": "PPL",
    "eps": 0.58,
    "epsEstimated": 0.56,
    "time": "bmo",
    "revenue": 1803000000,
    "revenueEstimated": 1740827586,
    "updatedFromDate": "2025-04-25",
    "fiscalDateEnding": "2019-06-30"
  },
  {
    "date": "2019-05-02",
    "symbol": "PPL",
    "eps": 0.7,
    "epsEstimated": 0.72,
    "time": "bmo",
    "revenue": 2079000000,
    "revenueEstimated": 2168100000,
    "updatedFromDate": "2025-04-25",
    "fiscalDateEnding": "2019-03-31"
  },
  {
    "date": "2019-02-14",
    "symbol": "PPL",
    "eps": 0.52,
    "epsEstimated": 0.49,
    "time": "bmo",
    "revenue": 1939000000,
    "revenueEstimated": 1827134615,
    "updatedFromDate": "2025-04-25",
    "fiscalDateEnding": "2018-12-31"
  },
  {
    "date": "2018-11-01",
    "symbol": "PPL",
    "eps": 0.59,
    "epsEstimated": 0.56,
    "time": "bmo",
    "revenue": 1872000000,
    "revenueEstimated": 1776813559,
    "updatedFromDate": "2025-04-25",
    "fiscalDateEnding": "2018-09-30"
  },
  {
    "date": "2018-08-07",
    "symbol": "PPL",
    "eps": 0.55,
    "epsEstimated": 0.54,
    "time": "bmo",
    "revenue": 1848000000,
    "revenueEstimated": 1814400000,
    "updatedFromDate": "2025-04-25",
    "fiscalDateEnding": "2018-06-30"
  },
  {
    "date": "2018-05-03",
    "symbol": "PPL",
    "eps": 0.74,
    "epsEstimated": 0.66,
    "time": "bmo",
    "revenue": 2126000000,
    "revenueEstimated": 1896162162,
    "updatedFromDate": "2025-04-25",
    "fiscalDateEnding": "2018-03-31"
  },
  {
    "date": "2018-02-22",
    "symbol": "PPL",
    "eps": 0.55,
    "epsEstimated": 0.48,
    "time": "bmo",
    "revenue": 1926000000,
    "revenueEstimated": 1680872727,
    "updatedFromDate": "2025-04-25",
    "fiscalDateEnding": "2017-12-31"
  },
  {
    "date": "2017-11-01",
    "symbol": "PPL",
    "eps": 0.56,
    "epsEstimated": 0.53,
    "time": "bmo",
    "revenue": 1845000000,
    "revenueEstimated": 1746160714,
    "updatedFromDate": "2025-04-25",
    "fiscalDateEnding": "2017-09-30"
  },
  {
    "date": "2017-08-03",
    "symbol": "PPL",
    "eps": 0.52,
    "epsEstimated": 0.5,
    "time": "bmo",
    "revenue": 1725000000,
    "revenueEstimated": 1658653846,
    "updatedFromDate": "2025-04-25",
    "fiscalDateEnding": "2017-06-30"
  },
  {
    "date": "2017-05-04",
    "symbol": "PPL",
    "eps": 0.62,
    "epsEstimated": 0.61,
    "time": "bmo",
    "revenue": 1951000000,
    "revenueEstimated": 1919532258,
    "updatedFromDate": "2025-04-25",
    "fiscalDateEnding": "2017-03-31"
  },
  {
    "date": "2017-02-01",
    "symbol": "PPL",
    "eps": 0.6,
    "epsEstimated": 0.5,
    "time": "bmo",
    "revenue": 1832000000,
    "revenueEstimated": 1526666666,
    "updatedFromDate": "2025-04-25",
    "fiscalDateEnding": "2016-12-31"
  },
  {
    "date": "2016-11-01",
    "symbol": "PPL",
    "eps": 0.63,
    "epsEstimated": 0.58,
    "time": "bmo",
    "revenue": 1889000000,
    "revenueEstimated": 1739079365,
    "updatedFromDate": "2025-04-25",
    "fiscalDateEnding": "2016-09-30"
  },
  {
    "date": "2016-08-09",
    "symbol": "PPL",
    "eps": 0.56,
    "epsEstimated": 0.53,
    "time": "bmo",
    "revenue": 1785000000,
    "revenueEstimated": 1689375000,
    "updatedFromDate": "2025-04-25",
    "fiscalDateEnding": "2016-06-30"
  }
]