[
  {
    "date": "2026-04-28",
    "symbol": "PRU",
    "eps": null,
    "epsEstimated": null,
    "time": "amc",
    "revenue": null,
    "revenueEstimated": null,
    "updatedFromDate": "2025-10-02",
    "fiscalDateEnding": "2026-03-30"
  },
  {
    "date": "2026-02-02",
    "symbol": "PRU",
    "eps": null,
    "epsEstimated": null,
    "time": "amc",
    "revenue": null,
    "revenueEstimated": null,
    "updatedFromDate": "2025-10-02",
    "fiscalDateEnding": "2025-12-30"
  },
  {
    "date": "2025-10-29",
    "symbol": "PRU",
    "eps": null,
    "epsEstimated": 3.57,
    "time": "bmo",
    "revenue": null,
    "revenueEstimated": 13772229070,
    "updatedFromDate": "2025-10-02",
    "fiscalDateEnding": "2025-09-30"
  },
  {
    "date": "2025-07-30",
    "symbol": "PRU",
    "eps": 3.58,
    "epsEstimated": 3.22,
    "time": "amc",
    "revenue": 13771000000,
    "revenueEstimated": 13510120965,
    "updatedFromDate": "2025-10-02",
    "fiscalDateEnding": "2025-06-30"
  },
  {
    "date": "2025-04-30",
    "symbol": "PRU",
    "eps": 3.29,
    "epsEstimated": 3.18,
    "time": "amc",
    "revenue": 13537000000,
    "revenueEstimated": 14442546780,
    "updatedFromDate": "2025-07-30",
    "fiscalDateEnding": "2025-03-31"
  },
  {
    "date": "2025-02-04",
    "symbol": "PRU",
    "eps": 2.96,
    "epsEstimated": 3.36,
    "time": "amc",
    "revenue": 12615000000,
    "revenueEstimated": 14709303543,
    "updatedFromDate": "2025-05-04",
    "fiscalDateEnding": "2024-12-31"
  },
  {
    "date": "2024-10-30",
    "symbol": "PRU",
    "eps": 3.48,
    "epsEstimated": 3.47,
    "time": "amc",
    "revenue": 19490000000,
    "revenueEstimated": 14893235424,
    "updatedFromDate": "2025-04-25",
    "fiscalDateEnding": "2024-09-30"
  },
  {
    "date": "2024-08-01",
    "symbol": "PRU",
    "eps": 3.39,
    "epsEstimated": 3.45,
    "time": "amc",
    "revenue": 14883000000,
    "revenueEstimated": 13529218111,
    "updatedFromDate": "2025-04-25",
    "fiscalDateEnding": "2024-06-30"
  },
  {
    "date": "2024-04-30",
    "symbol": "PRU",
    "eps": 3.12,
    "epsEstimated": 3.13,
    "time": "amc",
    "revenue": 23509000000,
    "revenueEstimated": 14496064428,
    "updatedFromDate": "2025-04-25",
    "fiscalDateEnding": "2024-03-31"
  },
  {
    "date": "2024-02-06",
    "symbol": "PRU",
    "eps": 2.58,
    "epsEstimated": 2.61,
    "time": "amc",
    "revenue": 17382000000,
    "revenueEstimated": 12993800000,
    "updatedFromDate": "2025-04-25",
    "fiscalDateEnding": "2023-12-31"
  },
  {
    "date": "2023-11-01",
    "symbol": "PRU",
    "eps": 3.44,
    "epsEstimated": 3.16,
    "time": "amc",
    "revenue": 8352000000,
    "revenueEstimated": 12964700000,
    "updatedFromDate": "2025-04-25",
    "fiscalDateEnding": "2023-09-30"
  },
  {
    "date": "2023-08-01",
    "symbol": "PRU",
    "eps": 2.94,
    "epsEstimated": 3.04,
    "time": "amc",
    "revenue": 13498000000,
    "revenueEstimated": 13063500000,
    "updatedFromDate": "2025-04-25",
    "fiscalDateEnding": "2023-06-30"
  },
  {
    "date": "2023-05-02",
    "symbol": "PRU",
    "eps": 2.66,
    "epsEstimated": 3.02,
    "time": "amc",
    "revenue": 17063000000,
    "revenueEstimated": 12990900000,
    "updatedFromDate": "2025-04-25",
    "fiscalDateEnding": "2023-03-31"
  },
  {
    "date": "2023-02-07",
    "symbol": "PRU",
    "eps": 2.42,
    "epsEstimated": 2.57,
    "time": "amc",
    "revenue": 11135000000,
    "revenueEstimated": 13566102770,
    "updatedFromDate": "2025-04-25",
    "fiscalDateEnding": "2022-12-31"
  },
  {
    "date": "2022-11-01",
    "symbol": "PRU",
    "eps": 2.13,
    "epsEstimated": 2.21,
    "time": "amc",
    "revenue": 20201000000,
    "revenueEstimated": 14666399956,
    "updatedFromDate": "2025-04-25",
    "fiscalDateEnding": "2022-09-30"
  },
  {
    "date": "2022-08-02",
    "symbol": "PRU",
    "eps": 1.74,
    "epsEstimated": 2.62,
    "time": "amc",
    "revenue": 11392000000,
    "revenueEstimated": 12274203095,
    "updatedFromDate": "2025-04-25",
    "fiscalDateEnding": "2022-06-30"
  },
  {
    "date": "2022-05-03",
    "symbol": "PRU",
    "eps": 3.17,
    "epsEstimated": 2.67,
    "time": "amc",
    "revenue": 11855000000,
    "revenueEstimated": 13921910148,
    "updatedFromDate": "2025-04-25",
    "fiscalDateEnding": "2022-03-31"
  },
  {
    "date": "2022-02-03",
    "symbol": "PRU",
    "eps": 3.18,
    "epsEstimated": 2.36,
    "time": "amc",
    "revenue": 16424000000,
    "revenueEstimated": 14017142843,
    "updatedFromDate": "2025-04-25",
    "fiscalDateEnding": "2021-12-31"
  },
  {
    "date": "2021-11-02",
    "symbol": "PRU",
    "eps": 3.78,
    "epsEstimated": 2.74,
    "time": "amc",
    "revenue": 21641000000,
    "revenueEstimated": 13522100000,
    "updatedFromDate": "2025-04-25",
    "fiscalDateEnding": "2021-09-30"
  },
  {
    "date": "2021-08-03",
    "symbol": "PRU",
    "eps": 3.79,
    "epsEstimated": 3.04,
    "time": "amc",
    "revenue": 15857000000,
    "revenueEstimated": 13101000000,
    "updatedFromDate": "2025-04-25",
    "fiscalDateEnding": "2021-06-30"
  },
  {
    "date": "2021-05-04",
    "symbol": "PRU",
    "eps": 4.11,
    "epsEstimated": 2.68,
    "time": "amc",
    "revenue": 16949000000,
    "revenueEstimated": 14289430434,
    "updatedFromDate": "2025-04-25",
    "fiscalDateEnding": "2021-03-31"
  },
  {
    "date": "2021-02-04",
    "symbol": "PRU",
    "eps": 2.93,
    "epsEstimated": 2.5,
    "time": "amc",
    "revenue": 16048000000,
    "revenueEstimated": 13783692607,
    "updatedFromDate": "2025-04-25",
    "fiscalDateEnding": "2020-12-31"
  },
  {
    "date": "2020-11-03",
    "symbol": "PRU",
    "eps": 3.21,
    "epsEstimated": 2.72,
    "time": "amc",
    "revenue": 15464000000,
    "revenueEstimated": 12646231617,
    "updatedFromDate": "2025-04-25",
    "fiscalDateEnding": "2020-09-30"
  },
  {
    "date": "2020-08-04",
    "symbol": "PRU",
    "eps": 1.85,
    "epsEstimated": 1.72,
    "time": "amc",
    "revenue": 12115000000,
    "revenueEstimated": 10797032432,
    "updatedFromDate": "2025-04-25",
    "fiscalDateEnding": "2020-06-30"
  },
  {
    "date": "2020-05-05",
    "symbol": "PRU",
    "eps": 2.32,
    "epsEstimated": 2.84,
    "time": "amc",
    "revenue": 13464000000,
    "revenueEstimated": 9068168103,
    "updatedFromDate": "2025-04-25",
    "fiscalDateEnding": "2020-03-31"
  },
  {
    "date": "2020-02-04",
    "symbol": "PRU",
    "eps": 2.33,
    "epsEstimated": 2.02,
    "time": "amc",
    "revenue": 19223000000,
    "revenueEstimated": 12910660944,
    "updatedFromDate": "2025-04-25",
    "fiscalDateEnding": "2019-12-31"
  },
  {
    "date": "2019-11-04",
    "symbol": "PRU",
    "eps": 3.22,
    "epsEstimated": 3.07,
    "time": "amc",
    "revenue": 15105000000,
    "revenueEstimated": 9356826086,
    "updatedFromDate": "2025-04-25",
    "fiscalDateEnding": "2019-09-30"
  },
  {
    "date": "2019-07-31",
    "symbol": "PRU",
    "eps": 3.14,
    "epsEstimated": 3.22,
    "time": "amc",
    "revenue": 15388000000,
    "revenueEstimated": 11658859872,
    "updatedFromDate": "2025-04-25",
    "fiscalDateEnding": "2019-06-30"
  },
  {
    "date": "2019-05-01",
    "symbol": "PRU",
    "eps": 3,
    "epsEstimated": 3.14,
    "time": "amc",
    "revenue": 15091000000,
    "revenueEstimated": 12261853333,
    "updatedFromDate": "2025-04-25",
    "fiscalDateEnding": "2019-03-31"
  },
  {
    "date": "2019-02-06",
    "symbol": "PRU",
    "eps": 2.44,
    "epsEstimated": 2.78,
    "time": "amc",
    "revenue": 18721000000,
    "revenueEstimated": 15586229508,
    "updatedFromDate": "2025-04-25",
    "fiscalDateEnding": "2018-12-31"
  },
  {
    "date": "2018-11-07",
    "symbol": "PRU",
    "eps": 3.15,
    "epsEstimated": 3.16,
    "time": "amc",
    "revenue": 16148000000,
    "revenueEstimated": 11988939682,
    "updatedFromDate": "2025-04-25",
    "fiscalDateEnding": "2018-09-30"
  },
  {
    "date": "2018-08-01",
    "symbol": "PRU",
    "eps": 3.01,
    "epsEstimated": 3.08,
    "time": "amc",
    "revenue": 14655000000,
    "revenueEstimated": 10070823920,
    "updatedFromDate": "2025-04-25",
    "fiscalDateEnding": "2018-06-30"
  },
  {
    "date": "2018-05-02",
    "symbol": "PRU",
    "eps": 3.08,
    "epsEstimated": 2.98,
    "time": "amc",
    "revenue": 13757000000,
    "revenueEstimated": 9030948051,
    "updatedFromDate": "2025-04-25",
    "fiscalDateEnding": "2018-03-31"
  },
  {
    "date": "2018-02-07",
    "symbol": "PRU",
    "eps": 2.69,
    "epsEstimated": 2.6,
    "time": "amc",
    "revenue": 16416000000,
    "revenueEstimated": 12380130111,
    "updatedFromDate": "2025-04-25",
    "fiscalDateEnding": "2017-12-31"
  },
  {
    "date": "2017-11-01",
    "symbol": "PRU",
    "eps": 3.01,
    "epsEstimated": 2.71,
    "time": "amc",
    "revenue": 16313000000,
    "revenueEstimated": 9569631229,
    "updatedFromDate": "2025-04-25",
    "fiscalDateEnding": "2017-09-30"
  },
  {
    "date": "2017-08-02",
    "symbol": "PRU",
    "eps": 2.09,
    "epsEstimated": 2.7,
    "time": "amc",
    "revenue": 13440000000,
    "revenueEstimated": 13492248803,
    "updatedFromDate": "2025-04-25",
    "fiscalDateEnding": "2017-06-30"
  },
  {
    "date": "2017-05-03",
    "symbol": "PRU",
    "eps": 2.79,
    "epsEstimated": 2.64,
    "time": "amc",
    "revenue": 13670000000,
    "revenueEstimated": 8688344086,
    "updatedFromDate": "2025-04-25",
    "fiscalDateEnding": "2017-03-31"
  },
  {
    "date": "2017-02-08",
    "symbol": "PRU",
    "eps": 2.46,
    "epsEstimated": 2.31,
    "time": "amc",
    "revenue": 14528000000,
    "revenueEstimated": 10369268292,
    "updatedFromDate": "2025-04-25",
    "fiscalDateEnding": "2016-12-31"
  },
  {
    "date": "2016-11-02",
    "symbol": "PRU",
    "eps": 2.66,
    "epsEstimated": 2.5,
    "time": "amc",
    "revenue": 16961000000,
    "revenueEstimated": 11303289473,
    "updatedFromDate": "2025-04-25",
    "fiscalDateEnding": "2016-09-30"
  },
  {
    "date": "2016-08-03",
    "symbol": "PRU",
    "eps": 1.84,
    "epsEstimated": 2.5,
    "time": "amc",
    "revenue": 14439000000,
    "revenueEstimated": 12523097826,
    "updatedFromDate": "2025-04-25",
    "fiscalDateEnding": "2016-06-30"
  }
]