[
  {
    "date": "2026-04-28",
    "symbol": "PSA",
    "eps": null,
    "epsEstimated": null,
    "time": "amc",
    "revenue": null,
    "revenueEstimated": null,
    "updatedFromDate": "2025-10-02",
    "fiscalDateEnding": "2026-03-30"
  },
  {
    "date": "2026-02-23",
    "symbol": "PSA",
    "eps": null,
    "epsEstimated": null,
    "time": "amc",
    "revenue": null,
    "revenueEstimated": null,
    "updatedFromDate": "2025-10-02",
    "fiscalDateEnding": "2025-12-30"
  },
  {
    "date": "2025-10-29",
    "symbol": "PSA",
    "eps": null,
    "epsEstimated": 4.25,
    "time": "bmo",
    "revenue": null,
    "revenueEstimated": 1209595030,
    "updatedFromDate": "2025-10-02",
    "fiscalDateEnding": "2025-09-30"
  },
  {
    "date": "2025-07-30",
    "symbol": "PSA",
    "eps": 4.28,
    "epsEstimated": 4.23,
    "time": "amc",
    "revenue": 1201094000,
    "revenueEstimated": 1219460740,
    "updatedFromDate": "2025-10-02",
    "fiscalDateEnding": "2025-06-30"
  },
  {
    "date": "2025-04-30",
    "symbol": "PSA",
    "eps": 4.12,
    "epsEstimated": 4.06,
    "time": "amc",
    "revenue": 1183184000,
    "revenueEstimated": 1176418120,
    "updatedFromDate": "2025-07-30",
    "fiscalDateEnding": "2025-03-31"
  },
  {
    "date": "2025-02-24",
    "symbol": "PSA",
    "eps": 4.21,
    "epsEstimated": 4.23,
    "time": "amc",
    "revenue": 1177427000,
    "revenueEstimated": 1180035230,
    "updatedFromDate": "2025-05-24",
    "fiscalDateEnding": "2024-12-31"
  },
  {
    "date": "2024-10-30",
    "symbol": "PSA",
    "eps": 4.2,
    "epsEstimated": 4.25,
    "time": "amc",
    "revenue": 1187758000,
    "revenueEstimated": 1182131800,
    "updatedFromDate": "2025-04-24",
    "fiscalDateEnding": "2024-09-30"
  },
  {
    "date": "2024-07-30",
    "symbol": "PSA",
    "eps": 4.23,
    "epsEstimated": 4.2,
    "time": "amc",
    "revenue": 1173211000,
    "revenueEstimated": 1179830000,
    "updatedFromDate": "2025-04-24",
    "fiscalDateEnding": "2024-06-30"
  },
  {
    "date": "2024-04-30",
    "symbol": "PSA",
    "eps": 4.03,
    "epsEstimated": 4.07,
    "time": "amc",
    "revenue": 1157220000,
    "revenueEstimated": 1146562084,
    "updatedFromDate": "2025-04-24",
    "fiscalDateEnding": "2024-03-31"
  },
  {
    "date": "2024-02-20",
    "symbol": "PSA",
    "eps": 4.2,
    "epsEstimated": 4.15,
    "time": "amc",
    "revenue": 1159868000,
    "revenueEstimated": 1185780000,
    "updatedFromDate": "2025-04-24",
    "fiscalDateEnding": "2023-12-31"
  },
  {
    "date": "2023-10-30",
    "symbol": "PSA",
    "eps": 3.2,
    "epsEstimated": 2.81,
    "time": "amc",
    "revenue": 1143820000,
    "revenueEstimated": 1136810000,
    "updatedFromDate": "2025-04-24",
    "fiscalDateEnding": "2023-09-30"
  },
  {
    "date": "2023-08-02",
    "symbol": "PSA",
    "eps": 3,
    "epsEstimated": 2.91,
    "time": "amc",
    "revenue": 1119770000,
    "revenueEstimated": 1122670000,
    "updatedFromDate": "2025-04-24",
    "fiscalDateEnding": "2023-06-30"
  },
  {
    "date": "2023-05-03",
    "symbol": "PSA",
    "eps": 4.08,
    "epsEstimated": 4.07,
    "time": "amc",
    "revenue": 1094232000,
    "revenueEstimated": 1089210000,
    "updatedFromDate": "2025-04-24",
    "fiscalDateEnding": "2023-03-31"
  },
  {
    "date": "2023-02-21",
    "symbol": "PSA",
    "eps": 4.16,
    "epsEstimated": 3.99,
    "time": "amc",
    "revenue": 1088542000,
    "revenueEstimated": 1081451257,
    "updatedFromDate": "2025-04-24",
    "fiscalDateEnding": "2022-12-31"
  },
  {
    "date": "2022-11-01",
    "symbol": "PSA",
    "eps": 4.13,
    "epsEstimated": 4.05,
    "time": "amc",
    "revenue": 1088131000,
    "revenueEstimated": 1064848199,
    "updatedFromDate": "2025-04-24",
    "fiscalDateEnding": "2022-09-30"
  },
  {
    "date": "2022-08-04",
    "symbol": "PSA",
    "eps": 3.42,
    "epsEstimated": 2.54,
    "time": "amc",
    "revenue": 1032045000,
    "revenueEstimated": 996832130,
    "updatedFromDate": "2025-04-24",
    "fiscalDateEnding": "2022-06-30"
  },
  {
    "date": "2022-05-03",
    "symbol": "PSA",
    "eps": 2.63,
    "epsEstimated": 2.32,
    "time": "amc",
    "revenue": 973445000,
    "revenueEstimated": 981307521,
    "updatedFromDate": "2025-04-24",
    "fiscalDateEnding": "2022-03-31"
  },
  {
    "date": "2022-02-22",
    "symbol": "PSA",
    "eps": 3.17,
    "epsEstimated": 2.17,
    "time": "amc",
    "revenue": 924316000,
    "revenueEstimated": 922222625,
    "updatedFromDate": "2025-04-24",
    "fiscalDateEnding": "2021-12-31"
  },
  {
    "date": "2021-11-01",
    "symbol": "PSA",
    "eps": 2.52,
    "epsEstimated": 2.13,
    "time": "amc",
    "revenue": 894931000,
    "revenueEstimated": 845900000,
    "updatedFromDate": "2025-04-24",
    "fiscalDateEnding": "2021-09-30"
  },
  {
    "date": "2021-08-03",
    "symbol": "PSA",
    "eps": 3.15,
    "epsEstimated": 2.93,
    "time": "amc",
    "revenue": 829315000,
    "revenueEstimated": 829315000,
    "updatedFromDate": "2025-04-24",
    "fiscalDateEnding": "2021-06-30"
  },
  {
    "date": "2021-04-28",
    "symbol": "PSA",
    "eps": 2.21,
    "epsEstimated": 1.77,
    "time": "amc",
    "revenue": 767262000,
    "revenueEstimated": 725090000,
    "updatedFromDate": "2025-04-24",
    "fiscalDateEnding": "2021-03-31"
  },
  {
    "date": "2021-02-24",
    "symbol": "PSA",
    "eps": 2.93,
    "epsEstimated": 2.85,
    "time": "amc",
    "revenue": 759044000,
    "revenueEstimated": 738410000,
    "updatedFromDate": "2025-04-24",
    "fiscalDateEnding": "2020-12-31"
  },
  {
    "date": "2020-11-04",
    "symbol": "PSA",
    "eps": 2.63,
    "epsEstimated": 2.6,
    "time": "amc",
    "revenue": 734545000,
    "revenueEstimated": 851712597,
    "updatedFromDate": "2025-04-24",
    "fiscalDateEnding": "2020-09-30"
  },
  {
    "date": "2020-08-05",
    "symbol": "PSA",
    "eps": 2.46,
    "epsEstimated": 2.52,
    "time": "amc",
    "revenue": 712943000,
    "revenueEstimated": 801229351,
    "updatedFromDate": "2025-04-24",
    "fiscalDateEnding": "2020-06-30"
  },
  {
    "date": "2020-04-30",
    "symbol": "PSA",
    "eps": 2.58,
    "epsEstimated": 2.58,
    "time": "amc",
    "revenue": 719044000,
    "revenueEstimated": 684078335,
    "updatedFromDate": "2025-04-24",
    "fiscalDateEnding": "2020-03-31"
  },
  {
    "date": "2020-02-25",
    "symbol": "PSA",
    "eps": 2.84,
    "epsEstimated": 2.86,
    "time": "amc",
    "revenue": 717499000,
    "revenueEstimated": 771215502,
    "updatedFromDate": "2025-04-24",
    "fiscalDateEnding": "2019-12-31"
  },
  {
    "date": "2019-10-29",
    "symbol": "PSA",
    "eps": 1.93,
    "epsEstimated": 1.91,
    "time": "amc",
    "revenue": 729336000,
    "revenueEstimated": 721778113,
    "updatedFromDate": "2025-04-24",
    "fiscalDateEnding": "2019-09-30"
  },
  {
    "date": "2019-07-30",
    "symbol": "PSA",
    "eps": 2.64,
    "epsEstimated": 2.63,
    "time": "amc",
    "revenue": 710950000,
    "revenueEstimated": 739226420,
    "updatedFromDate": "2025-04-24",
    "fiscalDateEnding": "2019-06-30"
  },
  {
    "date": "2019-05-01",
    "symbol": "PSA",
    "eps": 2.52,
    "epsEstimated": 2.52,
    "time": "amc",
    "revenue": 689038000,
    "revenueEstimated": 685055121,
    "updatedFromDate": "2025-04-24",
    "fiscalDateEnding": "2019-03-31"
  },
  {
    "date": "2019-02-26",
    "symbol": "PSA",
    "eps": 2.17,
    "epsEstimated": 2.11,
    "time": "amc",
    "revenue": 692460000,
    "revenueEstimated": 673313640,
    "updatedFromDate": "2025-04-24",
    "fiscalDateEnding": "2018-12-31"
  },
  {
    "date": "2018-10-30",
    "symbol": "PSA",
    "eps": 2.7,
    "epsEstimated": 2.68,
    "time": "amc",
    "revenue": 706368000,
    "revenueEstimated": 706368000,
    "updatedFromDate": "2025-04-24",
    "fiscalDateEnding": "2018-09-30"
  },
  {
    "date": "2018-08-01",
    "symbol": "PSA",
    "eps": 2,
    "epsEstimated": 1.83,
    "time": "amc",
    "revenue": 685528000,
    "revenueEstimated": 627232500,
    "updatedFromDate": "2025-04-24",
    "fiscalDateEnding": "2018-06-30"
  },
  {
    "date": "2018-04-25",
    "symbol": "PSA",
    "eps": 2.48,
    "epsEstimated": 2.46,
    "time": "amc",
    "revenue": 669924000,
    "revenueEstimated": 678020000,
    "updatedFromDate": "2025-04-24",
    "fiscalDateEnding": "2018-03-31"
  },
  {
    "date": "2018-02-20",
    "symbol": "PSA",
    "eps": 2.75,
    "epsEstimated": 2.72,
    "time": "amc",
    "revenue": 672308000,
    "revenueEstimated": 693309375,
    "updatedFromDate": "2025-04-24",
    "fiscalDateEnding": "2017-12-31"
  },
  {
    "date": "2017-10-25",
    "symbol": "PSA",
    "eps": 2.61,
    "epsEstimated": 2.6,
    "time": "amc",
    "revenue": 686361000,
    "revenueEstimated": 801510559,
    "updatedFromDate": "2025-04-24",
    "fiscalDateEnding": "2017-09-30"
  },
  {
    "date": "2017-07-26",
    "symbol": "PSA",
    "eps": 2.31,
    "epsEstimated": 2.56,
    "time": "amc",
    "revenue": 664312000,
    "revenueEstimated": 752037735,
    "updatedFromDate": "2025-04-24",
    "fiscalDateEnding": "2017-06-30"
  },
  {
    "date": "2017-04-26",
    "symbol": "PSA",
    "eps": 2.34,
    "epsEstimated": 2.43,
    "time": "amc",
    "revenue": 645547000,
    "revenueEstimated": 657453703,
    "updatedFromDate": "2025-04-24",
    "fiscalDateEnding": "2017-03-31"
  },
  {
    "date": "2017-02-22",
    "symbol": "PSA",
    "eps": 2.03,
    "epsEstimated": 1.89,
    "time": "amc",
    "revenue": 651427000,
    "revenueEstimated": 606475862,
    "updatedFromDate": "2025-04-24",
    "fiscalDateEnding": "2016-12-31"
  },
  {
    "date": "2016-10-26",
    "symbol": "PSA",
    "eps": 1.78,
    "epsEstimated": 1.77,
    "time": "amc",
    "revenue": 663148000,
    "revenueEstimated": 659374719,
    "updatedFromDate": "2025-04-24",
    "fiscalDateEnding": "2016-09-30"
  },
  {
    "date": "2016-07-27",
    "symbol": "PSA",
    "eps": 2.34,
    "epsEstimated": 2.38,
    "time": "amc",
    "revenue": 634188000,
    "revenueEstimated": 657834782,
    "updatedFromDate": "2025-04-24",
    "fiscalDateEnding": "2016-06-30"
  }
]