[
  {
    "date": "2026-05-06",
    "symbol": "PSKY",
    "eps": null,
    "epsEstimated": null,
    "time": "amc",
    "revenue": null,
    "revenueEstimated": null,
    "updatedFromDate": "2025-10-02",
    "fiscalDateEnding": "2026-03-30"
  },
  {
    "date": "2026-02-24",
    "symbol": "PSKY",
    "eps": null,
    "epsEstimated": null,
    "time": "amc",
    "revenue": null,
    "revenueEstimated": null,
    "updatedFromDate": "2025-10-02",
    "fiscalDateEnding": "2025-12-30"
  },
  {
    "date": "2025-11-14",
    "symbol": "PSKY",
    "eps": null,
    "epsEstimated": 0.49,
    "time": "bmo",
    "revenue": null,
    "revenueEstimated": null,
    "updatedFromDate": "2025-10-02",
    "fiscalDateEnding": "2025-09-30"
  },
  {
    "date": "2025-07-31",
    "symbol": "PSKY",
    "eps": 0.46,
    "epsEstimated": 0.41,
    "time": "amc",
    "revenue": 6849000000,
    "revenueEstimated": 6770663830,
    "updatedFromDate": "2025-10-02",
    "fiscalDateEnding": "2025-06-30"
  },
  {
    "date": "2025-05-08",
    "symbol": "PSKY",
    "eps": 0.29,
    "epsEstimated": 0.2544,
    "time": "amc",
    "revenue": 7192000000,
    "revenueEstimated": 7085055519,
    "updatedFromDate": "2025-08-08",
    "fiscalDateEnding": "2025-03-31"
  },
  {
    "date": "2025-02-26",
    "symbol": "PSKY",
    "eps": -0.11,
    "epsEstimated": 0.18,
    "time": "amc",
    "revenue": 7984000000,
    "revenueEstimated": 8074643280,
    "updatedFromDate": "2025-05-26",
    "fiscalDateEnding": "2024-12-31"
  },
  {
    "date": "2024-11-08",
    "symbol": "PSKY",
    "eps": 0.49,
    "epsEstimated": 0.2443,
    "time": "bmo",
    "revenue": 6731000000,
    "revenueEstimated": 6944643737,
    "updatedFromDate": "2025-04-25",
    "fiscalDateEnding": "2024-09-30"
  },
  {
    "date": "2024-08-08",
    "symbol": "PSKY",
    "eps": 0.54,
    "epsEstimated": 0.14,
    "time": "amc",
    "revenue": 6813000000,
    "revenueEstimated": 7235220000,
    "updatedFromDate": "2025-04-25",
    "fiscalDateEnding": "2024-06-30"
  },
  {
    "date": "2024-04-29",
    "symbol": "PSKY",
    "eps": 0.62,
    "epsEstimated": 0.34,
    "time": "amc",
    "revenue": 7685000000,
    "revenueEstimated": 7246180000,
    "updatedFromDate": "2025-04-25",
    "fiscalDateEnding": "2024-03-31"
  },
  {
    "date": "2024-02-28",
    "symbol": "PSKY",
    "eps": 0.04,
    "epsEstimated": -0.05,
    "time": "amc",
    "revenue": 7638000000,
    "revenueEstimated": 7844890000,
    "updatedFromDate": "2025-04-25",
    "fiscalDateEnding": "2023-12-31"
  },
  {
    "date": "2023-11-02",
    "symbol": "PSKY",
    "eps": 0.3,
    "epsEstimated": 0.08,
    "time": "bmo",
    "revenue": 7133000000,
    "revenueEstimated": 7122050000,
    "updatedFromDate": "2025-04-25",
    "fiscalDateEnding": "2023-09-30"
  },
  {
    "date": "2023-08-07",
    "symbol": "PSKY",
    "eps": 0.1,
    "epsEstimated": 0.00434,
    "time": "amc",
    "revenue": 7616000000,
    "revenueEstimated": 7425780000,
    "updatedFromDate": "2025-04-25",
    "fiscalDateEnding": "2023-06-30"
  },
  {
    "date": "2023-05-04",
    "symbol": "PSKY",
    "eps": 0.09,
    "epsEstimated": 0.12,
    "time": "bmo",
    "revenue": 7265000000,
    "revenueEstimated": 7421280000,
    "updatedFromDate": "2025-04-25",
    "fiscalDateEnding": "2023-03-31"
  },
  {
    "date": "2023-02-16",
    "symbol": "PSKY",
    "eps": 0.08,
    "epsEstimated": 0.18,
    "time": "bmo",
    "revenue": 8131000000,
    "revenueEstimated": 8170495643,
    "updatedFromDate": "2025-04-25",
    "fiscalDateEnding": "2022-12-31"
  },
  {
    "date": "2022-11-02",
    "symbol": "PSKY",
    "eps": 0.39,
    "epsEstimated": 0.43,
    "time": "bmo",
    "revenue": 6916000000,
    "revenueEstimated": 7081569378,
    "updatedFromDate": "2025-04-25",
    "fiscalDateEnding": "2022-09-30"
  },
  {
    "date": "2022-08-04",
    "symbol": "PSKY",
    "eps": 0.64,
    "epsEstimated": 0.61,
    "time": "bmo",
    "revenue": 7779000000,
    "revenueEstimated": 7556203334,
    "updatedFromDate": "2025-04-25",
    "fiscalDateEnding": "2022-06-30"
  },
  {
    "date": "2022-05-03",
    "symbol": "PSKY",
    "eps": 0.6,
    "epsEstimated": 0.51,
    "time": "bmo",
    "revenue": 7328000000,
    "revenueEstimated": 7386418170,
    "updatedFromDate": "2025-04-25",
    "fiscalDateEnding": "2022-03-31"
  },
  {
    "date": "2022-02-15",
    "symbol": "PSKY",
    "eps": 0.26,
    "epsEstimated": 0.43,
    "time": "bmo",
    "revenue": 8000000000,
    "revenueEstimated": 7502289833,
    "updatedFromDate": "2025-04-25",
    "fiscalDateEnding": "2021-12-31"
  },
  {
    "date": "2021-11-04",
    "symbol": "PSKY",
    "eps": 0.76,
    "epsEstimated": 0.76,
    "time": "bmo",
    "revenue": 6610000000,
    "revenueEstimated": null,
    "updatedFromDate": "2025-04-25",
    "fiscalDateEnding": "2021-09-30"
  },
  {
    "date": "2021-08-05",
    "symbol": "PSKY",
    "eps": 0.97,
    "epsEstimated": 0.96,
    "time": "bmo",
    "revenue": 6564000000,
    "revenueEstimated": null,
    "updatedFromDate": "2025-04-25",
    "fiscalDateEnding": "2021-06-30"
  },
  {
    "date": "2021-05-06",
    "symbol": "PSKY",
    "eps": 1.52,
    "epsEstimated": 1.22,
    "time": "bmo",
    "revenue": 7412000000,
    "revenueEstimated": null,
    "updatedFromDate": "2025-04-25",
    "fiscalDateEnding": "2021-03-31"
  },
  {
    "date": "2021-02-24",
    "symbol": "PSKY",
    "eps": 1.04,
    "epsEstimated": 1.01,
    "time": "bmo",
    "revenue": 6225000000,
    "revenueEstimated": null,
    "updatedFromDate": "2025-04-25",
    "fiscalDateEnding": "2020-12-31"
  },
  {
    "date": "2020-11-06",
    "symbol": "PSKY",
    "eps": 0.91,
    "epsEstimated": 0.8,
    "time": "bmo",
    "revenue": 6116000000,
    "revenueEstimated": null,
    "updatedFromDate": "2025-04-25",
    "fiscalDateEnding": "2020-09-30"
  },
  {
    "date": "2020-08-06",
    "symbol": "PSKY",
    "eps": 1.25,
    "epsEstimated": 0.93,
    "time": "bmo",
    "revenue": 6275000000,
    "revenueEstimated": null,
    "updatedFromDate": "2025-04-25",
    "fiscalDateEnding": "2020-06-30"
  },
  {
    "date": "2020-05-07",
    "symbol": "PSKY",
    "eps": 1.13,
    "epsEstimated": 0.96,
    "time": "bmo",
    "revenue": 6669000000,
    "revenueEstimated": null,
    "updatedFromDate": "2025-04-25",
    "fiscalDateEnding": "2020-03-31"
  },
  {
    "date": "2020-02-20",
    "symbol": "PSKY",
    "eps": 0.97,
    "epsEstimated": 1.44,
    "time": "bmo",
    "revenue": 16541000000,
    "revenueEstimated": null,
    "updatedFromDate": "2025-04-25",
    "fiscalDateEnding": "2019-12-31"
  },
  {
    "date": "2019-11-12",
    "symbol": "PSKY",
    "eps": 0.95,
    "epsEstimated": 0.92,
    "time": "bmo",
    "revenue": 3295000000,
    "revenueEstimated": null,
    "updatedFromDate": "2025-04-25",
    "fiscalDateEnding": "2019-09-30"
  },
  {
    "date": "2019-08-08",
    "symbol": "PSKY",
    "eps": 1.16,
    "epsEstimated": 1.12,
    "time": "bmo",
    "revenue": 3809000000,
    "revenueEstimated": null,
    "updatedFromDate": "2025-04-25",
    "fiscalDateEnding": "2019-06-30"
  },
  {
    "date": "2019-05-02",
    "symbol": "PSKY",
    "eps": 1.37,
    "epsEstimated": 1.36,
    "time": "bmo",
    "revenue": 4167000000,
    "revenueEstimated": null,
    "updatedFromDate": "2025-04-25",
    "fiscalDateEnding": "2019-03-31"
  },
  {
    "date": "2019-02-14",
    "symbol": "PSKY",
    "eps": 1.5,
    "epsEstimated": 1.52,
    "time": "bmo",
    "revenue": 4024000000,
    "revenueEstimated": null,
    "updatedFromDate": "2025-04-25",
    "fiscalDateEnding": "2018-12-31"
  },
  {
    "date": "2018-11-01",
    "symbol": "PSKY",
    "eps": 1.24,
    "epsEstimated": 1.22,
    "time": "bmo",
    "revenue": 3263000000,
    "revenueEstimated": null,
    "updatedFromDate": "2025-04-25",
    "fiscalDateEnding": "2018-09-30"
  },
  {
    "date": "2018-08-02",
    "symbol": "PSKY",
    "eps": 1.12,
    "epsEstimated": 1.11,
    "time": "bmo",
    "revenue": 3466000000,
    "revenueEstimated": null,
    "updatedFromDate": "2025-04-25",
    "fiscalDateEnding": "2018-06-30"
  },
  {
    "date": "2018-05-03",
    "symbol": "PSKY",
    "eps": 1.34,
    "epsEstimated": 1.19,
    "time": "bmo",
    "revenue": 3761000000,
    "revenueEstimated": null,
    "updatedFromDate": "2025-04-25",
    "fiscalDateEnding": "2018-03-31"
  },
  {
    "date": "2018-02-15",
    "symbol": "PSKY",
    "eps": 1.2,
    "epsEstimated": 1.14,
    "time": "bmo",
    "revenue": 3921000000,
    "revenueEstimated": null,
    "updatedFromDate": "2025-04-25",
    "fiscalDateEnding": "2017-12-31"
  },
  {
    "date": "2017-11-02",
    "symbol": "PSKY",
    "eps": 1.11,
    "epsEstimated": 1.07,
    "time": "bmo",
    "revenue": 3171000000,
    "revenueEstimated": null,
    "updatedFromDate": "2025-04-25",
    "fiscalDateEnding": "2017-09-30"
  },
  {
    "date": "2017-08-07",
    "symbol": "PSKY",
    "eps": 1.04,
    "epsEstimated": 0.98,
    "time": "bmo",
    "revenue": 3257000000,
    "revenueEstimated": null,
    "updatedFromDate": "2025-04-25",
    "fiscalDateEnding": "2017-06-30"
  },
  {
    "date": "2017-05-04",
    "symbol": "PSKY",
    "eps": 1.06,
    "epsEstimated": 0.95,
    "time": "bmo",
    "revenue": 3343000000,
    "revenueEstimated": null,
    "updatedFromDate": "2025-04-25",
    "fiscalDateEnding": "2017-03-31"
  },
  {
    "date": "2017-02-15",
    "symbol": "PSKY",
    "eps": 1.11,
    "epsEstimated": 1.1,
    "time": "bmo",
    "revenue": 3518000000,
    "revenueEstimated": null,
    "updatedFromDate": "2025-04-25",
    "fiscalDateEnding": "2016-12-31"
  },
  {
    "date": "2016-11-03",
    "symbol": "PSKY",
    "eps": 1.05,
    "epsEstimated": 0.98,
    "time": "bmo",
    "revenue": 3396000000,
    "revenueEstimated": null,
    "updatedFromDate": "2025-04-25",
    "fiscalDateEnding": "2016-09-30"
  },
  {
    "date": "2016-07-28",
    "symbol": "PSKY",
    "eps": 0.93,
    "epsEstimated": 0.86,
    "time": "bmo",
    "revenue": 3287000000,
    "revenueEstimated": null,
    "updatedFromDate": "2025-04-25",
    "fiscalDateEnding": "2016-06-30"
  }
]