[
  {
    "date": "2026-04-23",
    "symbol": "PSX",
    "eps": null,
    "epsEstimated": null,
    "time": "bmo",
    "revenue": null,
    "revenueEstimated": null,
    "updatedFromDate": "2025-10-02",
    "fiscalDateEnding": "2026-03-30"
  },
  {
    "date": "2026-01-29",
    "symbol": "PSX",
    "eps": null,
    "epsEstimated": null,
    "time": "bmo",
    "revenue": null,
    "revenueEstimated": null,
    "updatedFromDate": "2025-10-02",
    "fiscalDateEnding": "2025-12-30"
  },
  {
    "date": "2025-10-29",
    "symbol": "PSX",
    "eps": null,
    "epsEstimated": 2.22,
    "time": "bmo",
    "revenue": null,
    "revenueEstimated": 32293760020,
    "updatedFromDate": "2025-10-02",
    "fiscalDateEnding": "2025-09-30"
  },
  {
    "date": "2025-07-25",
    "symbol": "PSX",
    "eps": 2.38,
    "epsEstimated": 1.72,
    "time": "bmo",
    "revenue": 33323000000,
    "revenueEstimated": 33281074657,
    "updatedFromDate": "2025-10-02",
    "fiscalDateEnding": "2025-06-30"
  },
  {
    "date": "2025-04-25",
    "symbol": "PSX",
    "eps": -0.9,
    "epsEstimated": -0.723,
    "time": "bmo",
    "revenue": 30430000000,
    "revenueEstimated": 31696682366,
    "updatedFromDate": "2025-07-25",
    "fiscalDateEnding": "2025-03-31"
  },
  {
    "date": "2025-01-31",
    "symbol": "PSX",
    "eps": -0.15,
    "epsEstimated": 1.23,
    "time": "bmo",
    "revenue": 33685000000,
    "revenueEstimated": 34324673608,
    "updatedFromDate": "2025-05-01",
    "fiscalDateEnding": "2024-12-31"
  },
  {
    "date": "2024-10-29",
    "symbol": "PSX",
    "eps": 2.04,
    "epsEstimated": 1.71,
    "time": "bmo",
    "revenue": 35528000000,
    "revenueEstimated": 36994848324,
    "updatedFromDate": "2025-04-24",
    "fiscalDateEnding": "2024-09-30"
  },
  {
    "date": "2024-07-30",
    "symbol": "PSX",
    "eps": 2.31,
    "epsEstimated": 1.98,
    "time": "bmo",
    "revenue": 38100000000,
    "revenueEstimated": 37785679331,
    "updatedFromDate": "2025-04-24",
    "fiscalDateEnding": "2024-06-30"
  },
  {
    "date": "2024-04-26",
    "symbol": "PSX",
    "eps": 1.9,
    "epsEstimated": 2.17,
    "time": "bmo",
    "revenue": 35811000000,
    "revenueEstimated": 35871694541,
    "updatedFromDate": "2025-04-24",
    "fiscalDateEnding": "2024-03-31"
  },
  {
    "date": "2024-01-31",
    "symbol": "PSX",
    "eps": 3.09,
    "epsEstimated": 2.35,
    "time": "bmo",
    "revenue": 38270000000,
    "revenueEstimated": 36496700000,
    "updatedFromDate": "2025-04-24",
    "fiscalDateEnding": "2023-12-31"
  },
  {
    "date": "2023-10-27",
    "symbol": "PSX",
    "eps": 4.63,
    "epsEstimated": 4.76,
    "time": "bmo",
    "revenue": 39643000000,
    "revenueEstimated": 38955100000,
    "updatedFromDate": "2025-04-24",
    "fiscalDateEnding": "2023-09-30"
  },
  {
    "date": "2023-08-02",
    "symbol": "PSX",
    "eps": 3.87,
    "epsEstimated": 3.56,
    "time": "bmo",
    "revenue": 35090000000,
    "revenueEstimated": 34551100000,
    "updatedFromDate": "2025-04-24",
    "fiscalDateEnding": "2023-06-30"
  },
  {
    "date": "2023-05-03",
    "symbol": "PSX",
    "eps": 4.21,
    "epsEstimated": 3.56,
    "time": "bmo",
    "revenue": 34396000000,
    "revenueEstimated": 34227800000,
    "updatedFromDate": "2025-04-24",
    "fiscalDateEnding": "2023-03-31"
  },
  {
    "date": "2023-01-31",
    "symbol": "PSX",
    "eps": 4,
    "epsEstimated": 4.35,
    "time": "bmo",
    "revenue": 40279000000,
    "revenueEstimated": 39232108833,
    "updatedFromDate": "2025-04-24",
    "fiscalDateEnding": "2022-12-31"
  },
  {
    "date": "2022-11-01",
    "symbol": "PSX",
    "eps": 6.46,
    "epsEstimated": 4.98,
    "time": "bmo",
    "revenue": 44955000000,
    "revenueEstimated": 39349524200,
    "updatedFromDate": "2025-04-24",
    "fiscalDateEnding": "2022-09-30"
  },
  {
    "date": "2022-07-29",
    "symbol": "PSX",
    "eps": 6.77,
    "epsEstimated": 5.97,
    "time": "bmo",
    "revenue": 48577000000,
    "revenueEstimated": 43557907926,
    "updatedFromDate": "2025-04-24",
    "fiscalDateEnding": "2022-06-30"
  },
  {
    "date": "2022-04-29",
    "symbol": "PSX",
    "eps": 1.32,
    "epsEstimated": 1.28,
    "time": "bmo",
    "revenue": 36179000000,
    "revenueEstimated": 36609758750,
    "updatedFromDate": "2025-04-24",
    "fiscalDateEnding": "2022-03-31"
  },
  {
    "date": "2022-01-28",
    "symbol": "PSX",
    "eps": 2.94,
    "epsEstimated": 1.95,
    "time": "bmo",
    "revenue": 32604000000,
    "revenueEstimated": 28558225200,
    "updatedFromDate": "2025-04-24",
    "fiscalDateEnding": "2021-12-31"
  },
  {
    "date": "2021-10-29",
    "symbol": "PSX",
    "eps": 3.18,
    "epsEstimated": 1.95,
    "time": "bmo",
    "revenue": 30243000000,
    "revenueEstimated": 26568200000,
    "updatedFromDate": "2025-04-24",
    "fiscalDateEnding": "2021-09-30"
  },
  {
    "date": "2021-08-03",
    "symbol": "PSX",
    "eps": 0.74,
    "epsEstimated": 0.6,
    "time": "bmo",
    "revenue": 27002000000,
    "revenueEstimated": 27885000000,
    "updatedFromDate": "2025-04-24",
    "fiscalDateEnding": "2021-06-30"
  },
  {
    "date": "2021-04-30",
    "symbol": "PSX",
    "eps": -1.16,
    "epsEstimated": -1.41,
    "time": "bmo",
    "revenue": 21627000000,
    "revenueEstimated": 18011200000,
    "updatedFromDate": "2025-04-24",
    "fiscalDateEnding": "2021-03-31"
  },
  {
    "date": "2021-01-29",
    "symbol": "PSX",
    "eps": -1.16,
    "epsEstimated": -1.09,
    "time": "bmo",
    "revenue": 16409000000,
    "revenueEstimated": 14860981132,
    "updatedFromDate": "2025-04-24",
    "fiscalDateEnding": "2020-12-31"
  },
  {
    "date": "2020-10-30",
    "symbol": "PSX",
    "eps": -0.01,
    "epsEstimated": -0.8,
    "time": "bmo",
    "revenue": 15929000000,
    "revenueEstimated": 61699000000,
    "updatedFromDate": "2025-04-24",
    "fiscalDateEnding": "2020-09-30"
  },
  {
    "date": "2020-07-31",
    "symbol": "PSX",
    "eps": -0.74,
    "epsEstimated": -0.99,
    "time": "bmo",
    "revenue": 10913000000,
    "revenueEstimated": 13567513513,
    "updatedFromDate": "2025-04-24",
    "fiscalDateEnding": "2020-06-30"
  },
  {
    "date": "2020-05-01",
    "symbol": "PSX",
    "eps": 1.02,
    "epsEstimated": 0.63,
    "time": "bmo",
    "revenue": 20878000000,
    "revenueEstimated": 12475852941,
    "updatedFromDate": "2025-04-24",
    "fiscalDateEnding": "2020-03-31"
  },
  {
    "date": "2020-01-31",
    "symbol": "PSX",
    "eps": 1.54,
    "epsEstimated": 1.56,
    "time": "bmo",
    "revenue": 29125000000,
    "revenueEstimated": 29565038961,
    "updatedFromDate": "2025-04-24",
    "fiscalDateEnding": "2019-12-31"
  },
  {
    "date": "2019-10-25",
    "symbol": "PSX",
    "eps": 3.11,
    "epsEstimated": 2.6,
    "time": "bmo",
    "revenue": 27218000000,
    "revenueEstimated": 22607951768,
    "updatedFromDate": "2025-04-24",
    "fiscalDateEnding": "2019-09-30"
  },
  {
    "date": "2019-07-26",
    "symbol": "PSX",
    "eps": 3.02,
    "epsEstimated": 2.74,
    "time": "bmo",
    "revenue": 27847000000,
    "revenueEstimated": 25249735099,
    "updatedFromDate": "2025-04-24",
    "fiscalDateEnding": "2019-06-30"
  },
  {
    "date": "2019-04-30",
    "symbol": "PSX",
    "eps": 0.4,
    "epsEstimated": 0.34,
    "time": "bmo",
    "revenue": 23103000000,
    "revenueEstimated": 19788000000,
    "updatedFromDate": "2025-04-24",
    "fiscalDateEnding": "2019-03-31"
  },
  {
    "date": "2019-02-08",
    "symbol": "PSX",
    "eps": 4.87,
    "epsEstimated": 3.01,
    "time": "bmo",
    "revenue": 29098000000,
    "revenueEstimated": 17725624229,
    "updatedFromDate": "2025-04-24",
    "fiscalDateEnding": "2018-12-31"
  },
  {
    "date": "2018-10-26",
    "symbol": "PSX",
    "eps": 3.1,
    "epsEstimated": 2.48,
    "time": "bmo",
    "revenue": 29788000000,
    "revenueEstimated": 23908799999,
    "updatedFromDate": "2025-04-24",
    "fiscalDateEnding": "2018-09-30"
  },
  {
    "date": "2018-07-27",
    "symbol": "PSX",
    "eps": 2.8,
    "epsEstimated": 2.19,
    "time": "bmo",
    "revenue": 28980000000,
    "revenueEstimated": 22773653571,
    "updatedFromDate": "2025-04-24",
    "fiscalDateEnding": "2018-06-30"
  },
  {
    "date": "2018-04-27",
    "symbol": "PSX",
    "eps": 1.04,
    "epsEstimated": 0.89,
    "time": "bmo",
    "revenue": 23595000000,
    "revenueEstimated": 20185028846,
    "updatedFromDate": "2025-04-24",
    "fiscalDateEnding": "2018-03-31"
  },
  {
    "date": "2018-02-02",
    "symbol": "PSX",
    "eps": 1.07,
    "epsEstimated": 0.86,
    "time": "bmo",
    "revenue": 29746000000,
    "revenueEstimated": 24025345794,
    "updatedFromDate": "2025-04-24",
    "fiscalDateEnding": "2017-12-31"
  },
  {
    "date": "2017-10-27",
    "symbol": "PSX",
    "eps": 1.66,
    "epsEstimated": 1.57,
    "time": "bmo",
    "revenue": 25627000000,
    "revenueEstimated": 24479704819,
    "updatedFromDate": "2025-04-24",
    "fiscalDateEnding": "2017-09-30"
  },
  {
    "date": "2017-08-01",
    "symbol": "PSX",
    "eps": 1.09,
    "epsEstimated": 1.01,
    "time": "bmo",
    "revenue": 24087000000,
    "revenueEstimated": 22238532110,
    "updatedFromDate": "2025-04-24",
    "fiscalDateEnding": "2017-06-30"
  },
  {
    "date": "2017-04-28",
    "symbol": "PSX",
    "eps": 0.56,
    "epsEstimated": 0.05118,
    "time": "bmo",
    "revenue": 22894000000,
    "revenueEstimated": 2038035714,
    "updatedFromDate": "2025-04-24",
    "fiscalDateEnding": "2017-03-31"
  },
  {
    "date": "2017-02-03",
    "symbol": "PSX",
    "eps": 0.16,
    "epsEstimated": 0.39,
    "time": "bmo",
    "revenue": 23397000000,
    "revenueEstimated": 58935000000,
    "updatedFromDate": "2025-04-24",
    "fiscalDateEnding": "2016-12-31"
  },
  {
    "date": "2016-10-28",
    "symbol": "PSX",
    "eps": 1.05,
    "epsEstimated": 0.88,
    "time": "bmo",
    "revenue": 21624000000,
    "revenueEstimated": 18127999999,
    "updatedFromDate": "2025-04-24",
    "fiscalDateEnding": "2016-09-30"
  },
  {
    "date": "2016-07-29",
    "symbol": "PSX",
    "eps": 0.94,
    "epsEstimated": 0.93,
    "time": "bmo",
    "revenue": 21849000000,
    "revenueEstimated": 21796627659,
    "updatedFromDate": "2025-04-24",
    "fiscalDateEnding": "2016-06-30"
  }
]