[
  {
    "date": "2026-04-28",
    "symbol": "PTC",
    "eps": null,
    "epsEstimated": null,
    "time": "amc",
    "revenue": null,
    "revenueEstimated": null,
    "updatedFromDate": "2025-10-02",
    "fiscalDateEnding": "2026-03-30"
  },
  {
    "date": "2026-02-03",
    "symbol": "PTC",
    "eps": null,
    "epsEstimated": null,
    "time": "amc",
    "revenue": null,
    "revenueEstimated": null,
    "updatedFromDate": "2025-10-02",
    "fiscalDateEnding": "2025-12-30"
  },
  {
    "date": "2025-11-05",
    "symbol": "PTC",
    "eps": null,
    "epsEstimated": 2.26,
    "time": "bmo",
    "revenue": null,
    "revenueEstimated": 752052910,
    "updatedFromDate": "2025-10-02",
    "fiscalDateEnding": "2025-09-30"
  },
  {
    "date": "2025-07-30",
    "symbol": "PTC",
    "eps": 1.64,
    "epsEstimated": 1.21,
    "time": "amc",
    "revenue": 643937000,
    "revenueEstimated": 583368384,
    "updatedFromDate": "2025-10-02",
    "fiscalDateEnding": "2025-06-30"
  },
  {
    "date": "2025-04-30",
    "symbol": "PTC",
    "eps": 1.79,
    "epsEstimated": 1.39,
    "time": "amc",
    "revenue": 636366000,
    "revenueEstimated": 606663778,
    "updatedFromDate": "2025-07-30",
    "fiscalDateEnding": "2025-03-31"
  },
  {
    "date": "2025-02-05",
    "symbol": "PTC",
    "eps": 1.1,
    "epsEstimated": 0.889,
    "time": "amc",
    "revenue": 565128000,
    "revenueEstimated": 554153361,
    "updatedFromDate": "2025-05-05",
    "fiscalDateEnding": "2024-12-31"
  },
  {
    "date": "2024-11-06",
    "symbol": "PTC",
    "eps": 1.54,
    "epsEstimated": 1.45,
    "time": "amc",
    "revenue": 626547000,
    "revenueEstimated": 620720163,
    "updatedFromDate": "2025-04-25",
    "fiscalDateEnding": "2024-09-30"
  },
  {
    "date": "2024-07-31",
    "symbol": "PTC",
    "eps": 0.98,
    "epsEstimated": 0.967,
    "time": "amc",
    "revenue": 518639000,
    "revenueEstimated": 529545540,
    "updatedFromDate": "2025-04-25",
    "fiscalDateEnding": "2024-06-30"
  },
  {
    "date": "2024-05-01",
    "symbol": "PTC",
    "eps": 1.46,
    "epsEstimated": 1.23,
    "time": "amc",
    "revenue": 603072000,
    "revenueEstimated": 577453995,
    "updatedFromDate": "2025-04-25",
    "fiscalDateEnding": "2024-03-31"
  },
  {
    "date": "2024-01-31",
    "symbol": "PTC",
    "eps": 1.11,
    "epsEstimated": 0.98,
    "time": "amc",
    "revenue": 550214000,
    "revenueEstimated": 539020000,
    "updatedFromDate": "2025-04-25",
    "fiscalDateEnding": "2023-12-31"
  },
  {
    "date": "2023-11-01",
    "symbol": "PTC",
    "eps": 1.2,
    "epsEstimated": 1.14,
    "time": "amc",
    "revenue": 546620000,
    "revenueEstimated": 557970000,
    "updatedFromDate": "2025-04-25",
    "fiscalDateEnding": "2023-09-30"
  },
  {
    "date": "2023-07-26",
    "symbol": "PTC",
    "eps": 0.99,
    "epsEstimated": 1.01,
    "time": "amc",
    "revenue": 542342000,
    "revenueEstimated": 559930000,
    "updatedFromDate": "2025-04-25",
    "fiscalDateEnding": "2023-06-30"
  },
  {
    "date": "2023-04-26",
    "symbol": "PTC",
    "eps": 1.16,
    "epsEstimated": 1.07,
    "time": "amc",
    "revenue": 542181000,
    "revenueEstimated": 539140000,
    "updatedFromDate": "2025-04-25",
    "fiscalDateEnding": "2023-03-31"
  },
  {
    "date": "2023-02-01",
    "symbol": "PTC",
    "eps": 0.99,
    "epsEstimated": 1.01,
    "time": "amc",
    "revenue": 465910000,
    "revenueEstimated": 464711766,
    "updatedFromDate": "2025-04-25",
    "fiscalDateEnding": "2022-12-31"
  },
  {
    "date": "2022-11-02",
    "symbol": "PTC",
    "eps": 1.27,
    "epsEstimated": 1.14,
    "time": "amc",
    "revenue": 507925000,
    "revenueEstimated": 497115236,
    "updatedFromDate": "2025-04-25",
    "fiscalDateEnding": "2022-09-30"
  },
  {
    "date": "2022-07-27",
    "symbol": "PTC",
    "eps": 0.97,
    "epsEstimated": 1.07,
    "time": "amc",
    "revenue": 462474000,
    "revenueEstimated": 472227733,
    "updatedFromDate": "2025-04-25",
    "fiscalDateEnding": "2022-06-30"
  },
  {
    "date": "2022-04-27",
    "symbol": "PTC",
    "eps": 1.39,
    "epsEstimated": 1.1,
    "time": "amc",
    "revenue": 505227000,
    "revenueEstimated": 481536074,
    "updatedFromDate": "2025-04-25",
    "fiscalDateEnding": "2022-03-31"
  },
  {
    "date": "2022-01-26",
    "symbol": "PTC",
    "eps": 0.95,
    "epsEstimated": 1,
    "time": "amc",
    "revenue": 457721000,
    "revenueEstimated": 464240466,
    "updatedFromDate": "2025-04-25",
    "fiscalDateEnding": "2021-12-31"
  },
  {
    "date": "2021-11-03",
    "symbol": "PTC",
    "eps": 1.1,
    "epsEstimated": 0.66,
    "time": "amc",
    "revenue": 480656000,
    "revenueEstimated": 337595181,
    "updatedFromDate": "2025-04-25",
    "fiscalDateEnding": "2021-09-30"
  },
  {
    "date": "2021-07-28",
    "symbol": "PTC",
    "eps": 0.83,
    "epsEstimated": 0.64,
    "time": "amc",
    "revenue": 435668000,
    "revenueEstimated": 429620000,
    "updatedFromDate": "2025-04-25",
    "fiscalDateEnding": "2021-06-30"
  },
  {
    "date": "2021-04-28",
    "symbol": "PTC",
    "eps": 1.08,
    "epsEstimated": 0.7,
    "time": "amc",
    "revenue": 461785000,
    "revenueEstimated": 416210000,
    "updatedFromDate": "2025-04-25",
    "fiscalDateEnding": "2021-03-31"
  },
  {
    "date": "2021-01-27",
    "symbol": "PTC",
    "eps": 0.97,
    "epsEstimated": 0.67,
    "time": "amc",
    "revenue": 429050000,
    "revenueEstimated": 375418749,
    "updatedFromDate": "2025-04-25",
    "fiscalDateEnding": "2020-12-31"
  },
  {
    "date": "2020-10-28",
    "symbol": "PTC",
    "eps": 0.78,
    "epsEstimated": 0.56,
    "time": "amc",
    "revenue": 390981000,
    "revenueEstimated": 356071981,
    "updatedFromDate": "2025-04-25",
    "fiscalDateEnding": "2020-09-30"
  },
  {
    "date": "2020-07-29",
    "symbol": "PTC",
    "eps": 0.62,
    "epsEstimated": 0.45,
    "time": "amc",
    "revenue": 351721000,
    "revenueEstimated": 249608451,
    "updatedFromDate": "2025-04-25",
    "fiscalDateEnding": "2020-06-27"
  },
  {
    "date": "2020-04-29",
    "symbol": "PTC",
    "eps": 0.59,
    "epsEstimated": 0.46,
    "time": "amc",
    "revenue": 359603000,
    "revenueEstimated": 268178508,
    "updatedFromDate": "2025-04-25",
    "fiscalDateEnding": "2020-03-28"
  },
  {
    "date": "2020-01-22",
    "symbol": "PTC",
    "eps": 0.57,
    "epsEstimated": 0.45,
    "time": "amc",
    "revenue": 356110000,
    "revenueEstimated": 274891929,
    "updatedFromDate": "2025-04-25",
    "fiscalDateEnding": "2019-12-28"
  },
  {
    "date": "2019-10-23",
    "symbol": "PTC",
    "eps": 0.64,
    "epsEstimated": 0.45,
    "time": "amc",
    "revenue": 335005000,
    "revenueEstimated": 335005000,
    "updatedFromDate": "2025-04-25",
    "fiscalDateEnding": "2019-09-30"
  },
  {
    "date": "2019-07-24",
    "symbol": "PTC",
    "eps": 0.36,
    "epsEstimated": 0.35,
    "time": "amc",
    "revenue": 322410000,
    "revenueEstimated": 279070111,
    "updatedFromDate": "2025-04-25",
    "fiscalDateEnding": "2019-06-29"
  },
  {
    "date": "2019-04-24",
    "symbol": "PTC",
    "eps": 0.38,
    "epsEstimated": 0.34,
    "time": "amc",
    "revenue": 315499000,
    "revenueEstimated": 267520657,
    "updatedFromDate": "2025-04-25",
    "fiscalDateEnding": "2019-03-30"
  },
  {
    "date": "2019-01-23",
    "symbol": "PTC",
    "eps": 0.56,
    "epsEstimated": 0.41,
    "time": "amc",
    "revenue": 334689000,
    "revenueEstimated": 240741210,
    "updatedFromDate": "2025-04-25",
    "fiscalDateEnding": "2018-12-29"
  },
  {
    "date": "2018-10-24",
    "symbol": "PTC",
    "eps": 0.45,
    "epsEstimated": 0.44,
    "time": "amc",
    "revenue": 312521000,
    "revenueEstimated": 305555555,
    "updatedFromDate": "2025-04-25",
    "fiscalDateEnding": "2018-09-30"
  },
  {
    "date": "2018-07-18",
    "symbol": "PTC",
    "eps": 0.36,
    "epsEstimated": 0.32,
    "time": "amc",
    "revenue": 314777000,
    "revenueEstimated": 279822222,
    "updatedFromDate": "2025-04-25",
    "fiscalDateEnding": "2018-06-30"
  },
  {
    "date": "2018-04-18",
    "symbol": "PTC",
    "eps": 0.34,
    "epsEstimated": 0.31,
    "time": "amc",
    "revenue": 307883000,
    "revenueEstimated": 280732352,
    "updatedFromDate": "2025-04-25",
    "fiscalDateEnding": "2018-03-31"
  },
  {
    "date": "2018-01-17",
    "symbol": "PTC",
    "eps": 0.31,
    "epsEstimated": 0.3,
    "time": "amc",
    "revenue": 306644000,
    "revenueEstimated": 296709677,
    "updatedFromDate": "2025-04-25",
    "fiscalDateEnding": "2017-12-30"
  },
  {
    "date": "2017-10-25",
    "symbol": "PTC",
    "eps": 0.34,
    "epsEstimated": 0.37,
    "time": "amc",
    "revenue": 306379000,
    "revenueEstimated": 324423529,
    "updatedFromDate": "2025-04-25",
    "fiscalDateEnding": "2017-09-30"
  },
  {
    "date": "2017-07-19",
    "symbol": "PTC",
    "eps": 0.28,
    "epsEstimated": 0.28,
    "time": "amc",
    "revenue": 291293000,
    "revenueEstimated": 291300000,
    "updatedFromDate": "2025-04-25",
    "fiscalDateEnding": "2017-07-01"
  },
  {
    "date": "2017-04-19",
    "symbol": "PTC",
    "eps": 0.3,
    "epsEstimated": 0.28,
    "time": "amc",
    "revenue": 280040000,
    "revenueEstimated": 261333333,
    "updatedFromDate": "2025-04-25",
    "fiscalDateEnding": "2017-04-01"
  },
  {
    "date": "2017-01-18",
    "symbol": "PTC",
    "eps": 0.26,
    "epsEstimated": 0.26,
    "time": "amc",
    "revenue": 286327000,
    "revenueEstimated": 286300000,
    "updatedFromDate": "2025-04-25",
    "fiscalDateEnding": "2016-12-31"
  },
  {
    "date": "2016-10-26",
    "symbol": "PTC",
    "eps": 0.2,
    "epsEstimated": 0.25,
    "time": "amc",
    "revenue": 288237000,
    "revenueEstimated": 432300000,
    "updatedFromDate": "2025-04-25",
    "fiscalDateEnding": "2016-09-30"
  },
  {
    "date": "2016-07-20",
    "symbol": "PTC",
    "eps": 0.26,
    "epsEstimated": 0.33,
    "time": "amc",
    "revenue": 288652000,
    "revenueEstimated": 344219230,
    "updatedFromDate": "2025-04-25",
    "fiscalDateEnding": "2016-07-02"
  }
]