[
  {
    "date": "2026-04-29",
    "symbol": "PWR",
    "eps": null,
    "epsEstimated": null,
    "time": "bmo",
    "revenue": null,
    "revenueEstimated": null,
    "updatedFromDate": "2025-10-01",
    "fiscalDateEnding": "2026-03-30"
  },
  {
    "date": "2026-02-18",
    "symbol": "PWR",
    "eps": null,
    "epsEstimated": null,
    "time": "bmo",
    "revenue": null,
    "revenueEstimated": null,
    "updatedFromDate": "2025-10-01",
    "fiscalDateEnding": "2025-12-30"
  },
  {
    "date": "2025-10-30",
    "symbol": "PWR",
    "eps": null,
    "epsEstimated": 3.24,
    "time": "bmo",
    "revenue": null,
    "revenueEstimated": 7405953350,
    "updatedFromDate": "2025-10-01",
    "fiscalDateEnding": "2025-09-30"
  },
  {
    "date": "2025-07-31",
    "symbol": "PWR",
    "eps": 2.48,
    "epsEstimated": 2.44,
    "time": "bmo",
    "revenue": 6773007000,
    "revenueEstimated": 6565327355,
    "updatedFromDate": "2025-10-01",
    "fiscalDateEnding": "2025-06-30"
  },
  {
    "date": "2025-05-01",
    "symbol": "PWR",
    "eps": 1.78,
    "epsEstimated": 1.67,
    "time": "bmo",
    "revenue": 6233334000,
    "revenueEstimated": 5863592171,
    "updatedFromDate": "2025-08-01",
    "fiscalDateEnding": "2025-03-31"
  },
  {
    "date": "2025-02-20",
    "symbol": "PWR",
    "eps": 2.94,
    "epsEstimated": 2.62,
    "time": "bmo",
    "revenue": 6553422000,
    "revenueEstimated": 6612560226,
    "updatedFromDate": "2025-05-20",
    "fiscalDateEnding": "2024-12-31"
  },
  {
    "date": "2024-10-31",
    "symbol": "PWR",
    "eps": 2.72,
    "epsEstimated": 2.68,
    "time": "bmo",
    "revenue": 6493167000,
    "revenueEstimated": 6561053215,
    "updatedFromDate": "2025-04-25",
    "fiscalDateEnding": "2024-09-30"
  },
  {
    "date": "2024-08-01",
    "symbol": "PWR",
    "eps": 1.9,
    "epsEstimated": 1.89,
    "time": "bmo",
    "revenue": 5594387000,
    "revenueEstimated": 5508030398,
    "updatedFromDate": "2025-04-25",
    "fiscalDateEnding": "2024-06-30"
  },
  {
    "date": "2024-05-02",
    "symbol": "PWR",
    "eps": 1.41,
    "epsEstimated": 1.29,
    "time": "bmo",
    "revenue": 5031819000,
    "revenueEstimated": 4937219985,
    "updatedFromDate": "2025-04-25",
    "fiscalDateEnding": "2024-03-31"
  },
  {
    "date": "2024-02-22",
    "symbol": "PWR",
    "eps": 2.04,
    "epsEstimated": 1.98,
    "time": "bmo",
    "revenue": 5783948000,
    "revenueEstimated": 5179736084,
    "updatedFromDate": "2025-04-25",
    "fiscalDateEnding": "2023-12-31"
  },
  {
    "date": "2023-11-02",
    "symbol": "PWR",
    "eps": 2.24,
    "epsEstimated": 2.11,
    "time": "bmo",
    "revenue": 5620822000,
    "revenueEstimated": 5257060000,
    "updatedFromDate": "2025-04-25",
    "fiscalDateEnding": "2023-09-30"
  },
  {
    "date": "2023-08-03",
    "symbol": "PWR",
    "eps": 1.65,
    "epsEstimated": 1.67,
    "time": "bmo",
    "revenue": 5048610000,
    "revenueEstimated": 4706680000,
    "updatedFromDate": "2025-04-25",
    "fiscalDateEnding": "2023-06-30"
  },
  {
    "date": "2023-05-04",
    "symbol": "PWR",
    "eps": 1.24,
    "epsEstimated": 1.1,
    "time": "bmo",
    "revenue": 4428826000,
    "revenueEstimated": 4080070000,
    "updatedFromDate": "2025-04-25",
    "fiscalDateEnding": "2023-03-31"
  },
  {
    "date": "2023-02-23",
    "symbol": "PWR",
    "eps": 1.68,
    "epsEstimated": 1.61,
    "time": "bmo",
    "revenue": 4416618000,
    "revenueEstimated": 4276367790,
    "updatedFromDate": "2025-04-25",
    "fiscalDateEnding": "2022-12-31"
  },
  {
    "date": "2022-11-03",
    "symbol": "PWR",
    "eps": 1.77,
    "epsEstimated": 1.77,
    "time": "bmo",
    "revenue": 4459757000,
    "revenueEstimated": 4398489089,
    "updatedFromDate": "2025-04-25",
    "fiscalDateEnding": "2022-09-30"
  },
  {
    "date": "2022-08-04",
    "symbol": "PWR",
    "eps": 1.54,
    "epsEstimated": 1.51,
    "time": "bmo",
    "revenue": 4232003000,
    "revenueEstimated": 4025766531,
    "updatedFromDate": "2025-04-25",
    "fiscalDateEnding": "2022-06-30"
  },
  {
    "date": "2022-05-05",
    "symbol": "PWR",
    "eps": 1.37,
    "epsEstimated": 1.22,
    "time": "bmo",
    "revenue": 3965525000,
    "revenueEstimated": 3578461171,
    "updatedFromDate": "2025-04-25",
    "fiscalDateEnding": "2022-03-31"
  },
  {
    "date": "2022-02-24",
    "symbol": "PWR",
    "eps": 1.54,
    "epsEstimated": 1.41,
    "time": "bmo",
    "revenue": 3923538000,
    "revenueEstimated": 3653761396,
    "updatedFromDate": "2025-04-25",
    "fiscalDateEnding": "2021-12-31"
  },
  {
    "date": "2021-11-04",
    "symbol": "PWR",
    "eps": 1.48,
    "epsEstimated": 1.45,
    "time": "bmo",
    "revenue": 3353278000,
    "revenueEstimated": 3425780000,
    "updatedFromDate": "2025-04-25",
    "fiscalDateEnding": "2021-09-30"
  },
  {
    "date": "2021-08-05",
    "symbol": "PWR",
    "eps": 1.06,
    "epsEstimated": 1.04,
    "time": "bmo",
    "revenue": 2999816000,
    "revenueEstimated": 2999820000,
    "updatedFromDate": "2025-04-25",
    "fiscalDateEnding": "2021-06-30"
  },
  {
    "date": "2021-05-06",
    "symbol": "PWR",
    "eps": 0.83,
    "epsEstimated": 0.73,
    "time": "bmo",
    "revenue": 2703581000,
    "revenueEstimated": 2734310000,
    "updatedFromDate": "2025-04-25",
    "fiscalDateEnding": "2021-03-31"
  },
  {
    "date": "2021-02-25",
    "symbol": "PWR",
    "eps": 1.22,
    "epsEstimated": 0.99,
    "time": "bmo",
    "revenue": 2912185000,
    "revenueEstimated": 2916100000,
    "updatedFromDate": "2025-04-25",
    "fiscalDateEnding": "2020-12-31"
  },
  {
    "date": "2020-10-29",
    "symbol": "PWR",
    "eps": 1.4,
    "epsEstimated": 1.1,
    "time": "bmo",
    "revenue": 3020161000,
    "revenueEstimated": 2372983642,
    "updatedFromDate": "2025-04-25",
    "fiscalDateEnding": "2020-09-30"
  },
  {
    "date": "2020-08-06",
    "symbol": "PWR",
    "eps": 0.74,
    "epsEstimated": 0.48,
    "time": "bmo",
    "revenue": 2506231000,
    "revenueEstimated": 1625663351,
    "updatedFromDate": "2025-04-25",
    "fiscalDateEnding": "2020-06-30"
  },
  {
    "date": "2020-05-07",
    "symbol": "PWR",
    "eps": 0.47,
    "epsEstimated": 0.47,
    "time": "bmo",
    "revenue": 2764095000,
    "revenueEstimated": 2705284468,
    "updatedFromDate": "2025-04-25",
    "fiscalDateEnding": "2020-03-31"
  },
  {
    "date": "2020-02-27",
    "symbol": "PWR",
    "eps": 0.93,
    "epsEstimated": 0.83,
    "time": "bmo",
    "revenue": 3112800000,
    "revenueEstimated": 2778090322,
    "updatedFromDate": "2025-04-25",
    "fiscalDateEnding": "2019-12-31"
  },
  {
    "date": "2019-10-31",
    "symbol": "PWR",
    "eps": 1.14,
    "epsEstimated": 1.03,
    "time": "bmo",
    "revenue": 3352895000,
    "revenueEstimated": 3029370043,
    "updatedFromDate": "2025-04-25",
    "fiscalDateEnding": "2019-09-30"
  },
  {
    "date": "2019-08-01",
    "symbol": "PWR",
    "eps": 0.31,
    "epsEstimated": 0.84,
    "time": "bmo",
    "revenue": 2839199000,
    "revenueEstimated": 7601726354,
    "updatedFromDate": "2025-04-25",
    "fiscalDateEnding": "2019-06-30"
  },
  {
    "date": "2019-05-02",
    "symbol": "PWR",
    "eps": 0.96,
    "epsEstimated": 0.83,
    "time": "bmo",
    "revenue": 2807259000,
    "revenueEstimated": 2427109343,
    "updatedFromDate": "2025-04-25",
    "fiscalDateEnding": "2019-03-31"
  },
  {
    "date": "2019-02-21",
    "symbol": "PWR",
    "eps": 0.96,
    "epsEstimated": 0.91,
    "time": "bmo",
    "revenue": 3112218000,
    "revenueEstimated": 2917704375,
    "updatedFromDate": "2025-04-25",
    "fiscalDateEnding": "2018-12-31"
  },
  {
    "date": "2018-11-01",
    "symbol": "PWR",
    "eps": 0.88,
    "epsEstimated": 0.96,
    "time": "bmo",
    "revenue": 2985281000,
    "revenueEstimated": 3256670181,
    "updatedFromDate": "2025-04-25",
    "fiscalDateEnding": "2018-09-30"
  },
  {
    "date": "2018-08-02",
    "symbol": "PWR",
    "eps": 0.59,
    "epsEstimated": 0.6,
    "time": "bmo",
    "revenue": 2656348000,
    "revenueEstimated": 2701322033,
    "updatedFromDate": "2025-04-25",
    "fiscalDateEnding": "2018-06-30"
  },
  {
    "date": "2018-05-03",
    "symbol": "PWR",
    "eps": 0.4,
    "epsEstimated": 0.32,
    "time": "bmo",
    "revenue": 2417576000,
    "revenueEstimated": 1934079999,
    "updatedFromDate": "2025-04-25",
    "fiscalDateEnding": "2018-03-31"
  },
  {
    "date": "2018-02-22",
    "symbol": "PWR",
    "eps": 0.45,
    "epsEstimated": 0.44,
    "time": "bmo",
    "revenue": 2478627000,
    "revenueEstimated": 2423520000,
    "updatedFromDate": "2025-04-25",
    "fiscalDateEnding": "2017-12-31"
  },
  {
    "date": "2017-11-02",
    "symbol": "PWR",
    "eps": 0.63,
    "epsEstimated": 0.61,
    "time": "bmo",
    "revenue": 2609307000,
    "revenueEstimated": 2526465079,
    "updatedFromDate": "2025-04-25",
    "fiscalDateEnding": "2017-09-30"
  },
  {
    "date": "2017-08-03",
    "symbol": "PWR",
    "eps": 0.5,
    "epsEstimated": 0.53,
    "time": "bmo",
    "revenue": 2200374000,
    "revenueEstimated": 2332424000,
    "updatedFromDate": "2025-04-25",
    "fiscalDateEnding": "2017-06-30"
  },
  {
    "date": "2017-05-04",
    "symbol": "PWR",
    "eps": 0.39,
    "epsEstimated": 0.4,
    "time": "bmo",
    "revenue": 2178170000,
    "revenueEstimated": 2234051282,
    "updatedFromDate": "2025-04-25",
    "fiscalDateEnding": "2017-03-31"
  },
  {
    "date": "2017-02-21",
    "symbol": "PWR",
    "eps": 0.56,
    "epsEstimated": 0.56,
    "time": "bmo",
    "revenue": 2102966000,
    "revenueEstimated": 2103000000,
    "updatedFromDate": "2025-04-25",
    "fiscalDateEnding": "2016-12-31"
  },
  {
    "date": "2016-11-03",
    "symbol": "PWR",
    "eps": 0.55,
    "epsEstimated": 0.55,
    "time": "bmo",
    "revenue": 2042186000,
    "revenueEstimated": 2042200000,
    "updatedFromDate": "2025-04-25",
    "fiscalDateEnding": "2016-09-30"
  },
  {
    "date": "2016-08-04",
    "symbol": "PWR",
    "eps": 0.18,
    "epsEstimated": 0.37,
    "time": "bmo",
    "revenue": 1792430000,
    "revenueEstimated": 3584800000,
    "updatedFromDate": "2025-04-25",
    "fiscalDateEnding": "2016-06-30"
  }
]