[
  {
    "date": "2026-04-27",
    "symbol": "PYPL",
    "eps": null,
    "epsEstimated": null,
    "time": "bmo",
    "revenue": null,
    "revenueEstimated": null,
    "updatedFromDate": "2025-09-22",
    "fiscalDateEnding": "2026-03-30"
  },
  {
    "date": "2026-02-02",
    "symbol": "PYPL",
    "eps": null,
    "epsEstimated": null,
    "time": "bmo",
    "revenue": null,
    "revenueEstimated": null,
    "updatedFromDate": "2025-09-22",
    "fiscalDateEnding": "2025-12-30"
  },
  {
    "date": "2025-10-28",
    "symbol": "PYPL",
    "eps": null,
    "epsEstimated": 1.21,
    "time": "bmo",
    "revenue": null,
    "revenueEstimated": 8214344450,
    "updatedFromDate": "2025-09-22",
    "fiscalDateEnding": "2025-09-30"
  },
  {
    "date": "2025-07-29",
    "symbol": "PYPL",
    "eps": 1.4,
    "epsEstimated": 1.3,
    "time": "bmo",
    "revenue": 8288000000,
    "revenueEstimated": 8084448373,
    "updatedFromDate": "2025-09-22",
    "fiscalDateEnding": "2025-06-30"
  },
  {
    "date": "2025-04-29",
    "symbol": "PYPL",
    "eps": 1.33,
    "epsEstimated": 1.16,
    "time": "bmo",
    "revenue": 7791000000,
    "revenueEstimated": 7849068671,
    "updatedFromDate": "2025-07-21",
    "fiscalDateEnding": "2025-03-31"
  },
  {
    "date": "2025-02-04",
    "symbol": "PYPL",
    "eps": 1.19,
    "epsEstimated": 1.11,
    "time": "bmo",
    "revenue": 8366000000,
    "revenueEstimated": 8257676170,
    "updatedFromDate": "2025-05-04",
    "fiscalDateEnding": "2024-12-31"
  },
  {
    "date": "2024-10-29",
    "symbol": "PYPL",
    "eps": 1.2,
    "epsEstimated": 1.07,
    "time": "bmo",
    "revenue": 7847000000,
    "revenueEstimated": 7887792033,
    "updatedFromDate": "2025-04-25",
    "fiscalDateEnding": "2024-09-30"
  },
  {
    "date": "2024-07-30",
    "symbol": "PYPL",
    "eps": 1.19,
    "epsEstimated": 0.99,
    "time": "bmo",
    "revenue": 7862000000,
    "revenueEstimated": 7822907579,
    "updatedFromDate": "2025-04-25",
    "fiscalDateEnding": "2024-06-30"
  },
  {
    "date": "2024-04-30",
    "symbol": "PYPL",
    "eps": 1.4,
    "epsEstimated": 1.22,
    "time": "bmo",
    "revenue": 7699000000,
    "revenueEstimated": 7515933910,
    "updatedFromDate": "2025-04-25",
    "fiscalDateEnding": "2024-03-31"
  },
  {
    "date": "2024-02-07",
    "symbol": "PYPL",
    "eps": 1.48,
    "epsEstimated": 1.36,
    "time": "amc",
    "revenue": 8026000000,
    "revenueEstimated": 7871790000,
    "updatedFromDate": "2025-04-25",
    "fiscalDateEnding": "2023-12-31"
  },
  {
    "date": "2023-11-01",
    "symbol": "PYPL",
    "eps": 1.3,
    "epsEstimated": 1.22,
    "time": "amc",
    "revenue": 7418000000,
    "revenueEstimated": 6962580000,
    "updatedFromDate": "2025-04-25",
    "fiscalDateEnding": "2023-09-30"
  },
  {
    "date": "2023-08-02",
    "symbol": "PYPL",
    "eps": 1.16,
    "epsEstimated": 1.16,
    "time": "amc",
    "revenue": 7287000000,
    "revenueEstimated": 7272610000,
    "updatedFromDate": "2025-04-25",
    "fiscalDateEnding": "2023-06-30"
  },
  {
    "date": "2023-05-08",
    "symbol": "PYPL",
    "eps": 1.17,
    "epsEstimated": 1.1,
    "time": "amc",
    "revenue": 7040000000,
    "revenueEstimated": 6976500000,
    "updatedFromDate": "2025-04-25",
    "fiscalDateEnding": "2023-03-31"
  },
  {
    "date": "2023-02-09",
    "symbol": "PYPL",
    "eps": 1.24,
    "epsEstimated": 1.2,
    "time": "amc",
    "revenue": 7383000000,
    "revenueEstimated": 7390586776,
    "updatedFromDate": "2025-04-25",
    "fiscalDateEnding": "2022-12-31"
  },
  {
    "date": "2022-11-03",
    "symbol": "PYPL",
    "eps": 1.08,
    "epsEstimated": 0.96,
    "time": "amc",
    "revenue": 6846000000,
    "revenueEstimated": 6820581587,
    "updatedFromDate": "2025-04-25",
    "fiscalDateEnding": "2022-09-30"
  },
  {
    "date": "2022-08-02",
    "symbol": "PYPL",
    "eps": 0.93,
    "epsEstimated": 0.85,
    "time": "amc",
    "revenue": 6806000000,
    "revenueEstimated": 6778392158,
    "updatedFromDate": "2025-04-25",
    "fiscalDateEnding": "2022-06-30"
  },
  {
    "date": "2022-04-27",
    "symbol": "PYPL",
    "eps": 0.88,
    "epsEstimated": 0.88,
    "time": "amc",
    "revenue": 6483000000,
    "revenueEstimated": 6400463920,
    "updatedFromDate": "2025-04-25",
    "fiscalDateEnding": "2022-03-31"
  },
  {
    "date": "2022-02-01",
    "symbol": "PYPL",
    "eps": 1.11,
    "epsEstimated": 1.12,
    "time": "amc",
    "revenue": 6918000000,
    "revenueEstimated": 6897824241,
    "updatedFromDate": "2025-04-25",
    "fiscalDateEnding": "2021-12-31"
  },
  {
    "date": "2021-11-08",
    "symbol": "PYPL",
    "eps": 1.11,
    "epsEstimated": 1.07,
    "time": "amc",
    "revenue": 6182000000,
    "revenueEstimated": 6252310000,
    "updatedFromDate": "2025-04-25",
    "fiscalDateEnding": "2021-09-30"
  },
  {
    "date": "2021-07-28",
    "symbol": "PYPL",
    "eps": 1.15,
    "epsEstimated": 1.12,
    "time": "amc",
    "revenue": 6238000000,
    "revenueEstimated": 6242750000,
    "updatedFromDate": "2025-04-25",
    "fiscalDateEnding": "2021-06-30"
  },
  {
    "date": "2021-05-05",
    "symbol": "PYPL",
    "eps": 1.22,
    "epsEstimated": 1.01,
    "time": "amc",
    "revenue": 6033000000,
    "revenueEstimated": 5895530000,
    "updatedFromDate": "2025-04-25",
    "fiscalDateEnding": "2021-03-31"
  },
  {
    "date": "2021-02-03",
    "symbol": "PYPL",
    "eps": 1.08,
    "epsEstimated": 1,
    "time": "bmo",
    "revenue": 6116000000,
    "revenueEstimated": 6090080000,
    "updatedFromDate": "2025-04-25",
    "fiscalDateEnding": "2020-12-31"
  },
  {
    "date": "2020-11-02",
    "symbol": "PYPL",
    "eps": 1.07,
    "epsEstimated": 0.94,
    "time": "amc",
    "revenue": 5459000000,
    "revenueEstimated": 4795757009,
    "updatedFromDate": "2025-04-25",
    "fiscalDateEnding": "2020-09-30"
  },
  {
    "date": "2020-07-29",
    "symbol": "PYPL",
    "eps": 1.07,
    "epsEstimated": 0.88,
    "time": "amc",
    "revenue": 5261000000,
    "revenueEstimated": 4326803738,
    "updatedFromDate": "2025-04-25",
    "fiscalDateEnding": "2020-06-30"
  },
  {
    "date": "2020-05-06",
    "symbol": "PYPL",
    "eps": 0.66,
    "epsEstimated": 0.75,
    "time": "amc",
    "revenue": 4618000000,
    "revenueEstimated": 5247727272,
    "updatedFromDate": "2025-04-25",
    "fiscalDateEnding": "2020-03-31"
  },
  {
    "date": "2020-01-29",
    "symbol": "PYPL",
    "eps": 0.86,
    "epsEstimated": 0.83,
    "time": "amc",
    "revenue": 4961000000,
    "revenueEstimated": 4845627906,
    "updatedFromDate": "2025-04-25",
    "fiscalDateEnding": "2019-12-31"
  },
  {
    "date": "2019-10-23",
    "symbol": "PYPL",
    "eps": 0.61,
    "epsEstimated": 0.52,
    "time": "amc",
    "revenue": 4378000000,
    "revenueEstimated": 3732065573,
    "updatedFromDate": "2025-04-25",
    "fiscalDateEnding": "2019-09-30"
  },
  {
    "date": "2019-07-24",
    "symbol": "PYPL",
    "eps": 0.86,
    "epsEstimated": 0.75,
    "time": "amc",
    "revenue": 4305000000,
    "revenueEstimated": 3754360465,
    "updatedFromDate": "2025-04-25",
    "fiscalDateEnding": "2019-06-30"
  },
  {
    "date": "2019-04-24",
    "symbol": "PYPL",
    "eps": 0.78,
    "epsEstimated": 0.67,
    "time": "amc",
    "revenue": 4128000000,
    "revenueEstimated": 3598769230,
    "updatedFromDate": "2025-04-25",
    "fiscalDateEnding": "2019-03-31"
  },
  {
    "date": "2019-01-30",
    "symbol": "PYPL",
    "eps": 0.69,
    "epsEstimated": 0.67,
    "time": "amc",
    "revenue": 4226000000,
    "revenueEstimated": 4103507246,
    "updatedFromDate": "2025-04-25",
    "fiscalDateEnding": "2018-12-31"
  },
  {
    "date": "2018-10-18",
    "symbol": "PYPL",
    "eps": 0.58,
    "epsEstimated": 0.54,
    "time": "amc",
    "revenue": 3683000000,
    "revenueEstimated": 3429000000,
    "updatedFromDate": "2025-04-25",
    "fiscalDateEnding": "2018-09-30"
  },
  {
    "date": "2018-07-25",
    "symbol": "PYPL",
    "eps": 0.58,
    "epsEstimated": 0.56,
    "time": "amc",
    "revenue": 3857000000,
    "revenueEstimated": 3790500000,
    "updatedFromDate": "2025-04-25",
    "fiscalDateEnding": "2018-06-30"
  },
  {
    "date": "2018-04-25",
    "symbol": "PYPL",
    "eps": 0.57,
    "epsEstimated": 0.54,
    "time": "amc",
    "revenue": 3685000000,
    "revenueEstimated": 3491052631,
    "updatedFromDate": "2025-04-25",
    "fiscalDateEnding": "2018-03-31"
  },
  {
    "date": "2018-01-31",
    "symbol": "PYPL",
    "eps": 0.55,
    "epsEstimated": 0.52,
    "time": "amc",
    "revenue": 3744000000,
    "revenueEstimated": 3539781818,
    "updatedFromDate": "2025-04-25",
    "fiscalDateEnding": "2017-12-31"
  },
  {
    "date": "2017-10-19",
    "symbol": "PYPL",
    "eps": 0.46,
    "epsEstimated": 0.44,
    "time": "amc",
    "revenue": 3239000000,
    "revenueEstimated": 3027760869,
    "updatedFromDate": "2025-04-25",
    "fiscalDateEnding": "2017-09-30"
  },
  {
    "date": "2017-07-26",
    "symbol": "PYPL",
    "eps": 0.46,
    "epsEstimated": 0.42,
    "time": "amc",
    "revenue": 3136000000,
    "revenueEstimated": 2931478260,
    "updatedFromDate": "2025-04-25",
    "fiscalDateEnding": "2017-06-30"
  },
  {
    "date": "2017-04-26",
    "symbol": "PYPL",
    "eps": 0.44,
    "epsEstimated": 0.41,
    "time": "amc",
    "revenue": 2975000000,
    "revenueEstimated": 2772159090,
    "updatedFromDate": "2025-04-25",
    "fiscalDateEnding": "2017-03-31"
  },
  {
    "date": "2017-01-26",
    "symbol": "PYPL",
    "eps": 0.42,
    "epsEstimated": 0.42,
    "time": "amc",
    "revenue": 2981000000,
    "revenueEstimated": 2981000000,
    "updatedFromDate": "2025-04-25",
    "fiscalDateEnding": "2016-12-31"
  },
  {
    "date": "2016-10-20",
    "symbol": "PYPL",
    "eps": 0.35,
    "epsEstimated": 0.35,
    "time": "amc",
    "revenue": 2667000000,
    "revenueEstimated": 2667000000,
    "updatedFromDate": "2025-04-25",
    "fiscalDateEnding": "2016-09-30"
  },
  {
    "date": "2016-07-21",
    "symbol": "PYPL",
    "eps": 0.36,
    "epsEstimated": 0.36,
    "time": "amc",
    "revenue": 2650000000,
    "revenueEstimated": 2650000000,
    "updatedFromDate": "2025-04-25",
    "fiscalDateEnding": "2016-06-30"
  }
]