[
  {
    "date": "2026-04-28",
    "symbol": "QCOM",
    "eps": null,
    "epsEstimated": null,
    "time": "amc",
    "revenue": null,
    "revenueEstimated": null,
    "updatedFromDate": "2025-10-02",
    "fiscalDateEnding": "2026-03-29"
  },
  {
    "date": "2026-02-03",
    "symbol": "QCOM",
    "eps": null,
    "epsEstimated": null,
    "time": "amc",
    "revenue": null,
    "revenueEstimated": null,
    "updatedFromDate": "2025-10-02",
    "fiscalDateEnding": "2025-12-29"
  },
  {
    "date": "2025-11-05",
    "symbol": "QCOM",
    "eps": null,
    "epsEstimated": 2.86,
    "time": "bmo",
    "revenue": null,
    "revenueEstimated": 10738085020,
    "updatedFromDate": "2025-10-02",
    "fiscalDateEnding": "2025-09-29"
  },
  {
    "date": "2025-07-30",
    "symbol": "QCOM",
    "eps": 2.77,
    "epsEstimated": 2.71,
    "time": "amc",
    "revenue": 10365000000,
    "revenueEstimated": 10331353334,
    "updatedFromDate": "2025-10-02",
    "fiscalDateEnding": "2025-06-29"
  },
  {
    "date": "2025-04-30",
    "symbol": "QCOM",
    "eps": 2.85,
    "epsEstimated": 2.82,
    "time": "amc",
    "revenue": 10979000000,
    "revenueEstimated": 10644301346,
    "updatedFromDate": "2025-07-30",
    "fiscalDateEnding": "2025-03-30"
  },
  {
    "date": "2025-02-05",
    "symbol": "QCOM",
    "eps": 3.41,
    "epsEstimated": 2.96,
    "time": "amc",
    "revenue": 11669000000,
    "revenueEstimated": 10910816718,
    "updatedFromDate": "2025-05-05",
    "fiscalDateEnding": "2024-12-29"
  },
  {
    "date": "2024-11-06",
    "symbol": "QCOM",
    "eps": 2.69,
    "epsEstimated": 2.56,
    "time": "amc",
    "revenue": 10244000000,
    "revenueEstimated": 9904715198,
    "updatedFromDate": "2025-04-23",
    "fiscalDateEnding": "2024-09-29"
  },
  {
    "date": "2024-07-31",
    "symbol": "QCOM",
    "eps": 2.33,
    "epsEstimated": 2.25,
    "time": "amc",
    "revenue": 9393000000,
    "revenueEstimated": 9214372661,
    "updatedFromDate": "2025-04-23",
    "fiscalDateEnding": "2024-06-23"
  },
  {
    "date": "2024-05-01",
    "symbol": "QCOM",
    "eps": 2.44,
    "epsEstimated": 2.32,
    "time": "amc",
    "revenue": 9389000000,
    "revenueEstimated": 9353276614,
    "updatedFromDate": "2025-04-23",
    "fiscalDateEnding": "2024-03-24"
  },
  {
    "date": "2024-01-31",
    "symbol": "QCOM",
    "eps": 2.75,
    "epsEstimated": 2.37,
    "time": "amc",
    "revenue": 9935000000,
    "revenueEstimated": 9510855736,
    "updatedFromDate": "2025-04-23",
    "fiscalDateEnding": "2023-12-24"
  },
  {
    "date": "2023-11-01",
    "symbol": "QCOM",
    "eps": 2.02,
    "epsEstimated": 1.92,
    "time": "amc",
    "revenue": 8631000000,
    "revenueEstimated": 8028450000,
    "updatedFromDate": "2025-04-23",
    "fiscalDateEnding": "2023-09-24"
  },
  {
    "date": "2023-08-02",
    "symbol": "QCOM",
    "eps": 1.87,
    "epsEstimated": 1.81,
    "time": "amc",
    "revenue": 8451000000,
    "revenueEstimated": 8503340000,
    "updatedFromDate": "2025-04-23",
    "fiscalDateEnding": "2023-06-25"
  },
  {
    "date": "2023-05-03",
    "symbol": "QCOM",
    "eps": 2.15,
    "epsEstimated": 2.16,
    "time": "amc",
    "revenue": 9275000000,
    "revenueEstimated": 9098390000,
    "updatedFromDate": "2025-04-23",
    "fiscalDateEnding": "2023-03-26"
  },
  {
    "date": "2023-02-02",
    "symbol": "QCOM",
    "eps": 2.37,
    "epsEstimated": 2.34,
    "time": "amc",
    "revenue": 9463000000,
    "revenueEstimated": 9599723928,
    "updatedFromDate": "2025-04-23",
    "fiscalDateEnding": "2022-12-25"
  },
  {
    "date": "2022-11-02",
    "symbol": "QCOM",
    "eps": 3.13,
    "epsEstimated": 3.13,
    "time": "amc",
    "revenue": 11395000000,
    "revenueEstimated": 11360521414,
    "updatedFromDate": "2025-04-23",
    "fiscalDateEnding": "2022-09-25"
  },
  {
    "date": "2022-07-27",
    "symbol": "QCOM",
    "eps": 2.96,
    "epsEstimated": 2.87,
    "time": "amc",
    "revenue": 10936000000,
    "revenueEstimated": 10863302716,
    "updatedFromDate": "2025-04-23",
    "fiscalDateEnding": "2022-06-26"
  },
  {
    "date": "2022-04-27",
    "symbol": "QCOM",
    "eps": 3.21,
    "epsEstimated": 2.91,
    "time": "amc",
    "revenue": 11164000000,
    "revenueEstimated": 10634157720,
    "updatedFromDate": "2025-04-23",
    "fiscalDateEnding": "2022-03-27"
  },
  {
    "date": "2022-02-02",
    "symbol": "QCOM",
    "eps": 3.23,
    "epsEstimated": 3.01,
    "time": "amc",
    "revenue": 10705000000,
    "revenueEstimated": 10440781080,
    "updatedFromDate": "2025-04-23",
    "fiscalDateEnding": "2021-12-26"
  },
  {
    "date": "2021-11-03",
    "symbol": "QCOM",
    "eps": 2.55,
    "epsEstimated": 2.26,
    "time": "amc",
    "revenue": 9336000000,
    "revenueEstimated": 8859450000,
    "updatedFromDate": "2025-04-23",
    "fiscalDateEnding": "2021-09-26"
  },
  {
    "date": "2021-07-28",
    "symbol": "QCOM",
    "eps": 1.92,
    "epsEstimated": 1.68,
    "time": "amc",
    "revenue": 8060000000,
    "revenueEstimated": 8855740000,
    "updatedFromDate": "2025-04-23",
    "fiscalDateEnding": "2021-06-27"
  },
  {
    "date": "2021-04-28",
    "symbol": "QCOM",
    "eps": 1.9,
    "epsEstimated": 1.67,
    "time": "amc",
    "revenue": 7935000000,
    "revenueEstimated": 6842155688,
    "updatedFromDate": "2025-04-23",
    "fiscalDateEnding": "2021-03-28"
  },
  {
    "date": "2021-02-03",
    "symbol": "QCOM",
    "eps": 2.17,
    "epsEstimated": 2.1,
    "time": "amc",
    "revenue": 8235000000,
    "revenueEstimated": 7960500000,
    "updatedFromDate": "2025-04-23",
    "fiscalDateEnding": "2020-12-27"
  },
  {
    "date": "2020-11-04",
    "symbol": "QCOM",
    "eps": 1.45,
    "epsEstimated": 1.19,
    "time": "amc",
    "revenue": 8346000000,
    "revenueEstimated": 6734358620,
    "updatedFromDate": "2025-04-23",
    "fiscalDateEnding": "2020-09-27"
  },
  {
    "date": "2020-07-29",
    "symbol": "QCOM",
    "eps": 0.86,
    "epsEstimated": 0.71,
    "time": "amc",
    "revenue": 4893000000,
    "revenueEstimated": 4039569767,
    "updatedFromDate": "2025-04-23",
    "fiscalDateEnding": "2020-06-28"
  },
  {
    "date": "2020-04-29",
    "symbol": "QCOM",
    "eps": 0.88,
    "epsEstimated": 0.79,
    "time": "amc",
    "revenue": 5216000000,
    "revenueEstimated": 4623272727,
    "updatedFromDate": "2025-04-23",
    "fiscalDateEnding": "2020-03-29"
  },
  {
    "date": "2020-02-05",
    "symbol": "QCOM",
    "eps": 0.99,
    "epsEstimated": 0.85,
    "time": "amc",
    "revenue": 5077000000,
    "revenueEstimated": 4359040404,
    "updatedFromDate": "2025-04-23",
    "fiscalDateEnding": "2019-12-29"
  },
  {
    "date": "2019-11-06",
    "symbol": "QCOM",
    "eps": 0.78,
    "epsEstimated": 0.71,
    "time": "amc",
    "revenue": 4814000000,
    "revenueEstimated": 4381974358,
    "updatedFromDate": "2025-04-23",
    "fiscalDateEnding": "2019-09-29"
  },
  {
    "date": "2019-07-31",
    "symbol": "QCOM",
    "eps": 0.8,
    "epsEstimated": 0.76,
    "time": "amc",
    "revenue": 9635000000,
    "revenueEstimated": 4626562500,
    "updatedFromDate": "2025-04-23",
    "fiscalDateEnding": "2019-06-30"
  },
  {
    "date": "2019-05-01",
    "symbol": "QCOM",
    "eps": 0.77,
    "epsEstimated": 0.71,
    "time": "amc",
    "revenue": 4982000000,
    "revenueEstimated": 4658493506,
    "updatedFromDate": "2025-04-23",
    "fiscalDateEnding": "2019-03-31"
  },
  {
    "date": "2019-01-30",
    "symbol": "QCOM",
    "eps": 1.2,
    "epsEstimated": 1.08,
    "time": "amc",
    "revenue": 4842000000,
    "revenueEstimated": 4398150000,
    "updatedFromDate": "2025-04-23",
    "fiscalDateEnding": "2018-12-30"
  },
  {
    "date": "2018-11-07",
    "symbol": "QCOM",
    "eps": 0.9,
    "epsEstimated": 0.83,
    "time": "amc",
    "revenue": 5803000000,
    "revenueEstimated": 5328600000,
    "updatedFromDate": "2025-04-23",
    "fiscalDateEnding": "2018-09-30"
  },
  {
    "date": "2018-07-25",
    "symbol": "QCOM",
    "eps": 0.75,
    "epsEstimated": 0.71,
    "time": "amc",
    "revenue": 5599000000,
    "revenueEstimated": 3920465346,
    "updatedFromDate": "2025-04-23",
    "fiscalDateEnding": "2018-06-24"
  },
  {
    "date": "2018-04-25",
    "symbol": "QCOM",
    "eps": 0.8,
    "epsEstimated": 0.7,
    "time": "amc",
    "revenue": 5261000000,
    "revenueEstimated": 4437000000,
    "updatedFromDate": "2025-04-23",
    "fiscalDateEnding": "2018-03-25"
  },
  {
    "date": "2018-01-31",
    "symbol": "QCOM",
    "eps": 0.98,
    "epsEstimated": 0.9,
    "time": "amc",
    "revenue": 6068000000,
    "revenueEstimated": 5603928571,
    "updatedFromDate": "2025-04-23",
    "fiscalDateEnding": "2017-12-24"
  },
  {
    "date": "2017-11-01",
    "symbol": "QCOM",
    "eps": 0.92,
    "epsEstimated": 0.81,
    "time": "amc",
    "revenue": 5905000000,
    "revenueEstimated": 5169032608,
    "updatedFromDate": "2025-04-23",
    "fiscalDateEnding": "2017-09-24"
  },
  {
    "date": "2017-07-19",
    "symbol": "QCOM",
    "eps": 0.83,
    "epsEstimated": 0.83,
    "time": "amc",
    "revenue": 5371000000,
    "revenueEstimated": 5241578313,
    "updatedFromDate": "2025-04-23",
    "fiscalDateEnding": "2017-06-25"
  },
  {
    "date": "2017-04-19",
    "symbol": "QCOM",
    "eps": 1.34,
    "epsEstimated": 1.2,
    "time": "amc",
    "revenue": 5016000000,
    "revenueEstimated": 4491940298,
    "updatedFromDate": "2025-04-23",
    "fiscalDateEnding": "2017-03-26"
  },
  {
    "date": "2017-01-25",
    "symbol": "QCOM",
    "eps": 1.19,
    "epsEstimated": 1.19,
    "time": "amc",
    "revenue": 5999000000,
    "revenueEstimated": 5948588235,
    "updatedFromDate": "2025-04-23",
    "fiscalDateEnding": "2016-12-25"
  },
  {
    "date": "2016-11-02",
    "symbol": "QCOM",
    "eps": 1.28,
    "epsEstimated": 1.13,
    "time": "amc",
    "revenue": 6184000000,
    "revenueEstimated": 5459312499,
    "updatedFromDate": "2025-04-23",
    "fiscalDateEnding": "2016-09-25"
  },
  {
    "date": "2016-07-20",
    "symbol": "QCOM",
    "eps": 1.16,
    "epsEstimated": 0.97,
    "time": "amc",
    "revenue": 6044000000,
    "revenueEstimated": 5054034482,
    "updatedFromDate": "2025-04-23",
    "fiscalDateEnding": "2016-06-26"
  }
]