[
  {
    "date": "2026-04-27",
    "symbol": "RCL",
    "eps": null,
    "epsEstimated": null,
    "time": "bmo",
    "revenue": null,
    "revenueEstimated": null,
    "updatedFromDate": "2025-10-02",
    "fiscalDateEnding": "2026-03-30"
  },
  {
    "date": "2026-01-26",
    "symbol": "RCL",
    "eps": null,
    "epsEstimated": null,
    "time": "bmo",
    "revenue": null,
    "revenueEstimated": null,
    "updatedFromDate": "2025-10-02",
    "fiscalDateEnding": "2025-12-30"
  },
  {
    "date": "2025-11-04",
    "symbol": "RCL",
    "eps": null,
    "epsEstimated": 5.65,
    "time": "bmo",
    "revenue": null,
    "revenueEstimated": null,
    "updatedFromDate": "2025-10-02",
    "fiscalDateEnding": "2025-09-30"
  },
  {
    "date": "2025-07-29",
    "symbol": "RCL",
    "eps": 4.38,
    "epsEstimated": 4.09,
    "time": "bmo",
    "revenue": 4538000000,
    "revenueEstimated": 4551633522,
    "updatedFromDate": "2025-10-02",
    "fiscalDateEnding": "2025-06-30"
  },
  {
    "date": "2025-04-29",
    "symbol": "RCL",
    "eps": 2.71,
    "epsEstimated": 2.55,
    "time": "bmo",
    "revenue": 3999000000,
    "revenueEstimated": 4013354416,
    "updatedFromDate": "2025-07-29",
    "fiscalDateEnding": "2025-03-31"
  },
  {
    "date": "2025-01-28",
    "symbol": "RCL",
    "eps": 1.63,
    "epsEstimated": 1.5,
    "time": "bmo",
    "revenue": 3761000000,
    "revenueEstimated": 3762173535,
    "updatedFromDate": "2025-04-28",
    "fiscalDateEnding": "2024-12-31"
  },
  {
    "date": "2024-10-29",
    "symbol": "RCL",
    "eps": 5.2,
    "epsEstimated": 5.03,
    "time": "bmo",
    "revenue": 4886000000,
    "revenueEstimated": 4891816392,
    "updatedFromDate": "2025-04-25",
    "fiscalDateEnding": "2024-09-30"
  },
  {
    "date": "2024-07-25",
    "symbol": "RCL",
    "eps": 3.21,
    "epsEstimated": 2.75,
    "time": "bmo",
    "revenue": 4110000000,
    "revenueEstimated": 4047944058,
    "updatedFromDate": "2025-04-25",
    "fiscalDateEnding": "2024-06-30"
  },
  {
    "date": "2024-04-25",
    "symbol": "RCL",
    "eps": 1.77,
    "epsEstimated": 1.33,
    "time": "bmo",
    "revenue": 3728000000,
    "revenueEstimated": 3689832272,
    "updatedFromDate": "2025-04-25",
    "fiscalDateEnding": "2024-03-31"
  },
  {
    "date": "2024-02-01",
    "symbol": "RCL",
    "eps": 1.25,
    "epsEstimated": 1.13,
    "time": "bmo",
    "revenue": 3331419000,
    "revenueEstimated": 3355860000,
    "updatedFromDate": "2025-04-25",
    "fiscalDateEnding": "2023-12-31"
  },
  {
    "date": "2023-10-26",
    "symbol": "RCL",
    "eps": 3.85,
    "epsEstimated": 3.46,
    "time": "bmo",
    "revenue": 4160000000,
    "revenueEstimated": 4049240000,
    "updatedFromDate": "2025-04-25",
    "fiscalDateEnding": "2023-09-30"
  },
  {
    "date": "2023-07-27",
    "symbol": "RCL",
    "eps": 1.82,
    "epsEstimated": 1.55,
    "time": "bmo",
    "revenue": 3523000000,
    "revenueEstimated": 3983730000,
    "updatedFromDate": "2025-04-25",
    "fiscalDateEnding": "2023-06-30"
  },
  {
    "date": "2023-05-04",
    "symbol": "RCL",
    "eps": -0.23,
    "epsEstimated": -0.71,
    "time": "bmo",
    "revenue": 2886000000,
    "revenueEstimated": 2822980000,
    "updatedFromDate": "2025-04-25",
    "fiscalDateEnding": "2023-03-31"
  },
  {
    "date": "2023-02-07",
    "symbol": "RCL",
    "eps": -1.12,
    "epsEstimated": -1.37,
    "time": "bmo",
    "revenue": 2603992000,
    "revenueEstimated": 2610036650,
    "updatedFromDate": "2025-04-25",
    "fiscalDateEnding": "2022-12-31"
  },
  {
    "date": "2022-11-03",
    "symbol": "RCL",
    "eps": 0.26,
    "epsEstimated": 0.23,
    "time": "bmo",
    "revenue": 2993075000,
    "revenueEstimated": 2975503653,
    "updatedFromDate": "2025-04-25",
    "fiscalDateEnding": "2022-09-30"
  },
  {
    "date": "2022-07-28",
    "symbol": "RCL",
    "eps": -2.08,
    "epsEstimated": -2.23,
    "time": "bmo",
    "revenue": 2184242000,
    "revenueEstimated": 2105414202,
    "updatedFromDate": "2025-04-25",
    "fiscalDateEnding": "2022-06-30"
  },
  {
    "date": "2022-05-05",
    "symbol": "RCL",
    "eps": -4.57,
    "epsEstimated": -4.68,
    "time": "bmo",
    "revenue": 1059231000,
    "revenueEstimated": 1146305362,
    "updatedFromDate": "2025-04-25",
    "fiscalDateEnding": "2022-03-31"
  },
  {
    "date": "2022-02-04",
    "symbol": "RCL",
    "eps": -4.78,
    "epsEstimated": -3.7,
    "time": "bmo",
    "revenue": 982247000,
    "revenueEstimated": 1043640510,
    "updatedFromDate": "2025-04-25",
    "fiscalDateEnding": "2021-12-31"
  },
  {
    "date": "2021-10-29",
    "symbol": "RCL",
    "eps": -4.91,
    "epsEstimated": -4.48,
    "time": "bmo",
    "revenue": 456958000,
    "revenueEstimated": 616550000,
    "updatedFromDate": "2025-04-25",
    "fiscalDateEnding": "2021-09-30"
  },
  {
    "date": "2021-08-04",
    "symbol": "RCL",
    "eps": -5.06,
    "epsEstimated": -4.26,
    "time": "bmo",
    "revenue": 50914000,
    "revenueEstimated": 50914000,
    "updatedFromDate": "2025-04-25",
    "fiscalDateEnding": "2021-06-30"
  },
  {
    "date": "2021-04-29",
    "symbol": "RCL",
    "eps": -4.44,
    "epsEstimated": -4.54,
    "time": "bmo",
    "revenue": 42014000,
    "revenueEstimated": 37280000,
    "updatedFromDate": "2025-04-25",
    "fiscalDateEnding": "2021-03-31"
  },
  {
    "date": "2021-02-22",
    "symbol": "RCL",
    "eps": -5.02,
    "epsEstimated": -5.04,
    "time": "bmo",
    "revenue": 34138000,
    "revenueEstimated": 45540000,
    "updatedFromDate": "2025-04-25",
    "fiscalDateEnding": "2020-12-31"
  },
  {
    "date": "2020-10-29",
    "symbol": "RCL",
    "eps": -5.62,
    "epsEstimated": -4.92,
    "time": "bmo",
    "revenue": 33688000,
    "revenueEstimated": 1981191288,
    "updatedFromDate": "2025-04-25",
    "fiscalDateEnding": "2020-09-30"
  },
  {
    "date": "2020-08-10",
    "symbol": "RCL",
    "eps": -6.13,
    "epsEstimated": -4.71,
    "time": "bmo",
    "revenue": 175605000,
    "revenueEstimated": 138077667,
    "updatedFromDate": "2025-04-25",
    "fiscalDateEnding": "2020-06-30"
  },
  {
    "date": "2020-05-20",
    "symbol": "RCL",
    "eps": -1.48,
    "epsEstimated": -0.81,
    "time": "bmo",
    "revenue": 2032750000,
    "revenueEstimated": 1756876783,
    "updatedFromDate": "2025-04-25",
    "fiscalDateEnding": "2020-03-31"
  },
  {
    "date": "2020-02-04",
    "symbol": "RCL",
    "eps": 1.42,
    "epsEstimated": 1.42,
    "time": "bmo",
    "revenue": 2517413000,
    "revenueEstimated": 2517413000,
    "updatedFromDate": "2025-04-25",
    "fiscalDateEnding": "2019-12-31"
  },
  {
    "date": "2019-10-30",
    "symbol": "RCL",
    "eps": 4.27,
    "epsEstimated": 4.31,
    "time": "bmo",
    "revenue": 3186850000,
    "revenueEstimated": 3216703395,
    "updatedFromDate": "2025-04-25",
    "fiscalDateEnding": "2019-09-30"
  },
  {
    "date": "2019-07-25",
    "symbol": "RCL",
    "eps": 2.54,
    "epsEstimated": 2.45,
    "time": "bmo",
    "revenue": 2806631000,
    "revenueEstimated": 2707183444,
    "updatedFromDate": "2025-04-25",
    "fiscalDateEnding": "2019-06-30"
  },
  {
    "date": "2019-05-01",
    "symbol": "RCL",
    "eps": 1.31,
    "epsEstimated": 1.11,
    "time": "bmo",
    "revenue": 2439767000,
    "revenueEstimated": 2067283488,
    "updatedFromDate": "2025-04-25",
    "fiscalDateEnding": "2019-03-31"
  },
  {
    "date": "2019-01-30",
    "symbol": "RCL",
    "eps": 1.53,
    "epsEstimated": 1.51,
    "time": "bmo",
    "revenue": 2332301000,
    "revenueEstimated": 2317057202,
    "updatedFromDate": "2025-04-25",
    "fiscalDateEnding": "2018-12-31"
  },
  {
    "date": "2018-10-25",
    "symbol": "RCL",
    "eps": 3.98,
    "epsEstimated": 3.97,
    "time": "bmo",
    "revenue": 2796187000,
    "revenueEstimated": 2789174371,
    "updatedFromDate": "2025-04-25",
    "fiscalDateEnding": "2018-09-30"
  },
  {
    "date": "2018-08-02",
    "symbol": "RCL",
    "eps": 2.27,
    "epsEstimated": 2.01,
    "time": "bmo",
    "revenue": 2337605000,
    "revenueEstimated": 2069857268,
    "updatedFromDate": "2025-04-25",
    "fiscalDateEnding": "2018-06-30"
  },
  {
    "date": "2018-04-26",
    "symbol": "RCL",
    "eps": 1.09,
    "epsEstimated": 0.97,
    "time": "bmo",
    "revenue": 2027756000,
    "revenueEstimated": 1804555963,
    "updatedFromDate": "2025-04-25",
    "fiscalDateEnding": "2018-03-31"
  },
  {
    "date": "2018-01-24",
    "symbol": "RCL",
    "eps": 1.34,
    "epsEstimated": 1.2,
    "time": "bmo",
    "revenue": 2004467000,
    "revenueEstimated": 1795074626,
    "updatedFromDate": "2025-04-25",
    "fiscalDateEnding": "2017-12-31"
  },
  {
    "date": "2017-11-07",
    "symbol": "RCL",
    "eps": 3.49,
    "epsEstimated": 3.4,
    "time": "bmo",
    "revenue": 2569544000,
    "revenueEstimated": 2503237822,
    "updatedFromDate": "2025-04-25",
    "fiscalDateEnding": "2017-09-30"
  },
  {
    "date": "2017-08-01",
    "symbol": "RCL",
    "eps": 1.71,
    "epsEstimated": 1.67,
    "time": "bmo",
    "revenue": 2195274000,
    "revenueEstimated": 2143947953,
    "updatedFromDate": "2025-04-25",
    "fiscalDateEnding": "2017-06-30"
  },
  {
    "date": "2017-04-28",
    "symbol": "RCL",
    "eps": 0.99,
    "epsEstimated": 0.92,
    "time": "bmo",
    "revenue": 2008560000,
    "revenueEstimated": 1866577777,
    "updatedFromDate": "2025-04-25",
    "fiscalDateEnding": "2017-03-31"
  },
  {
    "date": "2017-01-26",
    "symbol": "RCL",
    "eps": 1.23,
    "epsEstimated": 1.21,
    "time": "bmo",
    "revenue": 1909603000,
    "revenueEstimated": 1878549593,
    "updatedFromDate": "2025-04-25",
    "fiscalDateEnding": "2016-12-31"
  },
  {
    "date": "2016-10-28",
    "symbol": "RCL",
    "eps": 3.2,
    "epsEstimated": 3.1,
    "time": "bmo",
    "revenue": 2563741000,
    "revenueEstimated": 2483584375,
    "updatedFromDate": "2025-04-25",
    "fiscalDateEnding": "2016-09-30"
  },
  {
    "date": "2016-08-02",
    "symbol": "RCL",
    "eps": 1.09,
    "epsEstimated": 1.01,
    "time": "bmo",
    "revenue": 2105262000,
    "revenueEstimated": 1950782568,
    "updatedFromDate": "2025-04-25",
    "fiscalDateEnding": "2016-06-30"
  }
]