[
  {
    "date": "2026-04-27",
    "symbol": "REG",
    "eps": null,
    "epsEstimated": null,
    "time": "amc",
    "revenue": null,
    "revenueEstimated": null,
    "updatedFromDate": "2025-10-02",
    "fiscalDateEnding": "2026-03-30"
  },
  {
    "date": "2026-02-04",
    "symbol": "REG",
    "eps": null,
    "epsEstimated": null,
    "time": "amc",
    "revenue": null,
    "revenueEstimated": null,
    "updatedFromDate": "2025-10-02",
    "fiscalDateEnding": "2025-12-30"
  },
  {
    "date": "2025-10-28",
    "symbol": "REG",
    "eps": null,
    "epsEstimated": 1.14,
    "time": "amc",
    "revenue": null,
    "revenueEstimated": 374834030,
    "updatedFromDate": "2025-10-02",
    "fiscalDateEnding": "2025-09-30"
  },
  {
    "date": "2025-07-29",
    "symbol": "REG",
    "eps": 1.16,
    "epsEstimated": 1.12,
    "time": "amc",
    "revenue": 381889000,
    "revenueEstimated": 369161720,
    "updatedFromDate": "2025-10-02",
    "fiscalDateEnding": "2025-06-30"
  },
  {
    "date": "2025-04-29",
    "symbol": "REG",
    "eps": 1.15,
    "epsEstimated": 1.14,
    "time": "amc",
    "revenue": 380763000,
    "revenueEstimated": 368167000,
    "updatedFromDate": "2025-07-29",
    "fiscalDateEnding": "2025-03-31"
  },
  {
    "date": "2025-02-06",
    "symbol": "REG",
    "eps": 1.09,
    "epsEstimated": 0.48,
    "time": "amc",
    "revenue": 372536000,
    "revenueEstimated": 355814090,
    "updatedFromDate": "2025-05-06",
    "fiscalDateEnding": "2024-12-31"
  },
  {
    "date": "2024-10-28",
    "symbol": "REG",
    "eps": 1.07,
    "epsEstimated": 1.04,
    "time": "amc",
    "revenue": 360072000,
    "revenueEstimated": 365180000,
    "updatedFromDate": "2025-04-25",
    "fiscalDateEnding": "2024-09-30"
  },
  {
    "date": "2024-08-01",
    "symbol": "REG",
    "eps": 1.06,
    "epsEstimated": 1.02,
    "time": "amc",
    "revenue": 359108000,
    "revenueEstimated": 352820000,
    "updatedFromDate": "2025-04-25",
    "fiscalDateEnding": "2024-06-30"
  },
  {
    "date": "2024-05-02",
    "symbol": "REG",
    "eps": 1.08,
    "epsEstimated": 1.04,
    "time": "amc",
    "revenue": 365085000,
    "revenueEstimated": 356220000,
    "updatedFromDate": "2025-04-25",
    "fiscalDateEnding": "2024-03-31"
  },
  {
    "date": "2024-02-08",
    "symbol": "REG",
    "eps": 1.02,
    "epsEstimated": 1.02,
    "time": "amc",
    "revenue": 359604000,
    "revenueEstimated": 360190000,
    "updatedFromDate": "2025-04-25",
    "fiscalDateEnding": "2023-12-31"
  },
  {
    "date": "2023-11-02",
    "symbol": "REG",
    "eps": 1.02,
    "epsEstimated": 1.01,
    "time": "amc",
    "revenue": 330638000,
    "revenueEstimated": 321050000,
    "updatedFromDate": "2025-04-25",
    "fiscalDateEnding": "2023-09-30"
  },
  {
    "date": "2023-08-03",
    "symbol": "REG",
    "eps": 1.03,
    "epsEstimated": 1.01,
    "time": "amc",
    "revenue": 314247000,
    "revenueEstimated": 310970000,
    "updatedFromDate": "2025-04-25",
    "fiscalDateEnding": "2023-06-30"
  },
  {
    "date": "2023-05-04",
    "symbol": "REG",
    "eps": 1.08,
    "epsEstimated": 1.02,
    "time": "amc",
    "revenue": 317977000,
    "revenueEstimated": 309860000,
    "updatedFromDate": "2025-04-25",
    "fiscalDateEnding": "2023-03-31"
  },
  {
    "date": "2023-02-09",
    "symbol": "REG",
    "eps": 0.98,
    "epsEstimated": 0.98,
    "time": "amc",
    "revenue": 314517000,
    "revenueEstimated": 303048519,
    "updatedFromDate": "2025-04-25",
    "fiscalDateEnding": "2022-12-31"
  },
  {
    "date": "2022-11-03",
    "symbol": "REG",
    "eps": 0.94,
    "epsEstimated": 0.95,
    "time": "amc",
    "revenue": 303989000,
    "revenueEstimated": 296056683,
    "updatedFromDate": "2025-04-25",
    "fiscalDateEnding": "2022-09-30"
  },
  {
    "date": "2022-08-04",
    "symbol": "REG",
    "eps": 1,
    "epsEstimated": 0.95,
    "time": "amc",
    "revenue": 302083000,
    "revenueEstimated": 292671228,
    "updatedFromDate": "2025-04-25",
    "fiscalDateEnding": "2022-06-30"
  },
  {
    "date": "2022-05-03",
    "symbol": "REG",
    "eps": 1.13,
    "epsEstimated": 0.43,
    "time": "amc",
    "revenue": 303433000,
    "revenueEstimated": 288577712,
    "updatedFromDate": "2025-04-25",
    "fiscalDateEnding": "2022-03-31"
  },
  {
    "date": "2022-02-10",
    "symbol": "REG",
    "eps": 1.01,
    "epsEstimated": 0.96,
    "time": "amc",
    "revenue": 296924000,
    "revenueEstimated": 288859974,
    "updatedFromDate": "2025-04-25",
    "fiscalDateEnding": "2021-12-31"
  },
  {
    "date": "2021-11-04",
    "symbol": "REG",
    "eps": 0.69,
    "epsEstimated": 0.52,
    "time": "amc",
    "revenue": 307375000,
    "revenueEstimated": 273940000,
    "updatedFromDate": "2025-04-25",
    "fiscalDateEnding": "2021-09-30"
  },
  {
    "date": "2021-08-05",
    "symbol": "REG",
    "eps": 0.99,
    "epsEstimated": 0.83,
    "time": "amc",
    "revenue": 287159000,
    "revenueEstimated": 252440000,
    "updatedFromDate": "2025-04-25",
    "fiscalDateEnding": "2021-06-30"
  },
  {
    "date": "2021-05-06",
    "symbol": "REG",
    "eps": 0.9,
    "epsEstimated": 0.75,
    "time": "amc",
    "revenue": 274703000,
    "revenueEstimated": 259450000,
    "updatedFromDate": "2025-04-25",
    "fiscalDateEnding": "2021-03-31"
  },
  {
    "date": "2021-02-11",
    "symbol": "REG",
    "eps": 0.76,
    "epsEstimated": 0.72,
    "time": "amc",
    "revenue": 258460000,
    "revenueEstimated": 250858234,
    "updatedFromDate": "2025-04-25",
    "fiscalDateEnding": "2020-12-31"
  },
  {
    "date": "2020-11-05",
    "symbol": "REG",
    "eps": 0.69,
    "epsEstimated": 0.75,
    "time": "amc",
    "revenue": 242944000,
    "revenueEstimated": 728831999,
    "updatedFromDate": "2025-04-25",
    "fiscalDateEnding": "2020-09-30"
  },
  {
    "date": "2020-08-03",
    "symbol": "REG",
    "eps": 0.61,
    "epsEstimated": 0.78,
    "time": "amc",
    "revenue": 231113000,
    "revenueEstimated": 567277363,
    "updatedFromDate": "2025-04-25",
    "fiscalDateEnding": "2020-06-30"
  },
  {
    "date": "2020-05-07",
    "symbol": "REG",
    "eps": 0.98,
    "epsEstimated": 0.98,
    "time": "amc",
    "revenue": 283658000,
    "revenueEstimated": 680779200,
    "updatedFromDate": "2025-04-25",
    "fiscalDateEnding": "2020-03-31"
  },
  {
    "date": "2020-02-12",
    "symbol": "REG",
    "eps": 1,
    "epsEstimated": 0.98,
    "time": "amc",
    "revenue": 288732000,
    "revenueEstimated": 481220000,
    "updatedFromDate": "2025-04-25",
    "fiscalDateEnding": "2019-12-31"
  },
  {
    "date": "2019-10-30",
    "symbol": "REG",
    "eps": 0.99,
    "epsEstimated": 0.96,
    "time": "amc",
    "revenue": 282276000,
    "revenueEstimated": 282276000,
    "updatedFromDate": "2025-04-25",
    "fiscalDateEnding": "2019-09-30"
  },
  {
    "date": "2019-08-01",
    "symbol": "REG",
    "eps": 0.95,
    "epsEstimated": 0.96,
    "time": "amc",
    "revenue": 275872000,
    "revenueEstimated": 302569290,
    "updatedFromDate": "2025-04-25",
    "fiscalDateEnding": "2019-06-30"
  },
  {
    "date": "2019-05-02",
    "symbol": "REG",
    "eps": 0.98,
    "epsEstimated": 0.96,
    "time": "amc",
    "revenue": 286257000,
    "revenueEstimated": 185536944,
    "updatedFromDate": "2025-04-25",
    "fiscalDateEnding": "2019-03-31"
  },
  {
    "date": "2019-02-13",
    "symbol": "REG",
    "eps": 0.98,
    "epsEstimated": 0.94,
    "time": "amc",
    "revenue": 284560000,
    "revenueEstimated": 235071304,
    "updatedFromDate": "2025-04-25",
    "fiscalDateEnding": "2018-12-31"
  },
  {
    "date": "2018-10-25",
    "symbol": "REG",
    "eps": 0.96,
    "epsEstimated": 0.95,
    "time": "amc",
    "revenue": 278310000,
    "revenueEstimated": 257945853,
    "updatedFromDate": "2025-04-25",
    "fiscalDateEnding": "2018-09-30"
  },
  {
    "date": "2018-08-02",
    "symbol": "REG",
    "eps": 0.93,
    "epsEstimated": 0.92,
    "time": "amc",
    "revenue": 281412000,
    "revenueEstimated": 341700000,
    "updatedFromDate": "2025-04-25",
    "fiscalDateEnding": "2018-06-30"
  },
  {
    "date": "2018-04-30",
    "symbol": "REG",
    "eps": 0.96,
    "epsEstimated": 0.94,
    "time": "amc",
    "revenue": 276693000,
    "revenueEstimated": 321329032,
    "updatedFromDate": "2025-04-25",
    "fiscalDateEnding": "2018-03-31"
  },
  {
    "date": "2018-02-08",
    "symbol": "REG",
    "eps": 0.92,
    "epsEstimated": 0.92,
    "time": "amc",
    "revenue": 264751000,
    "revenueEstimated": 174768000,
    "updatedFromDate": "2025-04-25",
    "fiscalDateEnding": "2017-12-31"
  },
  {
    "date": "2017-11-01",
    "symbol": "REG",
    "eps": 0.95,
    "epsEstimated": 0.91,
    "time": "amc",
    "revenue": 262141000,
    "revenueEstimated": 232145714,
    "updatedFromDate": "2025-04-25",
    "fiscalDateEnding": "2017-09-30"
  },
  {
    "date": "2017-08-03",
    "symbol": "REG",
    "eps": 0.93,
    "epsEstimated": 0.9,
    "time": "amc",
    "revenue": 261305000,
    "revenueEstimated": 373285714,
    "updatedFromDate": "2025-04-25",
    "fiscalDateEnding": "2017-06-30"
  },
  {
    "date": "2017-05-09",
    "symbol": "REG",
    "eps": 0.9,
    "epsEstimated": 0.83,
    "time": "amc",
    "revenue": 196131000,
    "revenueEstimated": 7542307.69,
    "updatedFromDate": "2025-04-25",
    "fiscalDateEnding": "2017-03-31"
  },
  {
    "date": "2017-02-08",
    "symbol": "REG",
    "eps": 0.86,
    "epsEstimated": 0.84,
    "time": "amc",
    "revenue": 159561000,
    "revenueEstimated": 105396226,
    "updatedFromDate": "2025-04-25",
    "fiscalDateEnding": "2016-12-31"
  },
  {
    "date": "2016-11-01",
    "symbol": "REG",
    "eps": 0.81,
    "epsEstimated": 0.81,
    "time": "amc",
    "revenue": 152768000,
    "revenueEstimated": 30559999,
    "updatedFromDate": "2025-04-25",
    "fiscalDateEnding": "2016-09-30"
  },
  {
    "date": "2016-08-02",
    "symbol": "REG",
    "eps": 0.82,
    "epsEstimated": 0.81,
    "time": "amc",
    "revenue": 152412000,
    "revenueEstimated": 121920000,
    "updatedFromDate": "2025-04-25",
    "fiscalDateEnding": "2016-06-30"
  }
]