[
  {
    "date": "2026-04-27",
    "symbol": "REGN",
    "eps": null,
    "epsEstimated": null,
    "time": "bmo",
    "revenue": null,
    "revenueEstimated": null,
    "updatedFromDate": "2025-10-02",
    "fiscalDateEnding": "2026-03-30"
  },
  {
    "date": "2026-02-02",
    "symbol": "REGN",
    "eps": null,
    "epsEstimated": null,
    "time": "bmo",
    "revenue": null,
    "revenueEstimated": null,
    "updatedFromDate": "2025-10-02",
    "fiscalDateEnding": "2025-12-30"
  },
  {
    "date": "2025-10-30",
    "symbol": "REGN",
    "eps": null,
    "epsEstimated": 9.73,
    "time": "bmo",
    "revenue": null,
    "revenueEstimated": 3571216840,
    "updatedFromDate": "2025-10-02",
    "fiscalDateEnding": "2025-09-30"
  },
  {
    "date": "2025-08-01",
    "symbol": "REGN",
    "eps": 12.89,
    "epsEstimated": 8.43,
    "time": "bmo",
    "revenue": 3675600000,
    "revenueEstimated": 3288131131,
    "updatedFromDate": "2025-10-02",
    "fiscalDateEnding": "2025-06-30"
  },
  {
    "date": "2025-04-29",
    "symbol": "REGN",
    "eps": 8.22,
    "epsEstimated": 8.62,
    "time": "bmo",
    "revenue": 3028700000,
    "revenueEstimated": 3248028989,
    "updatedFromDate": "2025-07-29",
    "fiscalDateEnding": "2025-03-31"
  },
  {
    "date": "2025-02-04",
    "symbol": "REGN",
    "eps": 12.07,
    "epsEstimated": 11.21,
    "time": "bmo",
    "revenue": 3789200000,
    "revenueEstimated": 3742241666,
    "updatedFromDate": "2025-05-04",
    "fiscalDateEnding": "2024-12-31"
  },
  {
    "date": "2024-10-31",
    "symbol": "REGN",
    "eps": 12.46,
    "epsEstimated": 11.69,
    "time": "bmo",
    "revenue": 3720700000,
    "revenueEstimated": 3674802561,
    "updatedFromDate": "2025-04-24",
    "fiscalDateEnding": "2024-09-30"
  },
  {
    "date": "2024-08-01",
    "symbol": "REGN",
    "eps": 11.56,
    "epsEstimated": 10.61,
    "time": "bmo",
    "revenue": 3547100000,
    "revenueEstimated": 3383512877,
    "updatedFromDate": "2025-04-24",
    "fiscalDateEnding": "2024-06-30"
  },
  {
    "date": "2024-05-02",
    "symbol": "REGN",
    "eps": 9.55,
    "epsEstimated": 10.17,
    "time": "bmo",
    "revenue": 3145000000,
    "revenueEstimated": 3225221425,
    "updatedFromDate": "2025-04-24",
    "fiscalDateEnding": "2024-03-31"
  },
  {
    "date": "2024-02-02",
    "symbol": "REGN",
    "eps": 11.86,
    "epsEstimated": 10.73,
    "time": "bmo",
    "revenue": 3434300000,
    "revenueEstimated": 3294355824,
    "updatedFromDate": "2025-04-24",
    "fiscalDateEnding": "2023-12-31"
  },
  {
    "date": "2023-11-02",
    "symbol": "REGN",
    "eps": 11.59,
    "epsEstimated": 10.72,
    "time": "bmo",
    "revenue": 3362700000,
    "revenueEstimated": 3221000000,
    "updatedFromDate": "2025-04-24",
    "fiscalDateEnding": "2023-09-30"
  },
  {
    "date": "2023-08-03",
    "symbol": "REGN",
    "eps": 10.24,
    "epsEstimated": 9.84,
    "time": "bmo",
    "revenue": 3158100000,
    "revenueEstimated": 3016800000,
    "updatedFromDate": "2025-04-24",
    "fiscalDateEnding": "2023-06-30"
  },
  {
    "date": "2023-05-04",
    "symbol": "REGN",
    "eps": 10.09,
    "epsEstimated": 9.25,
    "time": "bmo",
    "revenue": 3162100000,
    "revenueEstimated": 3000380000,
    "updatedFromDate": "2025-04-24",
    "fiscalDateEnding": "2023-03-31"
  },
  {
    "date": "2023-02-03",
    "symbol": "REGN",
    "eps": 12.56,
    "epsEstimated": 10.03,
    "time": "bmo",
    "revenue": 3414400000,
    "revenueEstimated": 3124683873,
    "updatedFromDate": "2025-04-24",
    "fiscalDateEnding": "2022-12-31"
  },
  {
    "date": "2022-11-03",
    "symbol": "REGN",
    "eps": 11.14,
    "epsEstimated": 9.48,
    "time": "bmo",
    "revenue": 2936200000,
    "revenueEstimated": 2915357673,
    "updatedFromDate": "2025-04-24",
    "fiscalDateEnding": "2022-09-30"
  },
  {
    "date": "2022-08-03",
    "symbol": "REGN",
    "eps": 9.77,
    "epsEstimated": 8.53,
    "time": "bmo",
    "revenue": 2857200000,
    "revenueEstimated": 2794409717,
    "updatedFromDate": "2025-04-24",
    "fiscalDateEnding": "2022-06-30"
  },
  {
    "date": "2022-05-04",
    "symbol": "REGN",
    "eps": 8.93,
    "epsEstimated": 9.74,
    "time": "bmo",
    "revenue": 2965100000,
    "revenueEstimated": 2690104159,
    "updatedFromDate": "2025-04-24",
    "fiscalDateEnding": "2022-03-31"
  },
  {
    "date": "2022-02-04",
    "symbol": "REGN",
    "eps": 21.32,
    "epsEstimated": 18.35,
    "time": "bmo",
    "revenue": 4951700000,
    "revenueEstimated": 4562522094,
    "updatedFromDate": "2025-04-24",
    "fiscalDateEnding": "2021-12-31"
  },
  {
    "date": "2021-11-04",
    "symbol": "REGN",
    "eps": 14.37,
    "epsEstimated": 10.1,
    "time": "bmo",
    "revenue": 3452800000,
    "revenueEstimated": 2686080000,
    "updatedFromDate": "2025-04-24",
    "fiscalDateEnding": "2021-09-30"
  },
  {
    "date": "2021-08-05",
    "symbol": "REGN",
    "eps": 25.8,
    "epsEstimated": 17.53,
    "time": "bmo",
    "revenue": 5138500000,
    "revenueEstimated": 3916760000,
    "updatedFromDate": "2025-04-24",
    "fiscalDateEnding": "2021-06-30"
  },
  {
    "date": "2021-05-06",
    "symbol": "REGN",
    "eps": 9.89,
    "epsEstimated": 9,
    "time": "bmo",
    "revenue": 2528700000,
    "revenueEstimated": 2646290000,
    "updatedFromDate": "2025-04-24",
    "fiscalDateEnding": "2021-03-31"
  },
  {
    "date": "2021-02-05",
    "symbol": "REGN",
    "eps": 9.53,
    "epsEstimated": 8.39,
    "time": "bmo",
    "revenue": 2422900000,
    "revenueEstimated": 2457670000,
    "updatedFromDate": "2025-04-24",
    "fiscalDateEnding": "2020-12-31"
  },
  {
    "date": "2020-11-05",
    "symbol": "REGN",
    "eps": 8.36,
    "epsEstimated": 7.14,
    "time": "bmo",
    "revenue": 2294000000,
    "revenueEstimated": 301485645,
    "updatedFromDate": "2025-04-24",
    "fiscalDateEnding": "2020-09-30"
  },
  {
    "date": "2020-08-05",
    "symbol": "REGN",
    "eps": 7.16,
    "epsEstimated": 5.98,
    "time": "bmo",
    "revenue": 1952000000,
    "revenueEstimated": 1630301675,
    "updatedFromDate": "2025-04-24",
    "fiscalDateEnding": "2020-06-30"
  },
  {
    "date": "2020-05-05",
    "symbol": "REGN",
    "eps": 6.6,
    "epsEstimated": 6.13,
    "time": "bmo",
    "revenue": 1828200000,
    "revenueEstimated": 1698010000,
    "updatedFromDate": "2025-04-24",
    "fiscalDateEnding": "2020-03-31"
  },
  {
    "date": "2020-02-06",
    "symbol": "REGN",
    "eps": 7.5,
    "epsEstimated": 6.91,
    "time": "bmo",
    "revenue": 2169500000,
    "revenueEstimated": 2001725333,
    "updatedFromDate": "2025-04-24",
    "fiscalDateEnding": "2019-12-31"
  },
  {
    "date": "2019-11-05",
    "symbol": "REGN",
    "eps": 6.67,
    "epsEstimated": 6.36,
    "time": "bmo",
    "revenue": 2048400000,
    "revenueEstimated": 1953197001,
    "updatedFromDate": "2025-04-24",
    "fiscalDateEnding": "2019-09-30"
  },
  {
    "date": "2019-08-06",
    "symbol": "REGN",
    "eps": 6.02,
    "epsEstimated": 5.42,
    "time": "bmo",
    "revenue": 1933700000,
    "revenueEstimated": 1417923255,
    "updatedFromDate": "2025-04-24",
    "fiscalDateEnding": "2019-06-30"
  },
  {
    "date": "2019-05-07",
    "symbol": "REGN",
    "eps": 4.45,
    "epsEstimated": 5.47,
    "time": "bmo",
    "revenue": 1711800000,
    "revenueEstimated": 1687218426,
    "updatedFromDate": "2025-04-24",
    "fiscalDateEnding": "2019-03-31"
  },
  {
    "date": "2019-02-06",
    "symbol": "REGN",
    "eps": 6.84,
    "epsEstimated": 5.6,
    "time": "bmo",
    "revenue": 1927800000,
    "revenueEstimated": 1578313333,
    "updatedFromDate": "2025-04-24",
    "fiscalDateEnding": "2018-12-31"
  },
  {
    "date": "2018-11-06",
    "symbol": "REGN",
    "eps": 5.87,
    "epsEstimated": 5.13,
    "time": "bmo",
    "revenue": 1663496000,
    "revenueEstimated": 1453791311,
    "updatedFromDate": "2025-04-24",
    "fiscalDateEnding": "2018-09-30"
  },
  {
    "date": "2018-08-02",
    "symbol": "REGN",
    "eps": 5.45,
    "epsEstimated": 4.7,
    "time": "bmo",
    "revenue": 1608022000,
    "revenueEstimated": 1386715596,
    "updatedFromDate": "2025-04-24",
    "fiscalDateEnding": "2018-06-30"
  },
  {
    "date": "2018-05-03",
    "symbol": "REGN",
    "eps": 4.67,
    "epsEstimated": 4.35,
    "time": "bmo",
    "revenue": 1511485000,
    "revenueEstimated": 1407928265,
    "updatedFromDate": "2025-04-24",
    "fiscalDateEnding": "2018-03-31"
  },
  {
    "date": "2018-02-08",
    "symbol": "REGN",
    "eps": 5.23,
    "epsEstimated": 4.68,
    "time": "bmo",
    "revenue": 1582447000,
    "revenueEstimated": 1370606500,
    "updatedFromDate": "2025-04-24",
    "fiscalDateEnding": "2017-12-31"
  },
  {
    "date": "2017-11-08",
    "symbol": "REGN",
    "eps": 3.99,
    "epsEstimated": 3.85,
    "time": "bmo",
    "revenue": 1500673000,
    "revenueEstimated": 1448043859,
    "updatedFromDate": "2025-04-24",
    "fiscalDateEnding": "2017-09-30"
  },
  {
    "date": "2017-08-03",
    "symbol": "REGN",
    "eps": 4.17,
    "epsEstimated": 3.17,
    "time": "bmo",
    "revenue": 1470116000,
    "revenueEstimated": 1117558033,
    "updatedFromDate": "2025-04-24",
    "fiscalDateEnding": "2017-06-30"
  },
  {
    "date": "2017-05-04",
    "symbol": "REGN",
    "eps": 2.92,
    "epsEstimated": 3.06,
    "time": "bmo",
    "revenue": 1318991000,
    "revenueEstimated": 1382239726,
    "updatedFromDate": "2025-04-24",
    "fiscalDateEnding": "2017-03-31"
  },
  {
    "date": "2017-02-09",
    "symbol": "REGN",
    "eps": 3.04,
    "epsEstimated": 3.03,
    "time": "bmo",
    "revenue": 1226827000,
    "revenueEstimated": 1222764473,
    "updatedFromDate": "2025-04-24",
    "fiscalDateEnding": "2016-12-31"
  },
  {
    "date": "2016-11-04",
    "symbol": "REGN",
    "eps": 3.13,
    "epsEstimated": 2.71,
    "time": "bmo",
    "revenue": 1220122000,
    "revenueEstimated": 1056380511,
    "updatedFromDate": "2025-04-24",
    "fiscalDateEnding": "2016-09-30"
  },
  {
    "date": "2016-08-04",
    "symbol": "REGN",
    "eps": 2.82,
    "epsEstimated": 2.65,
    "time": "bmo",
    "revenue": 1212629000,
    "revenueEstimated": 1139500000,
    "updatedFromDate": "2025-04-24",
    "fiscalDateEnding": "2016-06-30"
  }
]