[
  {
    "date": "2026-04-15",
    "symbol": "RF",
    "eps": null,
    "epsEstimated": null,
    "time": "bmo",
    "revenue": null,
    "revenueEstimated": null,
    "updatedFromDate": "2025-10-02",
    "fiscalDateEnding": "2026-03-30"
  },
  {
    "date": "2026-01-15",
    "symbol": "RF",
    "eps": null,
    "epsEstimated": null,
    "time": "bmo",
    "revenue": null,
    "revenueEstimated": null,
    "updatedFromDate": "2025-10-02",
    "fiscalDateEnding": "2025-12-30"
  },
  {
    "date": "2025-10-17",
    "symbol": "RF",
    "eps": null,
    "epsEstimated": 0.6,
    "time": "bmo",
    "revenue": null,
    "revenueEstimated": 1927151510,
    "updatedFromDate": "2025-10-02",
    "fiscalDateEnding": "2025-09-30"
  },
  {
    "date": "2025-07-18",
    "symbol": "RF",
    "eps": 0.6,
    "epsEstimated": 0.559,
    "time": "bmo",
    "revenue": 2430000000,
    "revenueEstimated": 1858551578,
    "updatedFromDate": "2025-10-02",
    "fiscalDateEnding": "2025-06-30"
  },
  {
    "date": "2025-04-17",
    "symbol": "RF",
    "eps": 0.54,
    "epsEstimated": 0.508,
    "time": "bmo",
    "revenue": 2315000000,
    "revenueEstimated": 1828976485,
    "updatedFromDate": "2025-07-17",
    "fiscalDateEnding": "2025-03-31"
  },
  {
    "date": "2025-01-17",
    "symbol": "RF",
    "eps": 0.59,
    "epsEstimated": 0.55,
    "time": "bmo",
    "revenue": 1815000000,
    "revenueEstimated": 1854119023,
    "updatedFromDate": "2025-04-25",
    "fiscalDateEnding": "2024-12-31"
  },
  {
    "date": "2024-10-18",
    "symbol": "RF",
    "eps": 0.49,
    "epsEstimated": 0.53,
    "time": "bmo",
    "revenue": 1790000000,
    "revenueEstimated": 1799056251,
    "updatedFromDate": "2025-04-25",
    "fiscalDateEnding": "2024-09-30"
  },
  {
    "date": "2024-07-19",
    "symbol": "RF",
    "eps": 0.52,
    "epsEstimated": 0.48,
    "time": "bmo",
    "revenue": 2276000000,
    "revenueEstimated": 1760464658,
    "updatedFromDate": "2025-04-25",
    "fiscalDateEnding": "2024-06-30"
  },
  {
    "date": "2024-04-19",
    "symbol": "RF",
    "eps": 0.37,
    "epsEstimated": 0.45,
    "time": "bmo",
    "revenue": 2307000000,
    "revenueEstimated": 1750317171,
    "updatedFromDate": "2025-04-25",
    "fiscalDateEnding": "2024-03-31"
  },
  {
    "date": "2024-01-19",
    "symbol": "RF",
    "eps": 0.49,
    "epsEstimated": 0.46,
    "time": "bmo",
    "revenue": 1133000000,
    "revenueEstimated": 1800060000,
    "updatedFromDate": "2025-04-25",
    "fiscalDateEnding": "2023-12-31"
  },
  {
    "date": "2023-10-20",
    "symbol": "RF",
    "eps": 0.49,
    "epsEstimated": 0.58,
    "time": "bmo",
    "revenue": 1857000000,
    "revenueEstimated": 1889390000,
    "updatedFromDate": "2025-04-25",
    "fiscalDateEnding": "2023-09-30"
  },
  {
    "date": "2023-07-21",
    "symbol": "RF",
    "eps": 0.59,
    "epsEstimated": 0.59,
    "time": "bmo",
    "revenue": 1957000000,
    "revenueEstimated": 1948240000,
    "updatedFromDate": "2025-04-25",
    "fiscalDateEnding": "2023-06-30"
  },
  {
    "date": "2023-04-21",
    "symbol": "RF",
    "eps": 0.62,
    "epsEstimated": 0.66,
    "time": "bmo",
    "revenue": 1951000000,
    "revenueEstimated": 1969270000,
    "updatedFromDate": "2025-04-25",
    "fiscalDateEnding": "2023-03-31"
  },
  {
    "date": "2023-01-20",
    "symbol": "RF",
    "eps": 0.66,
    "epsEstimated": 0.66,
    "time": "bmo",
    "revenue": 1951000000,
    "revenueEstimated": 1948571939,
    "updatedFromDate": "2025-04-25",
    "fiscalDateEnding": "2022-12-31"
  },
  {
    "date": "2022-10-21",
    "symbol": "RF",
    "eps": 0.56,
    "epsEstimated": 0.59,
    "time": "bmo",
    "revenue": 1866000000,
    "revenueEstimated": 1814495653,
    "updatedFromDate": "2025-04-25",
    "fiscalDateEnding": "2022-09-30"
  },
  {
    "date": "2022-07-22",
    "symbol": "RF",
    "eps": 0.59,
    "epsEstimated": 0.53,
    "time": "bmo",
    "revenue": 1748000000,
    "revenueEstimated": 1687539184,
    "updatedFromDate": "2025-04-25",
    "fiscalDateEnding": "2022-06-30"
  },
  {
    "date": "2022-04-22",
    "symbol": "RF",
    "eps": 0.55,
    "epsEstimated": 0.47,
    "time": "bmo",
    "revenue": 1599000000,
    "revenueEstimated": 1611551406,
    "updatedFromDate": "2025-04-25",
    "fiscalDateEnding": "2022-03-31"
  },
  {
    "date": "2022-01-20",
    "symbol": "RF",
    "eps": 0.43,
    "epsEstimated": 0.49,
    "time": "bmo",
    "revenue": 1634000000,
    "revenueEstimated": 1616450000,
    "updatedFromDate": "2025-04-25",
    "fiscalDateEnding": "2021-12-31"
  },
  {
    "date": "2021-10-22",
    "symbol": "RF",
    "eps": 0.65,
    "epsEstimated": 0.52,
    "time": "bmo",
    "revenue": 1614000000,
    "revenueEstimated": 1562240000,
    "updatedFromDate": "2025-04-25",
    "fiscalDateEnding": "2021-09-30"
  },
  {
    "date": "2021-07-23",
    "symbol": "RF",
    "eps": 0.77,
    "epsEstimated": 0.53,
    "time": "bmo",
    "revenue": 1582000000,
    "revenueEstimated": 1562210000,
    "updatedFromDate": "2025-04-25",
    "fiscalDateEnding": "2021-06-30"
  },
  {
    "date": "2021-04-23",
    "symbol": "RF",
    "eps": 0.63,
    "epsEstimated": 0.47,
    "time": "bmo",
    "revenue": 1608000000,
    "revenueEstimated": 1577042553,
    "updatedFromDate": "2025-04-25",
    "fiscalDateEnding": "2021-03-31"
  },
  {
    "date": "2021-01-22",
    "symbol": "RF",
    "eps": 0.61,
    "epsEstimated": 0.42,
    "time": "bmo",
    "revenue": 1686000000,
    "revenueEstimated": 1478242857,
    "updatedFromDate": "2025-04-25",
    "fiscalDateEnding": "2020-12-31"
  },
  {
    "date": "2020-10-20",
    "symbol": "RF",
    "eps": 0.48,
    "epsEstimated": 0.33,
    "time": "bmo",
    "revenue": 1643000000,
    "revenueEstimated": 1141699999,
    "updatedFromDate": "2025-04-25",
    "fiscalDateEnding": "2020-09-30"
  },
  {
    "date": "2020-07-17",
    "symbol": "RF",
    "eps": -0.23,
    "epsEstimated": 0.07,
    "time": "bmo",
    "revenue": 1545000000,
    "revenueEstimated": 308999999,
    "updatedFromDate": "2025-04-25",
    "fiscalDateEnding": "2020-06-30"
  },
  {
    "date": "2020-04-17",
    "symbol": "RF",
    "eps": 0.14,
    "epsEstimated": 0.23,
    "time": "bmo",
    "revenue": 1438000000,
    "revenueEstimated": 2321357142,
    "updatedFromDate": "2025-04-25",
    "fiscalDateEnding": "2020-03-31"
  },
  {
    "date": "2020-01-17",
    "symbol": "RF",
    "eps": 0.39,
    "epsEstimated": 0.39,
    "time": "bmo",
    "revenue": 1490000000,
    "revenueEstimated": 1490000000,
    "updatedFromDate": "2025-04-25",
    "fiscalDateEnding": "2019-12-31"
  },
  {
    "date": "2019-10-22",
    "symbol": "RF",
    "eps": 0.39,
    "epsEstimated": 0.39,
    "time": "bmo",
    "revenue": 1498000000,
    "revenueEstimated": 1505000000,
    "updatedFromDate": "2025-04-25",
    "fiscalDateEnding": "2019-09-30"
  },
  {
    "date": "2019-07-19",
    "symbol": "RF",
    "eps": 0.37,
    "epsEstimated": 0.39,
    "time": "bmo",
    "revenue": 1449000000,
    "revenueEstimated": 1513621621,
    "updatedFromDate": "2025-04-25",
    "fiscalDateEnding": "2019-06-30"
  },
  {
    "date": "2019-04-18",
    "symbol": "RF",
    "eps": 0.37,
    "epsEstimated": 0.37,
    "time": "bmo",
    "revenue": 1463000000,
    "revenueEstimated": 1450000000,
    "updatedFromDate": "2025-04-25",
    "fiscalDateEnding": "2019-03-31"
  },
  {
    "date": "2019-01-18",
    "symbol": "RF",
    "eps": 0.37,
    "epsEstimated": 0.38,
    "time": "bmo",
    "revenue": 1466000000,
    "revenueEstimated": 1490216216,
    "updatedFromDate": "2025-04-25",
    "fiscalDateEnding": "2018-12-31"
  },
  {
    "date": "2018-10-23",
    "symbol": "RF",
    "eps": 0.37,
    "epsEstimated": 0.36,
    "time": "bmo",
    "revenue": 1475000000,
    "revenueEstimated": 1062000000,
    "updatedFromDate": "2025-04-25",
    "fiscalDateEnding": "2018-09-30"
  },
  {
    "date": "2018-07-20",
    "symbol": "RF",
    "eps": 0.32,
    "epsEstimated": 0.33,
    "time": "bmo",
    "revenue": 1454000000,
    "revenueEstimated": 1497375000,
    "updatedFromDate": "2025-04-25",
    "fiscalDateEnding": "2018-06-30"
  },
  {
    "date": "2018-04-20",
    "symbol": "RF",
    "eps": 0.35,
    "epsEstimated": 0.31,
    "time": "bmo",
    "revenue": 1432000000,
    "revenueEstimated": 1268342857,
    "updatedFromDate": "2025-04-25",
    "fiscalDateEnding": "2018-03-31"
  },
  {
    "date": "2018-01-19",
    "symbol": "RF",
    "eps": 0.27,
    "epsEstimated": 0.26,
    "time": "bmo",
    "revenue": 1473000000,
    "revenueEstimated": 1035666666,
    "updatedFromDate": "2025-04-25",
    "fiscalDateEnding": "2017-12-31"
  },
  {
    "date": "2017-10-24",
    "symbol": "RF",
    "eps": 0.25,
    "epsEstimated": 0.25,
    "time": "bmo",
    "revenue": 1431000000,
    "revenueEstimated": 1397000000,
    "updatedFromDate": "2025-04-25",
    "fiscalDateEnding": "2017-09-30"
  },
  {
    "date": "2017-07-21",
    "symbol": "RF",
    "eps": 0.26,
    "epsEstimated": 0.24,
    "time": "bmo",
    "revenue": 1425000000,
    "revenueEstimated": 1334400000,
    "updatedFromDate": "2025-04-25",
    "fiscalDateEnding": "2017-06-30"
  },
  {
    "date": "2017-04-18",
    "symbol": "RF",
    "eps": 0.23,
    "epsEstimated": 0.22,
    "time": "bmo",
    "revenue": 1391000000,
    "revenueEstimated": 1296086956,
    "updatedFromDate": "2025-04-25",
    "fiscalDateEnding": "2017-03-31"
  },
  {
    "date": "2017-01-20",
    "symbol": "RF",
    "eps": 0.23,
    "epsEstimated": 0.23,
    "time": "bmo",
    "revenue": 1400000000,
    "revenueEstimated": 1400000000,
    "updatedFromDate": "2025-04-25",
    "fiscalDateEnding": "2016-12-31"
  },
  {
    "date": "2016-10-18",
    "symbol": "RF",
    "eps": 0.24,
    "epsEstimated": 0.21,
    "time": "bmo",
    "revenue": 1459000000,
    "revenueEstimated": 1276625000,
    "updatedFromDate": "2025-04-25",
    "fiscalDateEnding": "2016-09-30"
  },
  {
    "date": "2016-07-19",
    "symbol": "RF",
    "eps": 0.2,
    "epsEstimated": 0.2,
    "time": "bmo",
    "revenue": 1400000000,
    "revenueEstimated": 1469999999,
    "updatedFromDate": "2025-04-25",
    "fiscalDateEnding": "2016-06-30"
  }
]