[
  {
    "date": "2026-04-21",
    "symbol": "RJF",
    "eps": null,
    "epsEstimated": null,
    "time": "amc",
    "revenue": null,
    "revenueEstimated": null,
    "updatedFromDate": "2025-10-02",
    "fiscalDateEnding": "2026-03-30"
  },
  {
    "date": "2026-01-27",
    "symbol": "RJF",
    "eps": null,
    "epsEstimated": null,
    "time": "amc",
    "revenue": null,
    "revenueEstimated": null,
    "updatedFromDate": "2025-10-02",
    "fiscalDateEnding": "2025-12-30"
  },
  {
    "date": "2025-10-28",
    "symbol": "RJF",
    "eps": null,
    "epsEstimated": 2.7,
    "time": "amc",
    "revenue": null,
    "revenueEstimated": null,
    "updatedFromDate": "2025-10-02",
    "fiscalDateEnding": "2025-09-30"
  },
  {
    "date": "2025-07-23",
    "symbol": "RJF",
    "eps": 2.18,
    "epsEstimated": 2.37,
    "time": "amc",
    "revenue": 3842000000,
    "revenueEstimated": 3376010429,
    "updatedFromDate": "2025-10-02",
    "fiscalDateEnding": "2025-06-30"
  },
  {
    "date": "2025-04-23",
    "symbol": "RJF",
    "eps": 2.42,
    "epsEstimated": 2.45,
    "time": "amc",
    "revenue": 3791000000,
    "revenueEstimated": 3422086334,
    "updatedFromDate": "2025-07-23",
    "fiscalDateEnding": "2025-03-31"
  },
  {
    "date": "2025-01-29",
    "symbol": "RJF",
    "eps": 2.93,
    "epsEstimated": 2.62,
    "time": "amc",
    "revenue": 4035000000,
    "revenueEstimated": 3476605656,
    "updatedFromDate": "2025-04-28",
    "fiscalDateEnding": "2024-12-31"
  },
  {
    "date": "2024-10-23",
    "symbol": "RJF",
    "eps": 2.95,
    "epsEstimated": 2.41,
    "time": "amc",
    "revenue": 4003000000,
    "revenueEstimated": 3319811143,
    "updatedFromDate": "2025-04-24",
    "fiscalDateEnding": "2024-09-30"
  },
  {
    "date": "2024-07-24",
    "symbol": "RJF",
    "eps": 2.39,
    "epsEstimated": 2.32,
    "time": "amc",
    "revenue": 3180000000,
    "revenueEstimated": 3243622041,
    "updatedFromDate": "2025-04-24",
    "fiscalDateEnding": "2024-06-30"
  },
  {
    "date": "2024-04-24",
    "symbol": "RJF",
    "eps": 2.31,
    "epsEstimated": 2.31,
    "time": "amc",
    "revenue": 3074000000,
    "revenueEstimated": 3146711303,
    "updatedFromDate": "2025-04-24",
    "fiscalDateEnding": "2024-03-31"
  },
  {
    "date": "2024-01-24",
    "symbol": "RJF",
    "eps": 2.4,
    "epsEstimated": 2.26,
    "time": "amc",
    "revenue": 2973000000,
    "revenueEstimated": 3063040000,
    "updatedFromDate": "2025-04-24",
    "fiscalDateEnding": "2023-12-31"
  },
  {
    "date": "2023-10-25",
    "symbol": "RJF",
    "eps": 2.13,
    "epsEstimated": 2.28,
    "time": "amc",
    "revenue": 3012000000,
    "revenueEstimated": 2999630000,
    "updatedFromDate": "2025-04-24",
    "fiscalDateEnding": "2023-09-30"
  },
  {
    "date": "2023-07-26",
    "symbol": "RJF",
    "eps": 1.85,
    "epsEstimated": 2.16,
    "time": "amc",
    "revenue": 2867000000,
    "revenueEstimated": 2913050000,
    "updatedFromDate": "2025-04-24",
    "fiscalDateEnding": "2023-06-30"
  },
  {
    "date": "2023-04-26",
    "symbol": "RJF",
    "eps": 2.03,
    "epsEstimated": 2.23,
    "time": "amc",
    "revenue": 2837000000,
    "revenueEstimated": 2889880000,
    "updatedFromDate": "2025-04-24",
    "fiscalDateEnding": "2023-03-31"
  },
  {
    "date": "2023-01-25",
    "symbol": "RJF",
    "eps": 2.29,
    "epsEstimated": 2.28,
    "time": "amc",
    "revenue": 2752000000,
    "revenueEstimated": 2823747837,
    "updatedFromDate": "2025-04-24",
    "fiscalDateEnding": "2022-12-31"
  },
  {
    "date": "2022-10-26",
    "symbol": "RJF",
    "eps": 2.08,
    "epsEstimated": 2,
    "time": "amc",
    "revenue": 2795000000,
    "revenueEstimated": 2753173879,
    "updatedFromDate": "2025-04-24",
    "fiscalDateEnding": "2022-09-30"
  },
  {
    "date": "2022-07-27",
    "symbol": "RJF",
    "eps": 1.61,
    "epsEstimated": 1.66,
    "time": "amc",
    "revenue": 2680000000,
    "revenueEstimated": 2646332333,
    "updatedFromDate": "2025-04-24",
    "fiscalDateEnding": "2022-06-30"
  },
  {
    "date": "2022-04-27",
    "symbol": "RJF",
    "eps": 1.55,
    "epsEstimated": 1.64,
    "time": "amc",
    "revenue": 2633000000,
    "revenueEstimated": 2668995167,
    "updatedFromDate": "2025-04-24",
    "fiscalDateEnding": "2022-03-31"
  },
  {
    "date": "2022-01-26",
    "symbol": "RJF",
    "eps": 2.12,
    "epsEstimated": 1.76,
    "time": "amc",
    "revenue": 2743000000,
    "revenueEstimated": 2621430000,
    "updatedFromDate": "2025-04-24",
    "fiscalDateEnding": "2021-12-31"
  },
  {
    "date": "2021-10-27",
    "symbol": "RJF",
    "eps": 2.06,
    "epsEstimated": 1.71,
    "time": "amc",
    "revenue": 2658000000,
    "revenueEstimated": 2520310000,
    "updatedFromDate": "2025-04-24",
    "fiscalDateEnding": "2021-09-30"
  },
  {
    "date": "2021-07-28",
    "symbol": "RJF",
    "eps": 1.83,
    "epsEstimated": 1.59,
    "time": "amc",
    "revenue": 2437000000,
    "revenueEstimated": 2386870000,
    "updatedFromDate": "2025-04-24",
    "fiscalDateEnding": "2021-06-30"
  },
  {
    "date": "2021-04-28",
    "symbol": "RJF",
    "eps": 1.67,
    "epsEstimated": 1.45,
    "time": "amc",
    "revenue": 2341000000,
    "revenueEstimated": 2222360000,
    "updatedFromDate": "2025-04-24",
    "fiscalDateEnding": "2021-03-31"
  },
  {
    "date": "2021-01-27",
    "symbol": "RJF",
    "eps": 1.49,
    "epsEstimated": 1.15,
    "time": "amc",
    "revenue": 2194000000,
    "revenueEstimated": 2067220000,
    "updatedFromDate": "2025-04-24",
    "fiscalDateEnding": "2020-12-31"
  },
  {
    "date": "2020-10-28",
    "symbol": "RJF",
    "eps": 1.19,
    "epsEstimated": 0.89,
    "time": "bmo",
    "revenue": 2053000000,
    "revenueEstimated": 1378880597,
    "updatedFromDate": "2025-04-24",
    "fiscalDateEnding": "2020-09-30"
  },
  {
    "date": "2020-07-29",
    "symbol": "RJF",
    "eps": 0.82,
    "epsEstimated": 0.65,
    "time": "amc",
    "revenue": 1811000000,
    "revenueEstimated": 1479447154,
    "updatedFromDate": "2025-04-24",
    "fiscalDateEnding": "2020-06-30"
  },
  {
    "date": "2020-04-29",
    "symbol": "RJF",
    "eps": 0.8,
    "epsEstimated": 0.97,
    "time": "amc",
    "revenue": 2042000000,
    "revenueEstimated": 2568383333,
    "updatedFromDate": "2025-04-24",
    "fiscalDateEnding": "2020-03-31"
  },
  {
    "date": "2020-01-22",
    "symbol": "RJF",
    "eps": 1.26,
    "epsEstimated": 1.29,
    "time": "amc",
    "revenue": 1983000000,
    "revenueEstimated": 2103597883,
    "updatedFromDate": "2025-04-24",
    "fiscalDateEnding": "2019-12-31"
  },
  {
    "date": "2019-10-23",
    "symbol": "RJF",
    "eps": 1.33,
    "epsEstimated": 1.27,
    "time": "amc",
    "revenue": 1999000000,
    "revenueEstimated": 1980750000,
    "updatedFromDate": "2025-04-24",
    "fiscalDateEnding": "2019-09-30"
  },
  {
    "date": "2019-07-24",
    "symbol": "RJF",
    "eps": 1.2,
    "epsEstimated": 1.22,
    "time": "amc",
    "revenue": 1903000000,
    "revenueEstimated": 2022222222,
    "updatedFromDate": "2025-04-24",
    "fiscalDateEnding": "2019-06-30"
  },
  {
    "date": "2019-04-24",
    "symbol": "RJF",
    "eps": 1.21,
    "epsEstimated": 1.09,
    "time": "amc",
    "revenue": 1837000000,
    "revenueEstimated": 1741668508,
    "updatedFromDate": "2025-04-24",
    "fiscalDateEnding": "2019-03-31"
  },
  {
    "date": "2019-01-23",
    "symbol": "RJF",
    "eps": 1.19,
    "epsEstimated": 1.15,
    "time": "amc",
    "revenue": 1907000000,
    "revenueEstimated": 1936826815,
    "updatedFromDate": "2025-04-24",
    "fiscalDateEnding": "2018-12-31"
  },
  {
    "date": "2018-10-24",
    "symbol": "RJF",
    "eps": 1.12,
    "epsEstimated": 1.21,
    "time": "amc",
    "revenue": 1875012000,
    "revenueEstimated": 2125825000,
    "updatedFromDate": "2025-04-24",
    "fiscalDateEnding": "2018-09-30"
  },
  {
    "date": "2018-07-25",
    "symbol": "RJF",
    "eps": 1.03,
    "epsEstimated": 1.15,
    "time": "amc",
    "revenue": 1814000000,
    "revenueEstimated": 2098289032,
    "updatedFromDate": "2025-04-24",
    "fiscalDateEnding": "2018-06-30"
  },
  {
    "date": "2018-04-25",
    "symbol": "RJF",
    "eps": 1.09,
    "epsEstimated": 1.08,
    "time": "amc",
    "revenue": 1789000000,
    "revenueEstimated": 1857200000,
    "updatedFromDate": "2025-04-24",
    "fiscalDateEnding": "2018-03-31"
  },
  {
    "date": "2018-01-24",
    "symbol": "RJF",
    "eps": 1.07,
    "epsEstimated": 0.95,
    "time": "amc",
    "revenue": 1703840000,
    "revenueEstimated": 1370807453,
    "updatedFromDate": "2025-04-24",
    "fiscalDateEnding": "2017-12-31"
  },
  {
    "date": "2017-10-25",
    "symbol": "RJF",
    "eps": 0.98,
    "epsEstimated": 0.88,
    "time": "amc",
    "revenue": 1656128000,
    "revenueEstimated": 1555893877,
    "updatedFromDate": "2025-04-24",
    "fiscalDateEnding": "2017-09-30"
  },
  {
    "date": "2017-07-26",
    "symbol": "RJF",
    "eps": 0.84,
    "epsEstimated": 0.85,
    "time": "amc",
    "revenue": 1592118000,
    "revenueEstimated": 1676306261,
    "updatedFromDate": "2025-04-24",
    "fiscalDateEnding": "2017-06-30"
  },
  {
    "date": "2017-04-26",
    "symbol": "RJF",
    "eps": 0.85,
    "epsEstimated": 0.74,
    "time": "amc",
    "revenue": 1545859000,
    "revenueEstimated": 1425267187,
    "updatedFromDate": "2025-04-24",
    "fiscalDateEnding": "2017-03-31"
  },
  {
    "date": "2017-01-25",
    "symbol": "RJF",
    "eps": 0.71,
    "epsEstimated": 0.67,
    "time": "bmo",
    "revenue": 1461157000,
    "revenueEstimated": 1443072897,
    "updatedFromDate": "2025-04-24",
    "fiscalDateEnding": "2016-12-31"
  },
  {
    "date": "2016-10-26",
    "symbol": "RJF",
    "eps": 0.85,
    "epsEstimated": 0.66,
    "time": "amc",
    "revenue": 1430705000,
    "revenueEstimated": 1154123437,
    "updatedFromDate": "2025-04-24",
    "fiscalDateEnding": "2016-09-30"
  },
  {
    "date": "2016-07-20",
    "symbol": "RJF",
    "eps": 0.62,
    "epsEstimated": 0.6,
    "time": "amc",
    "revenue": 1333238000,
    "revenueEstimated": 1342258064,
    "updatedFromDate": "2025-04-24",
    "fiscalDateEnding": "2016-06-30"
  }
]