[
  {
    "date": "2026-05-20",
    "symbol": "RL",
    "eps": null,
    "epsEstimated": null,
    "time": "bmo",
    "revenue": null,
    "revenueEstimated": null,
    "updatedFromDate": "2025-10-02",
    "fiscalDateEnding": "2026-03-28"
  },
  {
    "date": "2026-02-04",
    "symbol": "RL",
    "eps": null,
    "epsEstimated": null,
    "time": "bmo",
    "revenue": null,
    "revenueEstimated": null,
    "updatedFromDate": "2025-10-02",
    "fiscalDateEnding": "2025-12-28"
  },
  {
    "date": "2025-11-06",
    "symbol": "RL",
    "eps": null,
    "epsEstimated": 3.34,
    "time": "bmo",
    "revenue": null,
    "revenueEstimated": 1882612920,
    "updatedFromDate": "2025-10-02",
    "fiscalDateEnding": "2025-09-28"
  },
  {
    "date": "2025-08-07",
    "symbol": "RL",
    "eps": 3.77,
    "epsEstimated": 3.51,
    "time": "bmo",
    "revenue": 1719100000,
    "revenueEstimated": 1658671846,
    "updatedFromDate": "2025-10-02",
    "fiscalDateEnding": "2025-06-28"
  },
  {
    "date": "2025-05-22",
    "symbol": "RL",
    "eps": 2.27,
    "epsEstimated": 2.04,
    "time": "bmo",
    "revenue": 1697300000,
    "revenueEstimated": 1648609360,
    "updatedFromDate": "2025-08-22",
    "fiscalDateEnding": "2025-03-29"
  },
  {
    "date": "2025-02-06",
    "symbol": "RL",
    "eps": 4.82,
    "epsEstimated": 4.46,
    "time": "bmo",
    "revenue": 2143500000,
    "revenueEstimated": 1642657480,
    "updatedFromDate": "2025-05-06",
    "fiscalDateEnding": "2024-12-28"
  },
  {
    "date": "2024-11-07",
    "symbol": "RL",
    "eps": 2.54,
    "epsEstimated": 2.41,
    "time": "bmo",
    "revenue": 1726000000,
    "revenueEstimated": 1681077124,
    "updatedFromDate": "2025-04-25",
    "fiscalDateEnding": "2024-09-28"
  },
  {
    "date": "2024-08-07",
    "symbol": "RL",
    "eps": 2.7,
    "epsEstimated": 2.47,
    "time": "bmo",
    "revenue": 1512200000,
    "revenueEstimated": 1491391691,
    "updatedFromDate": "2025-04-25",
    "fiscalDateEnding": "2024-06-29"
  },
  {
    "date": "2024-05-23",
    "symbol": "RL",
    "eps": 1.71,
    "epsEstimated": 1.66,
    "time": "bmo",
    "revenue": 1567900000,
    "revenueEstimated": 1566158903,
    "updatedFromDate": "2025-04-25",
    "fiscalDateEnding": "2024-03-30"
  },
  {
    "date": "2024-02-08",
    "symbol": "RL",
    "eps": 4.17,
    "epsEstimated": 3.54,
    "time": "bmo",
    "revenue": 1934000000,
    "revenueEstimated": 1561810000,
    "updatedFromDate": "2025-04-25",
    "fiscalDateEnding": "2023-12-30"
  },
  {
    "date": "2023-11-08",
    "symbol": "RL",
    "eps": 2.1,
    "epsEstimated": 1.93,
    "time": "bmo",
    "revenue": 1633000000,
    "revenueEstimated": 1607840000,
    "updatedFromDate": "2025-04-25",
    "fiscalDateEnding": "2023-09-30"
  },
  {
    "date": "2023-08-10",
    "symbol": "RL",
    "eps": 2.34,
    "epsEstimated": 2.13,
    "time": "bmo",
    "revenue": 1496500000,
    "revenueEstimated": 1481660000,
    "updatedFromDate": "2025-04-25",
    "fiscalDateEnding": "2023-07-01"
  },
  {
    "date": "2023-05-25",
    "symbol": "RL",
    "eps": 0.9,
    "epsEstimated": 0.65,
    "time": "bmo",
    "revenue": 1540800000,
    "revenueEstimated": 1470640000,
    "updatedFromDate": "2025-04-25",
    "fiscalDateEnding": "2023-04-01"
  },
  {
    "date": "2023-02-09",
    "symbol": "RL",
    "eps": 3.35,
    "epsEstimated": 2.92,
    "time": "bmo",
    "revenue": 1832300000,
    "revenueEstimated": 1762306227,
    "updatedFromDate": "2025-04-25",
    "fiscalDateEnding": "2022-12-31"
  },
  {
    "date": "2022-11-10",
    "symbol": "RL",
    "eps": 2.23,
    "epsEstimated": 2.08,
    "time": "bmo",
    "revenue": 1579900000,
    "revenueEstimated": 1560926469,
    "updatedFromDate": "2025-04-25",
    "fiscalDateEnding": "2022-10-01"
  },
  {
    "date": "2022-08-09",
    "symbol": "RL",
    "eps": 1.88,
    "epsEstimated": 1.75,
    "time": "bmo",
    "revenue": 1490600000,
    "revenueEstimated": 1398456336,
    "updatedFromDate": "2025-04-25",
    "fiscalDateEnding": "2022-07-02"
  },
  {
    "date": "2022-05-24",
    "symbol": "RL",
    "eps": 0.49,
    "epsEstimated": 0.3,
    "time": "bmo",
    "revenue": 1522700000,
    "revenueEstimated": 1462959466,
    "updatedFromDate": "2025-04-25",
    "fiscalDateEnding": "2022-04-02"
  },
  {
    "date": "2022-02-03",
    "symbol": "RL",
    "eps": 2.94,
    "epsEstimated": 2.17,
    "time": "bmo",
    "revenue": 1815400000,
    "revenueEstimated": 1645093105,
    "updatedFromDate": "2025-04-25",
    "fiscalDateEnding": "2021-12-25"
  },
  {
    "date": "2021-11-02",
    "symbol": "RL",
    "eps": 2.62,
    "epsEstimated": 2,
    "time": "bmo",
    "revenue": 1504100000,
    "revenueEstimated": 1468340000,
    "updatedFromDate": "2025-04-25",
    "fiscalDateEnding": "2021-09-25"
  },
  {
    "date": "2021-08-03",
    "symbol": "RL",
    "eps": 2.29,
    "epsEstimated": 0.88,
    "time": "bmo",
    "revenue": 1376300000,
    "revenueEstimated": 1376300000,
    "updatedFromDate": "2025-04-25",
    "fiscalDateEnding": "2021-06-26"
  },
  {
    "date": "2021-05-20",
    "symbol": "RL",
    "eps": 0.38,
    "epsEstimated": -0.73,
    "time": "bmo",
    "revenue": 1287000000,
    "revenueEstimated": 4379326026,
    "updatedFromDate": "2025-04-25",
    "fiscalDateEnding": "2021-03-27"
  },
  {
    "date": "2021-02-04",
    "symbol": "RL",
    "eps": 1.67,
    "epsEstimated": 1.63,
    "time": "bmo",
    "revenue": 1432800000,
    "revenueEstimated": 1397639263,
    "updatedFromDate": "2025-04-25",
    "fiscalDateEnding": "2020-12-26"
  },
  {
    "date": "2020-10-29",
    "symbol": "RL",
    "eps": 1.44,
    "epsEstimated": 0.94,
    "time": "bmo",
    "revenue": 1193500000,
    "revenueEstimated": 441250000,
    "updatedFromDate": "2025-04-25",
    "fiscalDateEnding": "2020-09-26"
  },
  {
    "date": "2020-08-04",
    "symbol": "RL",
    "eps": -1.82,
    "epsEstimated": -1.53,
    "time": "bmo",
    "revenue": 487500000,
    "revenueEstimated": 460714285,
    "updatedFromDate": "2025-04-25",
    "fiscalDateEnding": "2020-06-27"
  },
  {
    "date": "2020-05-27",
    "symbol": "RL",
    "eps": -0.68,
    "epsEstimated": -0.40194,
    "time": "bmo",
    "revenue": 1274100000,
    "revenueEstimated": 946019247,
    "updatedFromDate": "2025-04-25",
    "fiscalDateEnding": "2020-03-28"
  },
  {
    "date": "2020-02-04",
    "symbol": "RL",
    "eps": 2.86,
    "epsEstimated": 2.45,
    "time": "bmo",
    "revenue": 1750700000,
    "revenueEstimated": 1499725524,
    "updatedFromDate": "2025-04-25",
    "fiscalDateEnding": "2019-12-28"
  },
  {
    "date": "2019-11-07",
    "symbol": "RL",
    "eps": 2.55,
    "epsEstimated": 2.39,
    "time": "bmo",
    "revenue": 1706200000,
    "revenueEstimated": 1599144313,
    "updatedFromDate": "2025-04-25",
    "fiscalDateEnding": "2019-09-28"
  },
  {
    "date": "2019-07-30",
    "symbol": "RL",
    "eps": 1.77,
    "epsEstimated": 1.66,
    "time": "bmo",
    "revenue": 1428800000,
    "revenueEstimated": 1340004519,
    "updatedFromDate": "2025-04-25",
    "fiscalDateEnding": "2019-06-29"
  },
  {
    "date": "2019-05-14",
    "symbol": "RL",
    "eps": 1.07,
    "epsEstimated": 0.93,
    "time": "bmo",
    "revenue": 1505700000,
    "revenueEstimated": 1266476635,
    "updatedFromDate": "2025-04-25",
    "fiscalDateEnding": "2019-03-30"
  },
  {
    "date": "2019-02-05",
    "symbol": "RL",
    "eps": 2.32,
    "epsEstimated": 2.15,
    "time": "bmo",
    "revenue": 1725800000,
    "revenueEstimated": 1599340517,
    "updatedFromDate": "2025-04-25",
    "fiscalDateEnding": "2018-12-29"
  },
  {
    "date": "2018-11-06",
    "symbol": "RL",
    "eps": 2.26,
    "epsEstimated": 2.16,
    "time": "bmo",
    "revenue": 1690900000,
    "revenueEstimated": 1616081415,
    "updatedFromDate": "2025-04-25",
    "fiscalDateEnding": "2018-09-29"
  },
  {
    "date": "2018-07-31",
    "symbol": "RL",
    "eps": 1.54,
    "epsEstimated": 1.36,
    "time": "bmo",
    "revenue": 1390600000,
    "revenueEstimated": 1228062337,
    "updatedFromDate": "2025-04-25",
    "fiscalDateEnding": "2018-06-30"
  },
  {
    "date": "2018-05-23",
    "symbol": "RL",
    "eps": 0.9,
    "epsEstimated": 0.86,
    "time": "bmo",
    "revenue": 1529200000,
    "revenueEstimated": 1410262222,
    "updatedFromDate": "2025-04-25",
    "fiscalDateEnding": "2018-03-31"
  },
  {
    "date": "2018-02-01",
    "symbol": "RL",
    "eps": 2.03,
    "epsEstimated": 1.87,
    "time": "bmo",
    "revenue": 1641800000,
    "revenueEstimated": 1512397044,
    "updatedFromDate": "2025-04-25",
    "fiscalDateEnding": "2017-12-30"
  },
  {
    "date": "2017-11-02",
    "symbol": "RL",
    "eps": 1.99,
    "epsEstimated": 1.89,
    "time": "bmo",
    "revenue": 1664200000,
    "revenueEstimated": 1580571859,
    "updatedFromDate": "2025-04-25",
    "fiscalDateEnding": "2017-09-30"
  },
  {
    "date": "2017-08-08",
    "symbol": "RL",
    "eps": 1.11,
    "epsEstimated": 0.96,
    "time": "bmo",
    "revenue": 1347100000,
    "revenueEstimated": 1140787387,
    "updatedFromDate": "2025-04-25",
    "fiscalDateEnding": "2017-07-01"
  },
  {
    "date": "2017-05-18",
    "symbol": "RL",
    "eps": 0.89,
    "epsEstimated": 0.79,
    "time": "bmo",
    "revenue": 1565800000,
    "revenueEstimated": 1372274157,
    "updatedFromDate": "2025-04-25",
    "fiscalDateEnding": "2017-04-01"
  },
  {
    "date": "2017-02-02",
    "symbol": "RL",
    "eps": 1.86,
    "epsEstimated": 1.64,
    "time": "bmo",
    "revenue": 1714000000,
    "revenueEstimated": 1511268817,
    "updatedFromDate": "2025-04-25",
    "fiscalDateEnding": "2016-12-31"
  },
  {
    "date": "2016-11-10",
    "symbol": "RL",
    "eps": 1.9,
    "epsEstimated": 1.7,
    "time": "bmo",
    "revenue": 1821000000,
    "revenueEstimated": 1638900000,
    "updatedFromDate": "2025-04-25",
    "fiscalDateEnding": "2016-10-01"
  },
  {
    "date": "2016-08-10",
    "symbol": "RL",
    "eps": 1.06,
    "epsEstimated": 0.89,
    "time": "bmo",
    "revenue": 1552000000,
    "revenueEstimated": 1303094339,
    "updatedFromDate": "2025-04-25",
    "fiscalDateEnding": "2016-07-02"
  }
]