[
  {
    "date": "2026-04-21",
    "symbol": "RMD",
    "eps": null,
    "epsEstimated": null,
    "time": "amc",
    "revenue": null,
    "revenueEstimated": null,
    "updatedFromDate": "2025-10-02",
    "fiscalDateEnding": "2026-03-30"
  },
  {
    "date": "2026-01-28",
    "symbol": "RMD",
    "eps": null,
    "epsEstimated": null,
    "time": "amc",
    "revenue": null,
    "revenueEstimated": null,
    "updatedFromDate": "2025-10-02",
    "fiscalDateEnding": "2025-12-30"
  },
  {
    "date": "2025-10-23",
    "symbol": "RMD",
    "eps": null,
    "epsEstimated": 2.49,
    "time": "bmo",
    "revenue": null,
    "revenueEstimated": 1332975890,
    "updatedFromDate": "2025-10-02",
    "fiscalDateEnding": "2025-09-30"
  },
  {
    "date": "2025-07-31",
    "symbol": "RMD",
    "eps": 2.55,
    "epsEstimated": 2.55,
    "time": "amc",
    "revenue": 1347993000,
    "revenueEstimated": 1347993000,
    "updatedFromDate": "2025-10-02",
    "fiscalDateEnding": "2025-06-30"
  },
  {
    "date": "2025-04-23",
    "symbol": "RMD",
    "eps": 2.37,
    "epsEstimated": 2.38,
    "time": "amc",
    "revenue": 1291736000,
    "revenueEstimated": 1288149759,
    "updatedFromDate": "2025-07-23",
    "fiscalDateEnding": "2025-03-31"
  },
  {
    "date": "2025-01-30",
    "symbol": "RMD",
    "eps": 2.43,
    "epsEstimated": 2.32,
    "time": "amc",
    "revenue": 1282089000,
    "revenueEstimated": 1266669710,
    "updatedFromDate": "2025-04-30",
    "fiscalDateEnding": "2024-12-31"
  },
  {
    "date": "2024-10-24",
    "symbol": "RMD",
    "eps": 2.2,
    "epsEstimated": 2.04,
    "time": "amc",
    "revenue": 1224509000,
    "revenueEstimated": 1185205482,
    "updatedFromDate": "2025-04-24",
    "fiscalDateEnding": "2024-09-30"
  },
  {
    "date": "2024-08-01",
    "symbol": "RMD",
    "eps": 2.08,
    "epsEstimated": 2.07,
    "time": "amc",
    "revenue": 1223195000,
    "revenueEstimated": 1218355307,
    "updatedFromDate": "2025-04-24",
    "fiscalDateEnding": "2024-06-30"
  },
  {
    "date": "2024-04-25",
    "symbol": "RMD",
    "eps": 2.13,
    "epsEstimated": 1.91,
    "time": "amc",
    "revenue": 1196980000,
    "revenueEstimated": 1174185799,
    "updatedFromDate": "2025-04-24",
    "fiscalDateEnding": "2024-03-31"
  },
  {
    "date": "2024-01-24",
    "symbol": "RMD",
    "eps": 1.88,
    "epsEstimated": 1.81,
    "time": "amc",
    "revenue": 1162801000,
    "revenueEstimated": 1145660000,
    "updatedFromDate": "2025-04-24",
    "fiscalDateEnding": "2023-12-31"
  },
  {
    "date": "2023-10-26",
    "symbol": "RMD",
    "eps": 1.64,
    "epsEstimated": 1.62,
    "time": "amc",
    "revenue": 963037000,
    "revenueEstimated": 1097190000,
    "updatedFromDate": "2025-04-24",
    "fiscalDateEnding": "2023-09-30"
  },
  {
    "date": "2023-08-03",
    "symbol": "RMD",
    "eps": 1.6,
    "epsEstimated": 1.69,
    "time": "amc",
    "revenue": 1122057000,
    "revenueEstimated": 1140270000,
    "updatedFromDate": "2025-04-24",
    "fiscalDateEnding": "2023-06-30"
  },
  {
    "date": "2023-04-27",
    "symbol": "RMD",
    "eps": 1.68,
    "epsEstimated": 1.59,
    "time": "amc",
    "revenue": 1116898000,
    "revenueEstimated": 1126010000,
    "updatedFromDate": "2025-04-24",
    "fiscalDateEnding": "2023-03-31"
  },
  {
    "date": "2023-01-26",
    "symbol": "RMD",
    "eps": 1.66,
    "epsEstimated": 1.62,
    "time": "amc",
    "revenue": 1033744000,
    "revenueEstimated": 996100465,
    "updatedFromDate": "2025-04-24",
    "fiscalDateEnding": "2022-12-31"
  },
  {
    "date": "2022-10-27",
    "symbol": "RMD",
    "eps": 1.51,
    "epsEstimated": 1.52,
    "time": "amc",
    "revenue": 950294000,
    "revenueEstimated": 949775218,
    "updatedFromDate": "2025-04-24",
    "fiscalDateEnding": "2022-09-30"
  },
  {
    "date": "2022-08-11",
    "symbol": "RMD",
    "eps": 1.49,
    "epsEstimated": 1.45,
    "time": "amc",
    "revenue": 914737000,
    "revenueEstimated": 910559676,
    "updatedFromDate": "2025-04-24",
    "fiscalDateEnding": "2022-06-30"
  },
  {
    "date": "2022-04-28",
    "symbol": "RMD",
    "eps": 1.32,
    "epsEstimated": 1.42,
    "time": "amc",
    "revenue": 864500000,
    "revenueEstimated": 904594569,
    "updatedFromDate": "2025-04-24",
    "fiscalDateEnding": "2022-03-31"
  },
  {
    "date": "2022-01-27",
    "symbol": "RMD",
    "eps": 1.47,
    "epsEstimated": 1.52,
    "time": "amc",
    "revenue": 894874000,
    "revenueEstimated": 931600000,
    "updatedFromDate": "2025-04-24",
    "fiscalDateEnding": "2021-12-31"
  },
  {
    "date": "2021-10-28",
    "symbol": "RMD",
    "eps": 1.51,
    "epsEstimated": 1.36,
    "time": "amc",
    "revenue": 904015000,
    "revenueEstimated": 866330000,
    "updatedFromDate": "2025-04-24",
    "fiscalDateEnding": "2021-09-30"
  },
  {
    "date": "2021-08-05",
    "symbol": "RMD",
    "eps": 1.35,
    "epsEstimated": 1.3,
    "time": "amc",
    "revenue": 876103000,
    "revenueEstimated": 876103000,
    "updatedFromDate": "2025-04-24",
    "fiscalDateEnding": "2021-06-30"
  },
  {
    "date": "2021-04-29",
    "symbol": "RMD",
    "eps": 1.3,
    "epsEstimated": 1.22,
    "time": "amc",
    "revenue": 768767000,
    "revenueEstimated": 803190000,
    "updatedFromDate": "2025-04-24",
    "fiscalDateEnding": "2021-03-31"
  },
  {
    "date": "2021-01-28",
    "symbol": "RMD",
    "eps": 1.41,
    "epsEstimated": 1.27,
    "time": "amc",
    "revenue": 800011000,
    "revenueEstimated": 630111133,
    "updatedFromDate": "2025-04-24",
    "fiscalDateEnding": "2020-12-31"
  },
  {
    "date": "2020-10-29",
    "symbol": "RMD",
    "eps": 1.27,
    "epsEstimated": 1.03,
    "time": "amc",
    "revenue": 751944000,
    "revenueEstimated": 535114196,
    "updatedFromDate": "2025-04-24",
    "fiscalDateEnding": "2020-09-30"
  },
  {
    "date": "2020-08-05",
    "symbol": "RMD",
    "eps": 1.33,
    "epsEstimated": 1.08,
    "time": "amc",
    "revenue": 770343000,
    "revenueEstimated": 625542496,
    "updatedFromDate": "2025-04-24",
    "fiscalDateEnding": "2020-06-30"
  },
  {
    "date": "2020-04-30",
    "symbol": "RMD",
    "eps": 1.29,
    "epsEstimated": 1.05,
    "time": "amc",
    "revenue": 769455000,
    "revenueEstimated": 626300581,
    "updatedFromDate": "2025-04-24",
    "fiscalDateEnding": "2020-03-31"
  },
  {
    "date": "2020-01-30",
    "symbol": "RMD",
    "eps": 1.21,
    "epsEstimated": 1.02,
    "time": "amc",
    "revenue": 736157000,
    "revenueEstimated": 620562099,
    "updatedFromDate": "2025-04-24",
    "fiscalDateEnding": "2019-12-31"
  },
  {
    "date": "2019-10-24",
    "symbol": "RMD",
    "eps": 0.93,
    "epsEstimated": 0.87,
    "time": "amc",
    "revenue": 681056000,
    "revenueEstimated": 637116903,
    "updatedFromDate": "2025-04-24",
    "fiscalDateEnding": "2019-09-30"
  },
  {
    "date": "2019-07-25",
    "symbol": "RMD",
    "eps": 0.95,
    "epsEstimated": 0.92,
    "time": "amc",
    "revenue": 704964000,
    "revenueEstimated": 697543326,
    "updatedFromDate": "2025-04-24",
    "fiscalDateEnding": "2019-06-30"
  },
  {
    "date": "2019-05-02",
    "symbol": "RMD",
    "eps": 0.89,
    "epsEstimated": 0.85,
    "time": "amc",
    "revenue": 662228000,
    "revenueEstimated": 632464943,
    "updatedFromDate": "2025-04-24",
    "fiscalDateEnding": "2019-03-31"
  },
  {
    "date": "2019-01-24",
    "symbol": "RMD",
    "eps": 1,
    "epsEstimated": 0.95,
    "time": "amc",
    "revenue": 651100000,
    "revenueEstimated": 618545000,
    "updatedFromDate": "2025-04-24",
    "fiscalDateEnding": "2018-12-31"
  },
  {
    "date": "2018-10-25",
    "symbol": "RMD",
    "eps": 0.81,
    "epsEstimated": 0.79,
    "time": "amc",
    "revenue": 588279000,
    "revenueEstimated": 573774074,
    "updatedFromDate": "2025-04-24",
    "fiscalDateEnding": "2018-09-30"
  },
  {
    "date": "2018-08-02",
    "symbol": "RMD",
    "eps": 0.95,
    "epsEstimated": 0.95,
    "time": "amc",
    "revenue": 623631000,
    "revenueEstimated": 623600000,
    "updatedFromDate": "2025-04-24",
    "fiscalDateEnding": "2018-06-30"
  },
  {
    "date": "2018-04-26",
    "symbol": "RMD",
    "eps": 0.92,
    "epsEstimated": 0.85,
    "time": "amc",
    "revenue": 591634000,
    "revenueEstimated": 546586956,
    "updatedFromDate": "2025-04-24",
    "fiscalDateEnding": "2018-03-31"
  },
  {
    "date": "2018-01-22",
    "symbol": "RMD",
    "eps": 1,
    "epsEstimated": 0.78,
    "time": "amc",
    "revenue": 601273000,
    "revenueEstimated": 469014000,
    "updatedFromDate": "2025-04-24",
    "fiscalDateEnding": "2017-12-31"
  },
  {
    "date": "2017-10-26",
    "symbol": "RMD",
    "eps": 0.66,
    "epsEstimated": 0.66,
    "time": "amc",
    "revenue": 523659000,
    "revenueEstimated": 523700000,
    "updatedFromDate": "2025-04-24",
    "fiscalDateEnding": "2017-09-30"
  },
  {
    "date": "2017-08-01",
    "symbol": "RMD",
    "eps": 0.77,
    "epsEstimated": 0.75,
    "time": "amc",
    "revenue": 556686000,
    "revenueEstimated": 542240259,
    "updatedFromDate": "2025-04-24",
    "fiscalDateEnding": "2017-06-30"
  },
  {
    "date": "2017-04-27",
    "symbol": "RMD",
    "eps": 0.71,
    "epsEstimated": 0.71,
    "time": "amc",
    "revenue": 514204000,
    "revenueEstimated": 514200000,
    "updatedFromDate": "2025-04-24",
    "fiscalDateEnding": "2017-03-31"
  },
  {
    "date": "2017-01-23",
    "symbol": "RMD",
    "eps": 0.73,
    "epsEstimated": 0.7,
    "time": "amc",
    "revenue": 530397000,
    "revenueEstimated": 508602739,
    "updatedFromDate": "2025-04-24",
    "fiscalDateEnding": "2016-12-31"
  },
  {
    "date": "2016-10-25",
    "symbol": "RMD",
    "eps": 0.62,
    "epsEstimated": 0.64,
    "time": "amc",
    "revenue": 465450000,
    "revenueEstimated": 480516129,
    "updatedFromDate": "2025-04-24",
    "fiscalDateEnding": "2016-09-30"
  },
  {
    "date": "2016-07-28",
    "symbol": "RMD",
    "eps": 0.74,
    "epsEstimated": 0.74,
    "time": "amc",
    "revenue": 518647000,
    "revenueEstimated": 518600000,
    "updatedFromDate": "2025-04-24",
    "fiscalDateEnding": "2016-06-30"
  }
]