[
  {
    "date": "2026-05-05",
    "symbol": "ROK",
    "eps": null,
    "epsEstimated": null,
    "time": "bmo",
    "revenue": null,
    "revenueEstimated": null,
    "updatedFromDate": "2025-10-02",
    "fiscalDateEnding": "2026-03-30"
  },
  {
    "date": "2026-02-09",
    "symbol": "ROK",
    "eps": null,
    "epsEstimated": null,
    "time": "bmo",
    "revenue": null,
    "revenueEstimated": null,
    "updatedFromDate": "2025-10-02",
    "fiscalDateEnding": "2025-12-30"
  },
  {
    "date": "2025-11-06",
    "symbol": "ROK",
    "eps": null,
    "epsEstimated": 2.91,
    "time": "bmo",
    "revenue": null,
    "revenueEstimated": 2194771440,
    "updatedFromDate": "2025-10-02",
    "fiscalDateEnding": "2025-09-30"
  },
  {
    "date": "2025-08-06",
    "symbol": "ROK",
    "eps": 2.82,
    "epsEstimated": 2.67,
    "time": "bmo",
    "revenue": 2144000000,
    "revenueEstimated": 2069991456,
    "updatedFromDate": "2025-10-02",
    "fiscalDateEnding": "2025-06-30"
  },
  {
    "date": "2025-05-07",
    "symbol": "ROK",
    "eps": 2.45,
    "epsEstimated": 2.1,
    "time": "bmo",
    "revenue": 2001000000,
    "revenueEstimated": 1966055729,
    "updatedFromDate": "2025-08-07",
    "fiscalDateEnding": "2025-03-31"
  },
  {
    "date": "2025-02-10",
    "symbol": "ROK",
    "eps": 1.83,
    "epsEstimated": 1.6,
    "time": "bmo",
    "revenue": 1881000000,
    "revenueEstimated": 1879911157,
    "updatedFromDate": "2025-05-10",
    "fiscalDateEnding": "2024-12-31"
  },
  {
    "date": "2024-11-07",
    "symbol": "ROK",
    "eps": 2.47,
    "epsEstimated": 2.41,
    "time": "bmo",
    "revenue": 2035500000,
    "revenueEstimated": 2063937430,
    "updatedFromDate": "2025-04-25",
    "fiscalDateEnding": "2024-09-30"
  },
  {
    "date": "2024-08-07",
    "symbol": "ROK",
    "eps": 2.71,
    "epsEstimated": 2.08,
    "time": "bmo",
    "revenue": 2050600000,
    "revenueEstimated": 2032142334,
    "updatedFromDate": "2025-04-25",
    "fiscalDateEnding": "2024-06-30"
  },
  {
    "date": "2024-05-07",
    "symbol": "ROK",
    "eps": 2.5,
    "epsEstimated": 2.16,
    "time": "bmo",
    "revenue": 2126000000,
    "revenueEstimated": 2060361898,
    "updatedFromDate": "2025-04-25",
    "fiscalDateEnding": "2024-03-31"
  },
  {
    "date": "2024-01-31",
    "symbol": "ROK",
    "eps": 2.04,
    "epsEstimated": 2.64,
    "time": "bmo",
    "revenue": 2052100000,
    "revenueEstimated": 2096677240,
    "updatedFromDate": "2025-04-25",
    "fiscalDateEnding": "2023-12-31"
  },
  {
    "date": "2023-11-02",
    "symbol": "ROK",
    "eps": 3.64,
    "epsEstimated": 3.49,
    "time": "bmo",
    "revenue": 2562900000,
    "revenueEstimated": 2432780000,
    "updatedFromDate": "2025-04-25",
    "fiscalDateEnding": "2023-09-30"
  },
  {
    "date": "2023-08-01",
    "symbol": "ROK",
    "eps": 3.01,
    "epsEstimated": 3.17,
    "time": "bmo",
    "revenue": 2238700000,
    "revenueEstimated": 2334600000,
    "updatedFromDate": "2025-04-25",
    "fiscalDateEnding": "2023-06-30"
  },
  {
    "date": "2023-04-27",
    "symbol": "ROK",
    "eps": 3.01,
    "epsEstimated": 2.6,
    "time": "bmo",
    "revenue": 2275400000,
    "revenueEstimated": 2102900000,
    "updatedFromDate": "2025-04-25",
    "fiscalDateEnding": "2023-03-31"
  },
  {
    "date": "2023-01-26",
    "symbol": "ROK",
    "eps": 2.46,
    "epsEstimated": 1.88,
    "time": "bmo",
    "revenue": 1981000000,
    "revenueEstimated": 1931154864,
    "updatedFromDate": "2025-04-25",
    "fiscalDateEnding": "2022-12-31"
  },
  {
    "date": "2022-11-02",
    "symbol": "ROK",
    "eps": 3.04,
    "epsEstimated": 2.97,
    "time": "bmo",
    "revenue": 2126300000,
    "revenueEstimated": 2124098325,
    "updatedFromDate": "2025-04-25",
    "fiscalDateEnding": "2022-09-30"
  },
  {
    "date": "2022-07-27",
    "symbol": "ROK",
    "eps": 2.66,
    "epsEstimated": 2.38,
    "time": "bmo",
    "revenue": 1968700000,
    "revenueEstimated": 1984983569,
    "updatedFromDate": "2025-04-25",
    "fiscalDateEnding": "2022-06-30"
  },
  {
    "date": "2022-05-03",
    "symbol": "ROK",
    "eps": 1.66,
    "epsEstimated": 2.27,
    "time": "bmo",
    "revenue": 1808100000,
    "revenueEstimated": 1953662842,
    "updatedFromDate": "2025-04-25",
    "fiscalDateEnding": "2022-03-31"
  },
  {
    "date": "2022-01-27",
    "symbol": "ROK",
    "eps": 2.14,
    "epsEstimated": 1.91,
    "time": "bmo",
    "revenue": 1857300000,
    "revenueEstimated": 1818026042,
    "updatedFromDate": "2025-04-25",
    "fiscalDateEnding": "2021-12-31"
  },
  {
    "date": "2021-11-02",
    "symbol": "ROK",
    "eps": 2.33,
    "epsEstimated": 2.18,
    "time": "bmo",
    "revenue": 1807800000,
    "revenueEstimated": 1921420000,
    "updatedFromDate": "2025-04-25",
    "fiscalDateEnding": "2021-09-30"
  },
  {
    "date": "2021-07-27",
    "symbol": "ROK",
    "eps": 2.31,
    "epsEstimated": 2.09,
    "time": "bmo",
    "revenue": 1848200000,
    "revenueEstimated": 1917160000,
    "updatedFromDate": "2025-04-25",
    "fiscalDateEnding": "2021-06-30"
  },
  {
    "date": "2021-04-28",
    "symbol": "ROK",
    "eps": 2.41,
    "epsEstimated": 2.15,
    "time": "bmo",
    "revenue": 1776100000,
    "revenueEstimated": 1731330000,
    "updatedFromDate": "2025-04-25",
    "fiscalDateEnding": "2021-03-31"
  },
  {
    "date": "2021-01-26",
    "symbol": "ROK",
    "eps": 2.38,
    "epsEstimated": 1.92,
    "time": "bmo",
    "revenue": 1565300000,
    "revenueEstimated": 1618550000,
    "updatedFromDate": "2025-04-25",
    "fiscalDateEnding": "2020-12-31"
  },
  {
    "date": "2020-11-10",
    "symbol": "ROK",
    "eps": 1.87,
    "epsEstimated": 1.74,
    "time": "bmo",
    "revenue": 1570000000,
    "revenueEstimated": 1471875000,
    "updatedFromDate": "2025-04-25",
    "fiscalDateEnding": "2020-09-30"
  },
  {
    "date": "2020-07-28",
    "symbol": "ROK",
    "eps": 1.27,
    "epsEstimated": 1.13,
    "time": "bmo",
    "revenue": 1394000000,
    "revenueEstimated": 1262283464,
    "updatedFromDate": "2025-04-25",
    "fiscalDateEnding": "2020-06-30"
  },
  {
    "date": "2020-04-28",
    "symbol": "ROK",
    "eps": 2.43,
    "epsEstimated": 1.83,
    "time": "bmo",
    "revenue": 1681300000,
    "revenueEstimated": 1259245267,
    "updatedFromDate": "2025-04-25",
    "fiscalDateEnding": "2020-03-31"
  },
  {
    "date": "2020-01-29",
    "symbol": "ROK",
    "eps": 2.11,
    "epsEstimated": 2.1,
    "time": "bmo",
    "revenue": 1684500000,
    "revenueEstimated": 1676516587,
    "updatedFromDate": "2025-04-25",
    "fiscalDateEnding": "2019-12-31"
  },
  {
    "date": "2019-11-12",
    "symbol": "ROK",
    "eps": 2.01,
    "epsEstimated": 1.92,
    "time": "bmo",
    "revenue": 1730200000,
    "revenueEstimated": 1652728358,
    "updatedFromDate": "2025-04-25",
    "fiscalDateEnding": "2019-09-30"
  },
  {
    "date": "2019-07-25",
    "symbol": "ROK",
    "eps": 2.4,
    "epsEstimated": 2.29,
    "time": "bmo",
    "revenue": 1665100000,
    "revenueEstimated": 1595720833,
    "updatedFromDate": "2025-04-25",
    "fiscalDateEnding": "2019-06-30"
  },
  {
    "date": "2019-04-25",
    "symbol": "ROK",
    "eps": 2.04,
    "epsEstimated": 2.11,
    "time": "bmo",
    "revenue": 1657200000,
    "revenueEstimated": 1697817647,
    "updatedFromDate": "2025-04-25",
    "fiscalDateEnding": "2019-03-31"
  },
  {
    "date": "2019-01-29",
    "symbol": "ROK",
    "eps": 2.21,
    "epsEstimated": 1.98,
    "time": "bmo",
    "revenue": 1642300000,
    "revenueEstimated": 1478813122,
    "updatedFromDate": "2025-04-25",
    "fiscalDateEnding": "2018-12-31"
  },
  {
    "date": "2018-11-07",
    "symbol": "ROK",
    "eps": 2.11,
    "epsEstimated": 2.02,
    "time": "bmo",
    "revenue": 1729500000,
    "revenueEstimated": 1655729857,
    "updatedFromDate": "2025-04-25",
    "fiscalDateEnding": "2018-09-30"
  },
  {
    "date": "2018-07-25",
    "symbol": "ROK",
    "eps": 2.16,
    "epsEstimated": 2.03,
    "time": "bmo",
    "revenue": 1698700000,
    "revenueEstimated": 1604327777,
    "updatedFromDate": "2025-04-25",
    "fiscalDateEnding": "2018-06-30"
  },
  {
    "date": "2018-04-25",
    "symbol": "ROK",
    "eps": 1.89,
    "epsEstimated": 1.82,
    "time": "bmo",
    "revenue": 1651200000,
    "revenueEstimated": 1590044444,
    "updatedFromDate": "2025-04-25",
    "fiscalDateEnding": "2018-03-31"
  },
  {
    "date": "2018-01-24",
    "symbol": "ROK",
    "eps": 1.96,
    "epsEstimated": 1.74,
    "time": "bmo",
    "revenue": 1586600000,
    "revenueEstimated": 1408512244,
    "updatedFromDate": "2025-04-25",
    "fiscalDateEnding": "2017-12-31"
  },
  {
    "date": "2017-11-08",
    "symbol": "ROK",
    "eps": 1.69,
    "epsEstimated": 1.73,
    "time": "bmo",
    "revenue": 1667500000,
    "revenueEstimated": 1706967455,
    "updatedFromDate": "2025-04-25",
    "fiscalDateEnding": "2017-09-30"
  },
  {
    "date": "2017-07-26",
    "symbol": "ROK",
    "eps": 1.76,
    "epsEstimated": 1.64,
    "time": "bmo",
    "revenue": 1599200000,
    "revenueEstimated": 1490163636,
    "updatedFromDate": "2025-04-25",
    "fiscalDateEnding": "2017-06-30"
  },
  {
    "date": "2017-04-26",
    "symbol": "ROK",
    "eps": 1.55,
    "epsEstimated": 1.39,
    "time": "bmo",
    "revenue": 1554300000,
    "revenueEstimated": 1393856129,
    "updatedFromDate": "2025-04-25",
    "fiscalDateEnding": "2017-03-31"
  },
  {
    "date": "2017-01-25",
    "symbol": "ROK",
    "eps": 1.75,
    "epsEstimated": 1.44,
    "time": "bmo",
    "revenue": 1490300000,
    "revenueEstimated": 1234820000,
    "updatedFromDate": "2025-04-25",
    "fiscalDateEnding": "2016-12-31"
  },
  {
    "date": "2016-11-07",
    "symbol": "ROK",
    "eps": 1.52,
    "epsEstimated": 1.48,
    "time": "bmo",
    "revenue": 1538600000,
    "revenueEstimated": 1498110526,
    "updatedFromDate": "2025-04-25",
    "fiscalDateEnding": "2016-09-30"
  },
  {
    "date": "2016-07-27",
    "symbol": "ROK",
    "eps": 1.55,
    "epsEstimated": 1.46,
    "time": "bmo",
    "revenue": 1474000000,
    "revenueEstimated": 1388412903,
    "updatedFromDate": "2025-04-25",
    "fiscalDateEnding": "2016-06-30"
  }
]