[
  {
    "date": "2026-04-21",
    "symbol": "ROL",
    "eps": null,
    "epsEstimated": null,
    "time": "amc",
    "revenue": null,
    "revenueEstimated": null,
    "updatedFromDate": "2025-10-02",
    "fiscalDateEnding": "2026-03-30"
  },
  {
    "date": "2026-02-10",
    "symbol": "ROL",
    "eps": null,
    "epsEstimated": null,
    "time": "amc",
    "revenue": null,
    "revenueEstimated": null,
    "updatedFromDate": "2025-10-02",
    "fiscalDateEnding": "2025-12-30"
  },
  {
    "date": "2025-10-22",
    "symbol": "ROL",
    "eps": null,
    "epsEstimated": 0.33,
    "time": "bmo",
    "revenue": null,
    "revenueEstimated": 1018747980,
    "updatedFromDate": "2025-10-02",
    "fiscalDateEnding": "2025-09-30"
  },
  {
    "date": "2025-07-23",
    "symbol": "ROL",
    "eps": 0.3,
    "epsEstimated": 0.3027,
    "time": "amc",
    "revenue": 999527000,
    "revenueEstimated": 989064108,
    "updatedFromDate": "2025-10-02",
    "fiscalDateEnding": "2025-06-30"
  },
  {
    "date": "2025-04-23",
    "symbol": "ROL",
    "eps": 0.22,
    "epsEstimated": 0.2214,
    "time": "amc",
    "revenue": 822504000,
    "revenueEstimated": 816663916,
    "updatedFromDate": "2025-07-23",
    "fiscalDateEnding": "2025-03-31"
  },
  {
    "date": "2025-02-12",
    "symbol": "ROL",
    "eps": 0.23,
    "epsEstimated": 0.23,
    "time": "amc",
    "revenue": 832169000,
    "revenueEstimated": 817638577,
    "updatedFromDate": "2025-05-12",
    "fiscalDateEnding": "2024-12-31"
  },
  {
    "date": "2024-10-23",
    "symbol": "ROL",
    "eps": 0.29,
    "epsEstimated": 0.3,
    "time": "amc",
    "revenue": 916270000,
    "revenueEstimated": 911150915,
    "updatedFromDate": "2025-04-25",
    "fiscalDateEnding": "2024-09-30"
  },
  {
    "date": "2024-07-24",
    "symbol": "ROL",
    "eps": 0.27,
    "epsEstimated": 0.27,
    "time": "amc",
    "revenue": 891920000,
    "revenueEstimated": 895020493,
    "updatedFromDate": "2025-04-25",
    "fiscalDateEnding": "2024-06-30"
  },
  {
    "date": "2024-04-24",
    "symbol": "ROL",
    "eps": 0.2,
    "epsEstimated": 0.2,
    "time": "amc",
    "revenue": 748349000,
    "revenueEstimated": 739116415,
    "updatedFromDate": "2025-04-25",
    "fiscalDateEnding": "2024-03-31"
  },
  {
    "date": "2024-02-14",
    "symbol": "ROL",
    "eps": 0.21,
    "epsEstimated": 0.21,
    "time": "amc",
    "revenue": 754086000,
    "revenueEstimated": 753380000,
    "updatedFromDate": "2025-04-25",
    "fiscalDateEnding": "2023-12-31"
  },
  {
    "date": "2023-10-25",
    "symbol": "ROL",
    "eps": 0.28,
    "epsEstimated": 0.25,
    "time": "amc",
    "revenue": 840427000,
    "revenueEstimated": 826160000,
    "updatedFromDate": "2025-04-25",
    "fiscalDateEnding": "2023-09-30"
  },
  {
    "date": "2023-07-26",
    "symbol": "ROL",
    "eps": 0.23,
    "epsEstimated": 0.23,
    "time": "amc",
    "revenue": 820750000,
    "revenueEstimated": 819520000,
    "updatedFromDate": "2025-04-25",
    "fiscalDateEnding": "2023-06-30"
  },
  {
    "date": "2023-04-26",
    "symbol": "ROL",
    "eps": 0.18,
    "epsEstimated": 0.17,
    "time": "amc",
    "revenue": 658015000,
    "revenueEstimated": 638400000,
    "updatedFromDate": "2025-04-25",
    "fiscalDateEnding": "2023-03-31"
  },
  {
    "date": "2023-02-15",
    "symbol": "ROL",
    "eps": 0.17,
    "epsEstimated": 0.17,
    "time": "amc",
    "revenue": 661390000,
    "revenueEstimated": 660326575,
    "updatedFromDate": "2025-04-25",
    "fiscalDateEnding": "2022-12-31"
  },
  {
    "date": "2022-10-26",
    "symbol": "ROL",
    "eps": 0.22,
    "epsEstimated": 0.21,
    "time": "bmo",
    "revenue": 729704000,
    "revenueEstimated": 714937215,
    "updatedFromDate": "2025-04-25",
    "fiscalDateEnding": "2022-09-30"
  },
  {
    "date": "2022-07-27",
    "symbol": "ROL",
    "eps": 0.2,
    "epsEstimated": 0.2,
    "time": "bmo",
    "revenue": 714049000,
    "revenueEstimated": 686330569,
    "updatedFromDate": "2025-04-25",
    "fiscalDateEnding": "2022-06-30"
  },
  {
    "date": "2022-04-27",
    "symbol": "ROL",
    "eps": 0.15,
    "epsEstimated": 0.14,
    "time": "bmo",
    "revenue": 590680000,
    "revenueEstimated": 575927188,
    "updatedFromDate": "2025-04-25",
    "fiscalDateEnding": "2022-03-31"
  },
  {
    "date": "2022-01-26",
    "symbol": "ROL",
    "eps": 0.14,
    "epsEstimated": 0.15,
    "time": "bmo",
    "revenue": 600343000,
    "revenueEstimated": 585026000,
    "updatedFromDate": "2025-04-25",
    "fiscalDateEnding": "2021-12-31"
  },
  {
    "date": "2021-10-27",
    "symbol": "ROL",
    "eps": 0.19,
    "epsEstimated": 0.2,
    "time": "bmo",
    "revenue": 650199000,
    "revenueEstimated": 645840000,
    "updatedFromDate": "2025-04-25",
    "fiscalDateEnding": "2021-09-30"
  },
  {
    "date": "2021-07-28",
    "symbol": "ROL",
    "eps": 0.2,
    "epsEstimated": 0.18,
    "time": "bmo",
    "revenue": 638204000,
    "revenueEstimated": 647750000,
    "updatedFromDate": "2025-04-25",
    "fiscalDateEnding": "2021-06-30"
  },
  {
    "date": "2021-04-28",
    "symbol": "ROL",
    "eps": 0.14,
    "epsEstimated": 0.11,
    "time": "bmo",
    "revenue": 535554000,
    "revenueEstimated": 518250000,
    "updatedFromDate": "2025-04-25",
    "fiscalDateEnding": "2021-03-31"
  },
  {
    "date": "2021-01-27",
    "symbol": "ROL",
    "eps": 0.13,
    "epsEstimated": 0.13,
    "time": "bmo",
    "revenue": 536292000,
    "revenueEstimated": 536292000,
    "updatedFromDate": "2025-04-25",
    "fiscalDateEnding": "2020-12-31"
  },
  {
    "date": "2020-10-28",
    "symbol": "ROL",
    "eps": 0.17,
    "epsEstimated": 0.16,
    "time": "bmo",
    "revenue": 583698000,
    "revenueEstimated": 1499933538,
    "updatedFromDate": "2025-04-25",
    "fiscalDateEnding": "2020-09-30"
  },
  {
    "date": "2020-07-29",
    "symbol": "ROL",
    "eps": 0.15,
    "epsEstimated": 0.12,
    "time": "bmo",
    "revenue": 553329000,
    "revenueEstimated": 433040086,
    "updatedFromDate": "2025-04-25",
    "fiscalDateEnding": "2020-06-30"
  },
  {
    "date": "2020-04-29",
    "symbol": "ROL",
    "eps": 0.09,
    "epsEstimated": 0.09,
    "time": "bmo",
    "revenue": 487901000,
    "revenueEstimated": 487901000,
    "updatedFromDate": "2025-04-25",
    "fiscalDateEnding": "2020-03-31"
  },
  {
    "date": "2020-01-29",
    "symbol": "ROL",
    "eps": 0.11,
    "epsEstimated": 0.11,
    "time": "bmo",
    "revenue": 505985000,
    "revenueEstimated": 537609062,
    "updatedFromDate": "2025-04-25",
    "fiscalDateEnding": "2019-12-31"
  },
  {
    "date": "2019-10-23",
    "symbol": "ROL",
    "eps": 0.15,
    "epsEstimated": 0.15,
    "time": "bmo",
    "revenue": 556466000,
    "revenueEstimated": 480584272,
    "updatedFromDate": "2025-04-25",
    "fiscalDateEnding": "2019-09-30"
  },
  {
    "date": "2019-07-24",
    "symbol": "ROL",
    "eps": 0.13,
    "epsEstimated": 0.14,
    "time": "bmo",
    "revenue": 523957000,
    "revenueEstimated": 523957000,
    "updatedFromDate": "2025-04-25",
    "fiscalDateEnding": "2019-06-30"
  },
  {
    "date": "2019-04-24",
    "symbol": "ROL",
    "eps": 0.09,
    "epsEstimated": 0.1,
    "time": "bmo",
    "revenue": 429069000,
    "revenueEstimated": 459716785,
    "updatedFromDate": "2025-04-25",
    "fiscalDateEnding": "2019-03-31"
  },
  {
    "date": "2019-01-23",
    "symbol": "ROL",
    "eps": 0.11,
    "epsEstimated": 0.11,
    "time": "bmo",
    "revenue": 444623000,
    "revenueEstimated": 470777294,
    "updatedFromDate": "2025-04-25",
    "fiscalDateEnding": "2018-12-31"
  },
  {
    "date": "2018-10-24",
    "symbol": "ROL",
    "eps": 0.14,
    "epsEstimated": 0.13,
    "time": "bmo",
    "revenue": 487739000,
    "revenueEstimated": 464476190,
    "updatedFromDate": "2025-04-25",
    "fiscalDateEnding": "2018-09-30"
  },
  {
    "date": "2018-07-25",
    "symbol": "ROL",
    "eps": 0.13,
    "epsEstimated": 0.14,
    "time": "bmo",
    "revenue": 480461000,
    "revenueEstimated": 504524999,
    "updatedFromDate": "2025-04-25",
    "fiscalDateEnding": "2018-06-30"
  },
  {
    "date": "2018-04-25",
    "symbol": "ROL",
    "eps": 0.1,
    "epsEstimated": 0.1,
    "time": "bmo",
    "revenue": 408742000,
    "revenueEstimated": 408700000,
    "updatedFromDate": "2025-04-25",
    "fiscalDateEnding": "2018-03-31"
  },
  {
    "date": "2018-01-24",
    "symbol": "ROL",
    "eps": 0.09,
    "epsEstimated": 0.09,
    "time": "bmo",
    "revenue": 414713000,
    "revenueEstimated": 385078571,
    "updatedFromDate": "2025-04-25",
    "fiscalDateEnding": "2017-12-31"
  },
  {
    "date": "2017-10-25",
    "symbol": "ROL",
    "eps": 0.11,
    "epsEstimated": 0.11,
    "time": "bmo",
    "revenue": 450442000,
    "revenueEstimated": 450400000,
    "updatedFromDate": "2025-04-25",
    "fiscalDateEnding": "2017-09-30"
  },
  {
    "date": "2017-07-26",
    "symbol": "ROL",
    "eps": 0.11,
    "epsEstimated": 0.11,
    "time": "bmo",
    "revenue": 433555000,
    "revenueEstimated": 408094117,
    "updatedFromDate": "2025-04-25",
    "fiscalDateEnding": "2017-06-30"
  },
  {
    "date": "2017-04-26",
    "symbol": "ROL",
    "eps": 0.08,
    "epsEstimated": 0.07,
    "time": "bmo",
    "revenue": 375247000,
    "revenueEstimated": 375200000,
    "updatedFromDate": "2025-04-25",
    "fiscalDateEnding": "2017-03-31"
  },
  {
    "date": "2017-01-25",
    "symbol": "ROL",
    "eps": 0.08,
    "epsEstimated": 0.07,
    "time": "bmo",
    "revenue": 385614000,
    "revenueEstimated": 385600000,
    "updatedFromDate": "2025-04-25",
    "fiscalDateEnding": "2016-12-31"
  },
  {
    "date": "2016-10-26",
    "symbol": "ROL",
    "eps": 0.1,
    "epsEstimated": 0.1,
    "time": "bmo",
    "revenue": 423994000,
    "revenueEstimated": 405565217,
    "updatedFromDate": "2025-04-25",
    "fiscalDateEnding": "2016-09-30"
  },
  {
    "date": "2016-07-27",
    "symbol": "ROL",
    "eps": 0.1,
    "epsEstimated": 0.1,
    "time": "bmo",
    "revenue": 411133000,
    "revenueEstimated": 429786363,
    "updatedFromDate": "2025-04-25",
    "fiscalDateEnding": "2016-06-30"
  }
]