[
  {
    "date": "2026-04-27",
    "symbol": "ROP",
    "eps": null,
    "epsEstimated": null,
    "time": "bmo",
    "revenue": null,
    "revenueEstimated": null,
    "updatedFromDate": "2025-10-02",
    "fiscalDateEnding": "2026-03-30"
  },
  {
    "date": "2026-01-28",
    "symbol": "ROP",
    "eps": null,
    "epsEstimated": null,
    "time": "bmo",
    "revenue": null,
    "revenueEstimated": null,
    "updatedFromDate": "2025-10-02",
    "fiscalDateEnding": "2025-12-30"
  },
  {
    "date": "2025-10-22",
    "symbol": "ROP",
    "eps": null,
    "epsEstimated": 5.11,
    "time": "bmo",
    "revenue": null,
    "revenueEstimated": 2025107220,
    "updatedFromDate": "2025-10-02",
    "fiscalDateEnding": "2025-09-30"
  },
  {
    "date": "2025-07-21",
    "symbol": "ROP",
    "eps": 4.87,
    "epsEstimated": 4.83,
    "time": "bmo",
    "revenue": 1943600000,
    "revenueEstimated": 1927820929,
    "updatedFromDate": "2025-10-02",
    "fiscalDateEnding": "2025-06-30"
  },
  {
    "date": "2025-04-28",
    "symbol": "ROP",
    "eps": 4.78,
    "epsEstimated": 4.74,
    "time": "bmo",
    "revenue": 1882800000,
    "revenueEstimated": 1881732231,
    "updatedFromDate": "2025-07-28",
    "fiscalDateEnding": "2025-03-31"
  },
  {
    "date": "2025-01-30",
    "symbol": "ROP",
    "eps": 4.81,
    "epsEstimated": 4.73,
    "time": "bmo",
    "revenue": 1877100000,
    "revenueEstimated": 1837026458,
    "updatedFromDate": "2025-04-30",
    "fiscalDateEnding": "2024-12-31"
  },
  {
    "date": "2024-10-23",
    "symbol": "ROP",
    "eps": 4.62,
    "epsEstimated": 4.53,
    "time": "bmo",
    "revenue": 1764600000,
    "revenueEstimated": 1723710782,
    "updatedFromDate": "2025-04-24",
    "fiscalDateEnding": "2024-09-30"
  },
  {
    "date": "2024-07-24",
    "symbol": "ROP",
    "eps": 4.48,
    "epsEstimated": 4.46,
    "time": "bmo",
    "revenue": 1716800000,
    "revenueEstimated": 1732133500,
    "updatedFromDate": "2025-04-24",
    "fiscalDateEnding": "2024-06-30"
  },
  {
    "date": "2024-04-26",
    "symbol": "ROP",
    "eps": 4.41,
    "epsEstimated": 4.34,
    "time": "bmo",
    "revenue": 1680700000,
    "revenueEstimated": 1657835350,
    "updatedFromDate": "2025-04-24",
    "fiscalDateEnding": "2024-03-31"
  },
  {
    "date": "2024-01-31",
    "symbol": "ROP",
    "eps": 4.37,
    "epsEstimated": 4.34,
    "time": "bmo",
    "revenue": 1613500000,
    "revenueEstimated": 1580700000,
    "updatedFromDate": "2025-04-24",
    "fiscalDateEnding": "2023-12-31"
  },
  {
    "date": "2023-10-25",
    "symbol": "ROP",
    "eps": 4.32,
    "epsEstimated": 4.21,
    "time": "bmo",
    "revenue": 1563400000,
    "revenueEstimated": 1536780000,
    "updatedFromDate": "2025-04-24",
    "fiscalDateEnding": "2023-09-30"
  },
  {
    "date": "2023-07-21",
    "symbol": "ROP",
    "eps": 4.12,
    "epsEstimated": 3.99,
    "time": "bmo",
    "revenue": 1531200000,
    "revenueEstimated": 1497920000,
    "updatedFromDate": "2025-04-24",
    "fiscalDateEnding": "2023-06-30"
  },
  {
    "date": "2023-04-27",
    "symbol": "ROP",
    "eps": 3.9,
    "epsEstimated": 3.85,
    "time": "bmo",
    "revenue": 1469700000,
    "revenueEstimated": 1444280000,
    "updatedFromDate": "2025-04-24",
    "fiscalDateEnding": "2023-03-31"
  },
  {
    "date": "2023-01-27",
    "symbol": "ROP",
    "eps": 3.92,
    "epsEstimated": 3.77,
    "time": "bmo",
    "revenue": 1430900000,
    "revenueEstimated": 1432908818,
    "updatedFromDate": "2025-04-24",
    "fiscalDateEnding": "2022-12-31"
  },
  {
    "date": "2022-10-26",
    "symbol": "ROP",
    "eps": 3.67,
    "epsEstimated": 3.46,
    "time": "bmo",
    "revenue": 1350300000,
    "revenueEstimated": 1313228455,
    "updatedFromDate": "2025-04-24",
    "fiscalDateEnding": "2022-09-30"
  },
  {
    "date": "2022-07-22",
    "symbol": "ROP",
    "eps": 3.95,
    "epsEstimated": 3.82,
    "time": "bmo",
    "revenue": 1310800000,
    "revenueEstimated": 1538788286,
    "updatedFromDate": "2025-04-24",
    "fiscalDateEnding": "2022-06-30"
  },
  {
    "date": "2022-04-26",
    "symbol": "ROP",
    "eps": 3.77,
    "epsEstimated": 3.69,
    "time": "bmo",
    "revenue": 1526600000,
    "revenueEstimated": 1483285769,
    "updatedFromDate": "2025-04-24",
    "fiscalDateEnding": "2022-03-31"
  },
  {
    "date": "2022-02-02",
    "symbol": "ROP",
    "eps": 3.73,
    "epsEstimated": 3.66,
    "time": "bmo",
    "revenue": 1512300000,
    "revenueEstimated": 1499563731,
    "updatedFromDate": "2025-04-24",
    "fiscalDateEnding": "2021-12-31"
  },
  {
    "date": "2021-10-22",
    "symbol": "ROP",
    "eps": 3.91,
    "epsEstimated": 3.86,
    "time": "bmo",
    "revenue": 1462800000,
    "revenueEstimated": 1626640000,
    "updatedFromDate": "2025-04-24",
    "fiscalDateEnding": "2021-09-30"
  },
  {
    "date": "2021-07-23",
    "symbol": "ROP",
    "eps": 3.76,
    "epsEstimated": 3.66,
    "time": "bmo",
    "revenue": 1587600000,
    "revenueEstimated": 1626640000,
    "updatedFromDate": "2025-04-24",
    "fiscalDateEnding": "2021-06-30"
  },
  {
    "date": "2021-04-27",
    "symbol": "ROP",
    "eps": 3.6,
    "epsEstimated": 3.32,
    "time": "bmo",
    "revenue": 1528600000,
    "revenueEstimated": 1523340000,
    "updatedFromDate": "2025-04-24",
    "fiscalDateEnding": "2021-03-31"
  },
  {
    "date": "2021-01-29",
    "symbol": "ROP",
    "eps": 3.56,
    "epsEstimated": 3.49,
    "time": "bmo",
    "revenue": 1505300000,
    "revenueEstimated": 1470695402,
    "updatedFromDate": "2025-04-24",
    "fiscalDateEnding": "2020-12-31"
  },
  {
    "date": "2020-10-27",
    "symbol": "ROP",
    "eps": 3.17,
    "epsEstimated": 3.01,
    "time": "bmo",
    "revenue": 1366100000,
    "revenueEstimated": 1314290220,
    "updatedFromDate": "2025-04-24",
    "fiscalDateEnding": "2020-09-30"
  },
  {
    "date": "2020-07-28",
    "symbol": "ROP",
    "eps": 2.94,
    "epsEstimated": 2.67,
    "time": "bmo",
    "revenue": 1305000000,
    "revenueEstimated": 1189591836,
    "updatedFromDate": "2025-04-24",
    "fiscalDateEnding": "2020-06-30"
  },
  {
    "date": "2020-04-28",
    "symbol": "ROP",
    "eps": 3.05,
    "epsEstimated": 2.85,
    "time": "bmo",
    "revenue": 1350700000,
    "revenueEstimated": 1288700655,
    "updatedFromDate": "2025-04-24",
    "fiscalDateEnding": "2020-03-31"
  },
  {
    "date": "2020-01-30",
    "symbol": "ROP",
    "eps": 3.39,
    "epsEstimated": 3.34,
    "time": "bmo",
    "revenue": 1394800000,
    "revenueEstimated": 1378342182,
    "updatedFromDate": "2025-04-24",
    "fiscalDateEnding": "2019-12-31"
  },
  {
    "date": "2019-10-24",
    "symbol": "ROP",
    "eps": 3.29,
    "epsEstimated": 3.19,
    "time": "bmo",
    "revenue": 1354500000,
    "revenueEstimated": 1313329787,
    "updatedFromDate": "2025-04-24",
    "fiscalDateEnding": "2019-09-30"
  },
  {
    "date": "2019-07-25",
    "symbol": "ROP",
    "eps": 3.07,
    "epsEstimated": 3.05,
    "time": "bmo",
    "revenue": 1330300000,
    "revenueEstimated": 1321633550,
    "updatedFromDate": "2025-04-24",
    "fiscalDateEnding": "2019-06-30"
  },
  {
    "date": "2019-04-25",
    "symbol": "ROP",
    "eps": 3.3,
    "epsEstimated": 2.78,
    "time": "bmo",
    "revenue": 1287200000,
    "revenueEstimated": 1084368484,
    "updatedFromDate": "2025-04-24",
    "fiscalDateEnding": "2019-03-31"
  },
  {
    "date": "2019-02-01",
    "symbol": "ROP",
    "eps": 3.22,
    "epsEstimated": 3.13,
    "time": "bmo",
    "revenue": 1376300000,
    "revenueEstimated": 1337831987,
    "updatedFromDate": "2025-04-24",
    "fiscalDateEnding": "2018-12-31"
  },
  {
    "date": "2018-10-26",
    "symbol": "ROP",
    "eps": 3.09,
    "epsEstimated": 2.94,
    "time": "bmo",
    "revenue": 1318700000,
    "revenueEstimated": 1254685436,
    "updatedFromDate": "2025-04-24",
    "fiscalDateEnding": "2018-09-30"
  },
  {
    "date": "2018-07-26",
    "symbol": "ROP",
    "eps": 2.89,
    "epsEstimated": 2.7,
    "time": "bmo",
    "revenue": 1293700000,
    "revenueEstimated": 1208647058,
    "updatedFromDate": "2025-04-24",
    "fiscalDateEnding": "2018-06-30"
  },
  {
    "date": "2018-04-20",
    "symbol": "ROP",
    "eps": 2.61,
    "epsEstimated": 2.5,
    "time": "bmo",
    "revenue": 1202500000,
    "revenueEstimated": 1151819923,
    "updatedFromDate": "2025-04-24",
    "fiscalDateEnding": "2018-03-31"
  },
  {
    "date": "2018-02-02",
    "symbol": "ROP",
    "eps": 2.7,
    "epsEstimated": 2.61,
    "time": "bmo",
    "revenue": 1226583000,
    "revenueEstimated": 1185713333,
    "updatedFromDate": "2025-04-24",
    "fiscalDateEnding": "2017-12-31"
  },
  {
    "date": "2017-10-30",
    "symbol": "ROP",
    "eps": 2.36,
    "epsEstimated": 2.3,
    "time": "bmo",
    "revenue": 1159912000,
    "revenueEstimated": 1130411016,
    "updatedFromDate": "2025-04-24",
    "fiscalDateEnding": "2017-09-30"
  },
  {
    "date": "2017-07-31",
    "symbol": "ROP",
    "eps": 2.24,
    "epsEstimated": 2.22,
    "time": "bmo",
    "revenue": 1134671000,
    "revenueEstimated": 1124568750,
    "updatedFromDate": "2025-04-24",
    "fiscalDateEnding": "2017-06-30"
  },
  {
    "date": "2017-04-28",
    "symbol": "ROP",
    "eps": 2.11,
    "epsEstimated": 2,
    "time": "bmo",
    "revenue": 1086305000,
    "revenueEstimated": 1024519905,
    "updatedFromDate": "2025-04-24",
    "fiscalDateEnding": "2017-03-31"
  },
  {
    "date": "2017-02-09",
    "symbol": "ROP",
    "eps": 1.86,
    "epsEstimated": 1.84,
    "time": "bmo",
    "revenue": 1010800000,
    "revenueEstimated": 999931182,
    "updatedFromDate": "2025-04-24",
    "fiscalDateEnding": "2016-12-31"
  },
  {
    "date": "2016-10-31",
    "symbol": "ROP",
    "eps": 1.65,
    "epsEstimated": 1.61,
    "time": "bmo",
    "revenue": 945144000,
    "revenueEstimated": 922188484,
    "updatedFromDate": "2025-04-24",
    "fiscalDateEnding": "2016-09-30"
  },
  {
    "date": "2016-07-25",
    "symbol": "ROP",
    "eps": 1.56,
    "epsEstimated": 1.61,
    "time": "bmo",
    "revenue": 931558000,
    "revenueEstimated": 961458974,
    "updatedFromDate": "2025-04-24",
    "fiscalDateEnding": "2016-06-30"
  }
]