[
  {
    "date": "2026-05-20",
    "symbol": "ROST",
    "eps": null,
    "epsEstimated": null,
    "time": "amc",
    "revenue": null,
    "revenueEstimated": null,
    "updatedFromDate": "2025-10-02",
    "fiscalDateEnding": "2026-05-02"
  },
  {
    "date": "2026-03-02",
    "symbol": "ROST",
    "eps": null,
    "epsEstimated": null,
    "time": "amc",
    "revenue": null,
    "revenueEstimated": null,
    "updatedFromDate": "2025-10-02",
    "fiscalDateEnding": "2026-02-02"
  },
  {
    "date": "2025-11-20",
    "symbol": "ROST",
    "eps": null,
    "epsEstimated": 1.4,
    "time": "bmo",
    "revenue": null,
    "revenueEstimated": 5373568500,
    "updatedFromDate": "2025-10-02",
    "fiscalDateEnding": "2025-11-02"
  },
  {
    "date": "2025-08-21",
    "symbol": "ROST",
    "eps": 1.56,
    "epsEstimated": 1.53,
    "time": "amc",
    "revenue": 5529152000,
    "revenueEstimated": 5543669278,
    "updatedFromDate": "2025-10-02",
    "fiscalDateEnding": "2025-08-02"
  },
  {
    "date": "2025-05-22",
    "symbol": "ROST",
    "eps": 1.47,
    "epsEstimated": 1.44,
    "time": "amc",
    "revenue": 4984971000,
    "revenueEstimated": 4960244722,
    "updatedFromDate": "2025-08-22",
    "fiscalDateEnding": "2025-05-03"
  },
  {
    "date": "2025-03-04",
    "symbol": "ROST",
    "eps": 1.79,
    "epsEstimated": 1.66,
    "time": "amc",
    "revenue": 5912279000,
    "revenueEstimated": 5943473562,
    "updatedFromDate": "2025-06-04",
    "fiscalDateEnding": "2025-02-01"
  },
  {
    "date": "2024-11-21",
    "symbol": "ROST",
    "eps": 1.48,
    "epsEstimated": 1.41,
    "time": "amc",
    "revenue": 5071354000,
    "revenueEstimated": 5148468655,
    "updatedFromDate": "2025-04-25",
    "fiscalDateEnding": "2024-11-02"
  },
  {
    "date": "2024-08-22",
    "symbol": "ROST",
    "eps": 1.59,
    "epsEstimated": 1.5,
    "time": "amc",
    "revenue": 5287519000,
    "revenueEstimated": 5247822142,
    "updatedFromDate": "2025-04-25",
    "fiscalDateEnding": "2024-08-03"
  },
  {
    "date": "2024-05-23",
    "symbol": "ROST",
    "eps": 1.46,
    "epsEstimated": 1.35,
    "time": "amc",
    "revenue": 4858067000,
    "revenueEstimated": 4832500848,
    "updatedFromDate": "2025-04-25",
    "fiscalDateEnding": "2024-05-04"
  },
  {
    "date": "2024-03-05",
    "symbol": "ROST",
    "eps": 1.82,
    "epsEstimated": 1.65,
    "time": "amc",
    "revenue": 6022501000,
    "revenueEstimated": 5823340424,
    "updatedFromDate": "2025-04-25",
    "fiscalDateEnding": "2024-02-03"
  },
  {
    "date": "2023-11-16",
    "symbol": "ROST",
    "eps": 1.33,
    "epsEstimated": 1.22,
    "time": "amc",
    "revenue": 4924849000,
    "revenueEstimated": 5743960000,
    "updatedFromDate": "2025-04-25",
    "fiscalDateEnding": "2023-10-28"
  },
  {
    "date": "2023-08-17",
    "symbol": "ROST",
    "eps": 1.32,
    "epsEstimated": 1.16,
    "time": "amc",
    "revenue": 4934905000,
    "revenueEstimated": 4748640000,
    "updatedFromDate": "2025-04-25",
    "fiscalDateEnding": "2023-07-29"
  },
  {
    "date": "2023-05-18",
    "symbol": "ROST",
    "eps": 1.09,
    "epsEstimated": 1.06,
    "time": "amc",
    "revenue": 4494686000,
    "revenueEstimated": 4495400000,
    "updatedFromDate": "2025-04-25",
    "fiscalDateEnding": "2023-04-29"
  },
  {
    "date": "2023-02-28",
    "symbol": "ROST",
    "eps": 1.31,
    "epsEstimated": 1.24,
    "time": "amc",
    "revenue": 5214231000,
    "revenueEstimated": 5154501443,
    "updatedFromDate": "2025-04-25",
    "fiscalDateEnding": "2023-01-28"
  },
  {
    "date": "2022-11-17",
    "symbol": "ROST",
    "eps": 1,
    "epsEstimated": 0.81,
    "time": "amc",
    "revenue": 4565489000,
    "revenueEstimated": 4368705319,
    "updatedFromDate": "2025-04-25",
    "fiscalDateEnding": "2022-10-29"
  },
  {
    "date": "2022-08-18",
    "symbol": "ROST",
    "eps": 1.11,
    "epsEstimated": 0.99,
    "time": "amc",
    "revenue": 4583009000,
    "revenueEstimated": 4605564298,
    "updatedFromDate": "2025-04-25",
    "fiscalDateEnding": "2022-07-30"
  },
  {
    "date": "2022-05-19",
    "symbol": "ROST",
    "eps": 0.91,
    "epsEstimated": 1,
    "time": "amc",
    "revenue": 4333100000,
    "revenueEstimated": 4516639270,
    "updatedFromDate": "2025-04-25",
    "fiscalDateEnding": "2022-04-30"
  },
  {
    "date": "2022-03-01",
    "symbol": "ROST",
    "eps": 1.04,
    "epsEstimated": 0.97,
    "time": "amc",
    "revenue": 5020649000,
    "revenueEstimated": 4945113138,
    "updatedFromDate": "2025-04-25",
    "fiscalDateEnding": "2022-01-29"
  },
  {
    "date": "2021-11-18",
    "symbol": "ROST",
    "eps": 1.09,
    "epsEstimated": 0.78,
    "time": "amc",
    "revenue": 4574541000,
    "revenueEstimated": 4306960000,
    "updatedFromDate": "2025-04-25",
    "fiscalDateEnding": "2021-10-30"
  },
  {
    "date": "2021-08-19",
    "symbol": "ROST",
    "eps": 1.39,
    "epsEstimated": 0.98,
    "time": "amc",
    "revenue": 4804974000,
    "revenueEstimated": 4306960000,
    "updatedFromDate": "2025-04-25",
    "fiscalDateEnding": "2021-07-31"
  },
  {
    "date": "2021-05-20",
    "symbol": "ROST",
    "eps": 1.34,
    "epsEstimated": 0.88,
    "time": "amc",
    "revenue": 4516080000,
    "revenueEstimated": 3799580000,
    "updatedFromDate": "2025-04-25",
    "fiscalDateEnding": "2021-05-01"
  },
  {
    "date": "2021-03-02",
    "symbol": "ROST",
    "eps": 0.67,
    "epsEstimated": 1,
    "time": "amc",
    "revenue": 4249671000,
    "revenueEstimated": 4261240000,
    "updatedFromDate": "2025-04-25",
    "fiscalDateEnding": "2021-01-30"
  },
  {
    "date": "2020-11-19",
    "symbol": "ROST",
    "eps": 1.02,
    "epsEstimated": 0.63,
    "time": "amc",
    "revenue": 3754509000,
    "revenueEstimated": 3046691729,
    "updatedFromDate": "2025-04-25",
    "fiscalDateEnding": "2020-10-31"
  },
  {
    "date": "2020-08-20",
    "symbol": "ROST",
    "eps": -0.13,
    "epsEstimated": -0.31,
    "time": "amc",
    "revenue": 2684712000,
    "revenueEstimated": null,
    "updatedFromDate": "2025-04-25",
    "fiscalDateEnding": "2020-08-01"
  },
  {
    "date": "2020-05-21",
    "symbol": "ROST",
    "eps": -0.29,
    "epsEstimated": -0.00959,
    "time": "amc",
    "revenue": 1842673000,
    "revenueEstimated": 63540448,
    "updatedFromDate": "2025-04-25",
    "fiscalDateEnding": "2020-05-02"
  },
  {
    "date": "2020-03-03",
    "symbol": "ROST",
    "eps": 1.28,
    "epsEstimated": 1.26,
    "time": "amc",
    "revenue": 4413445000,
    "revenueEstimated": 4310004882,
    "updatedFromDate": "2025-04-25",
    "fiscalDateEnding": "2020-02-01"
  },
  {
    "date": "2019-11-21",
    "symbol": "ROST",
    "eps": 1.03,
    "epsEstimated": 0.97,
    "time": "amc",
    "revenue": 3849117000,
    "revenueEstimated": 3624896592,
    "updatedFromDate": "2025-04-25",
    "fiscalDateEnding": "2019-11-02"
  },
  {
    "date": "2019-08-22",
    "symbol": "ROST",
    "eps": 1.14,
    "epsEstimated": 1.12,
    "time": "amc",
    "revenue": 3979869000,
    "revenueEstimated": 3910046736,
    "updatedFromDate": "2025-04-25",
    "fiscalDateEnding": "2019-08-03"
  },
  {
    "date": "2019-05-23",
    "symbol": "ROST",
    "eps": 1.15,
    "epsEstimated": 1.12,
    "time": "amc",
    "revenue": 3796642000,
    "revenueEstimated": 3697599165,
    "updatedFromDate": "2025-04-25",
    "fiscalDateEnding": "2019-05-04"
  },
  {
    "date": "2019-03-05",
    "symbol": "ROST",
    "eps": 1.13,
    "epsEstimated": 1.13,
    "time": "amc",
    "revenue": 4107388000,
    "revenueEstimated": 3867790366,
    "updatedFromDate": "2025-04-25",
    "fiscalDateEnding": "2019-02-02"
  },
  {
    "date": "2018-11-20",
    "symbol": "ROST",
    "eps": 0.91,
    "epsEstimated": 0.9,
    "time": "bmo",
    "revenue": 3549608000,
    "revenueEstimated": 3510601318,
    "updatedFromDate": "2025-04-25",
    "fiscalDateEnding": "2018-11-03"
  },
  {
    "date": "2018-08-23",
    "symbol": "ROST",
    "eps": 1.04,
    "epsEstimated": 1.01,
    "time": "amc",
    "revenue": 3737926000,
    "revenueEstimated": 3630075961,
    "updatedFromDate": "2025-04-25",
    "fiscalDateEnding": "2018-08-04"
  },
  {
    "date": "2018-05-24",
    "symbol": "ROST",
    "eps": 0.92,
    "epsEstimated": 1.07,
    "time": "amc",
    "revenue": 3588619000,
    "revenueEstimated": 3459281081,
    "updatedFromDate": "2025-04-25",
    "fiscalDateEnding": "2018-05-05"
  },
  {
    "date": "2018-03-06",
    "symbol": "ROST",
    "eps": 0.98,
    "epsEstimated": 0.93,
    "time": "amc",
    "revenue": 4067806000,
    "revenueEstimated": 3860259183,
    "updatedFromDate": "2025-04-25",
    "fiscalDateEnding": "2018-02-03"
  },
  {
    "date": "2017-11-16",
    "symbol": "ROST",
    "eps": 0.72,
    "epsEstimated": 0.67,
    "time": "amc",
    "revenue": 3328894000,
    "revenueEstimated": 3097726388,
    "updatedFromDate": "2025-04-25",
    "fiscalDateEnding": "2017-10-28"
  },
  {
    "date": "2017-08-17",
    "symbol": "ROST",
    "eps": 0.82,
    "epsEstimated": 0.77,
    "time": "amc",
    "revenue": 3431603000,
    "revenueEstimated": 3222356097,
    "updatedFromDate": "2025-04-25",
    "fiscalDateEnding": "2017-07-29"
  },
  {
    "date": "2017-05-18",
    "symbol": "ROST",
    "eps": 0.82,
    "epsEstimated": 0.8,
    "time": "amc",
    "revenue": 3306429000,
    "revenueEstimated": 3225756097,
    "updatedFromDate": "2025-04-25",
    "fiscalDateEnding": "2017-04-29"
  },
  {
    "date": "2017-02-28",
    "symbol": "ROST",
    "eps": 0.77,
    "epsEstimated": 0.75,
    "time": "amc",
    "revenue": 3510158000,
    "revenueEstimated": 3419025974,
    "updatedFromDate": "2025-04-25",
    "fiscalDateEnding": "2017-01-28"
  },
  {
    "date": "2016-11-17",
    "symbol": "ROST",
    "eps": 0.62,
    "epsEstimated": 0.56,
    "time": "amc",
    "revenue": 3086687000,
    "revenueEstimated": 2787987096,
    "updatedFromDate": "2025-04-25",
    "fiscalDateEnding": "2016-10-29"
  },
  {
    "date": "2016-08-18",
    "symbol": "ROST",
    "eps": 0.71,
    "epsEstimated": 0.67,
    "time": "amc",
    "revenue": 3180917000,
    "revenueEstimated": 3001694366,
    "updatedFromDate": "2025-04-25",
    "fiscalDateEnding": "2016-07-30"
  }
]