[
  {
    "date": "2026-04-22",
    "symbol": "RSG",
    "eps": null,
    "epsEstimated": null,
    "time": "amc",
    "revenue": null,
    "revenueEstimated": null,
    "updatedFromDate": "2025-10-02",
    "fiscalDateEnding": "2026-03-30"
  },
  {
    "date": "2026-02-11",
    "symbol": "RSG",
    "eps": null,
    "epsEstimated": null,
    "time": "amc",
    "revenue": null,
    "revenueEstimated": null,
    "updatedFromDate": "2025-10-02",
    "fiscalDateEnding": "2025-12-30"
  },
  {
    "date": "2025-11-04",
    "symbol": "RSG",
    "eps": null,
    "epsEstimated": 1.77,
    "time": "bmo",
    "revenue": null,
    "revenueEstimated": null,
    "updatedFromDate": "2025-10-02",
    "fiscalDateEnding": "2025-09-30"
  },
  {
    "date": "2025-07-29",
    "symbol": "RSG",
    "eps": 1.77,
    "epsEstimated": 1.77,
    "time": "amc",
    "revenue": 4235000000,
    "revenueEstimated": 4255283115,
    "updatedFromDate": "2025-10-02",
    "fiscalDateEnding": "2025-06-30"
  },
  {
    "date": "2025-04-24",
    "symbol": "RSG",
    "eps": 1.58,
    "epsEstimated": 1.53,
    "time": "amc",
    "revenue": 4009000000,
    "revenueEstimated": 4045295175,
    "updatedFromDate": "2025-07-24",
    "fiscalDateEnding": "2025-03-31"
  },
  {
    "date": "2025-02-13",
    "symbol": "RSG",
    "eps": 1.58,
    "epsEstimated": 1.4,
    "time": "amc",
    "revenue": 4046000000,
    "revenueEstimated": 4073383592,
    "updatedFromDate": "2025-05-13",
    "fiscalDateEnding": "2024-12-31"
  },
  {
    "date": "2024-10-29",
    "symbol": "RSG",
    "eps": 1.81,
    "epsEstimated": 1.61,
    "time": "amc",
    "revenue": 4076200000,
    "revenueEstimated": 4119648390,
    "updatedFromDate": "2025-04-24",
    "fiscalDateEnding": "2024-09-30"
  },
  {
    "date": "2024-07-24",
    "symbol": "RSG",
    "eps": 1.61,
    "epsEstimated": 1.53,
    "time": "amc",
    "revenue": 4048000000,
    "revenueEstimated": 4038278653,
    "updatedFromDate": "2025-04-24",
    "fiscalDateEnding": "2024-06-30"
  },
  {
    "date": "2024-04-30",
    "symbol": "RSG",
    "eps": 1.45,
    "epsEstimated": 1.35,
    "time": "amc",
    "revenue": 3861700000,
    "revenueEstimated": 3891227957,
    "updatedFromDate": "2025-04-24",
    "fiscalDateEnding": "2024-03-31"
  },
  {
    "date": "2024-02-27",
    "symbol": "RSG",
    "eps": 1.41,
    "epsEstimated": 1.29,
    "time": "amc",
    "revenue": 3831600000,
    "revenueEstimated": 3732070000,
    "updatedFromDate": "2025-04-24",
    "fiscalDateEnding": "2023-12-31"
  },
  {
    "date": "2023-10-26",
    "symbol": "RSG",
    "eps": 1.54,
    "epsEstimated": 1.42,
    "time": "amc",
    "revenue": 3825900000,
    "revenueEstimated": 3808170000,
    "updatedFromDate": "2025-04-24",
    "fiscalDateEnding": "2023-09-30"
  },
  {
    "date": "2023-07-31",
    "symbol": "RSG",
    "eps": 1.41,
    "epsEstimated": 1.32,
    "time": "amc",
    "revenue": 3725900000,
    "revenueEstimated": 3729250000,
    "updatedFromDate": "2025-04-24",
    "fiscalDateEnding": "2023-06-30"
  },
  {
    "date": "2023-04-27",
    "symbol": "RSG",
    "eps": 1.24,
    "epsEstimated": 1.13,
    "time": "amc",
    "revenue": 3581100000,
    "revenueEstimated": 3720230000,
    "updatedFromDate": "2025-04-24",
    "fiscalDateEnding": "2023-03-31"
  },
  {
    "date": "2023-02-15",
    "symbol": "RSG",
    "eps": 1.13,
    "epsEstimated": 1.02,
    "time": "amc",
    "revenue": 3529700000,
    "revenueEstimated": 3475895165,
    "updatedFromDate": "2025-04-24",
    "fiscalDateEnding": "2022-12-31"
  },
  {
    "date": "2022-10-27",
    "symbol": "RSG",
    "eps": 1.34,
    "epsEstimated": 1.22,
    "time": "amc",
    "revenue": 3597800000,
    "revenueEstimated": 3540563936,
    "updatedFromDate": "2025-04-24",
    "fiscalDateEnding": "2022-09-30"
  },
  {
    "date": "2022-08-04",
    "symbol": "RSG",
    "eps": 1.32,
    "epsEstimated": 1.18,
    "time": "amc",
    "revenue": 3413700000,
    "revenueEstimated": 3296113258,
    "updatedFromDate": "2025-04-24",
    "fiscalDateEnding": "2022-06-30"
  },
  {
    "date": "2022-05-05",
    "symbol": "RSG",
    "eps": 1.14,
    "epsEstimated": 1.05,
    "time": "amc",
    "revenue": 2968800000,
    "revenueEstimated": 2885115149,
    "updatedFromDate": "2025-04-24",
    "fiscalDateEnding": "2022-03-31"
  },
  {
    "date": "2022-02-10",
    "symbol": "RSG",
    "eps": 1.02,
    "epsEstimated": 1.01,
    "time": "amc",
    "revenue": 2952900000,
    "revenueEstimated": 2872028971,
    "updatedFromDate": "2025-04-24",
    "fiscalDateEnding": "2021-12-31"
  },
  {
    "date": "2021-10-28",
    "symbol": "RSG",
    "eps": 1.11,
    "epsEstimated": 1.05,
    "time": "amc",
    "revenue": 2933900000,
    "revenueEstimated": 2833160000,
    "updatedFromDate": "2025-04-24",
    "fiscalDateEnding": "2021-09-30"
  },
  {
    "date": "2021-07-29",
    "symbol": "RSG",
    "eps": 1.09,
    "epsEstimated": 0.96,
    "time": "amc",
    "revenue": 2812800000,
    "revenueEstimated": 2812800000,
    "updatedFromDate": "2025-04-24",
    "fiscalDateEnding": "2021-06-30"
  },
  {
    "date": "2021-05-05",
    "symbol": "RSG",
    "eps": 0.93,
    "epsEstimated": 0.86,
    "time": "amc",
    "revenue": 2596400000,
    "revenueEstimated": 2613900000,
    "updatedFromDate": "2025-04-24",
    "fiscalDateEnding": "2021-03-31"
  },
  {
    "date": "2021-02-22",
    "symbol": "RSG",
    "eps": 1,
    "epsEstimated": 0.8,
    "time": "amc",
    "revenue": 2573300000,
    "revenueEstimated": 2565820000,
    "updatedFromDate": "2025-04-24",
    "fiscalDateEnding": "2020-12-31"
  },
  {
    "date": "2020-11-05",
    "symbol": "RSG",
    "eps": 1,
    "epsEstimated": 0.82,
    "time": "amc",
    "revenue": 2572100000,
    "revenueEstimated": 2109039999,
    "updatedFromDate": "2025-04-24",
    "fiscalDateEnding": "2020-09-30"
  },
  {
    "date": "2020-08-06",
    "symbol": "RSG",
    "eps": 0.81,
    "epsEstimated": 0.59,
    "time": "amc",
    "revenue": 2454400000,
    "revenueEstimated": 1787772839,
    "updatedFromDate": "2025-04-24",
    "fiscalDateEnding": "2020-06-30"
  },
  {
    "date": "2020-05-05",
    "symbol": "RSG",
    "eps": 0.77,
    "epsEstimated": 0.76,
    "time": "amc",
    "revenue": 2553900000,
    "revenueEstimated": 2520732467,
    "updatedFromDate": "2025-04-24",
    "fiscalDateEnding": "2020-03-31"
  },
  {
    "date": "2020-02-13",
    "symbol": "RSG",
    "eps": 0.91,
    "epsEstimated": 0.89,
    "time": "amc",
    "revenue": 2576700000,
    "revenueEstimated": 2520069230,
    "updatedFromDate": "2025-04-24",
    "fiscalDateEnding": "2019-12-31"
  },
  {
    "date": "2019-10-30",
    "symbol": "RSG",
    "eps": 0.91,
    "epsEstimated": 0.85,
    "time": "amc",
    "revenue": 2646900000,
    "revenueEstimated": 2472379120,
    "updatedFromDate": "2025-04-24",
    "fiscalDateEnding": "2019-09-30"
  },
  {
    "date": "2019-07-25",
    "symbol": "RSG",
    "eps": 0.79,
    "epsEstimated": 0.77,
    "time": "amc",
    "revenue": 2605300000,
    "revenueEstimated": 2539343037,
    "updatedFromDate": "2025-04-24",
    "fiscalDateEnding": "2019-06-30"
  },
  {
    "date": "2019-04-25",
    "symbol": "RSG",
    "eps": 0.73,
    "epsEstimated": 0.72,
    "time": "amc",
    "revenue": 2470600000,
    "revenueEstimated": 2436756164,
    "updatedFromDate": "2025-04-24",
    "fiscalDateEnding": "2019-03-31"
  },
  {
    "date": "2019-02-07",
    "symbol": "RSG",
    "eps": 0.8,
    "epsEstimated": 0.78,
    "time": "amc",
    "revenue": 2530000000,
    "revenueEstimated": 2466750000,
    "updatedFromDate": "2025-04-24",
    "fiscalDateEnding": "2018-12-31"
  },
  {
    "date": "2018-10-25",
    "symbol": "RSG",
    "eps": 0.82,
    "epsEstimated": 0.81,
    "time": "amc",
    "revenue": 2565700000,
    "revenueEstimated": 2534410975,
    "updatedFromDate": "2025-04-24",
    "fiscalDateEnding": "2018-09-30"
  },
  {
    "date": "2018-07-26",
    "symbol": "RSG",
    "eps": 0.73,
    "epsEstimated": 0.75,
    "time": "amc",
    "revenue": 2517800000,
    "revenueEstimated": 2586780821,
    "updatedFromDate": "2025-04-24",
    "fiscalDateEnding": "2018-06-30"
  },
  {
    "date": "2018-05-02",
    "symbol": "RSG",
    "eps": 0.74,
    "epsEstimated": 0.68,
    "time": "amc",
    "revenue": 2427500000,
    "revenueEstimated": 2230675675,
    "updatedFromDate": "2025-04-24",
    "fiscalDateEnding": "2018-03-31"
  },
  {
    "date": "2018-02-08",
    "symbol": "RSG",
    "eps": 0.61,
    "epsEstimated": 0.57,
    "time": "amc",
    "revenue": 2560000000,
    "revenueEstimated": 2392131147,
    "updatedFromDate": "2025-04-24",
    "fiscalDateEnding": "2017-12-31"
  },
  {
    "date": "2017-11-02",
    "symbol": "RSG",
    "eps": 0.67,
    "epsEstimated": 0.63,
    "time": "amc",
    "revenue": 2562000000,
    "revenueEstimated": 2409044776,
    "updatedFromDate": "2025-04-24",
    "fiscalDateEnding": "2017-09-30"
  },
  {
    "date": "2017-07-27",
    "symbol": "RSG",
    "eps": 0.61,
    "epsEstimated": 0.6,
    "time": "amc",
    "revenue": 2526700000,
    "revenueEstimated": 2485278688,
    "updatedFromDate": "2025-04-24",
    "fiscalDateEnding": "2017-06-30"
  },
  {
    "date": "2017-04-27",
    "symbol": "RSG",
    "eps": 0.55,
    "epsEstimated": 0.53,
    "time": "amc",
    "revenue": 2392800000,
    "revenueEstimated": 2305789090,
    "updatedFromDate": "2025-04-24",
    "fiscalDateEnding": "2017-03-31"
  },
  {
    "date": "2017-02-16",
    "symbol": "RSG",
    "eps": 0.57,
    "epsEstimated": 0.55,
    "time": "amc",
    "revenue": 2379100000,
    "revenueEstimated": 2295719298,
    "updatedFromDate": "2025-04-24",
    "fiscalDateEnding": "2016-12-31"
  },
  {
    "date": "2016-10-27",
    "symbol": "RSG",
    "eps": 0.62,
    "epsEstimated": 0.58,
    "time": "amc",
    "revenue": 2409300000,
    "revenueEstimated": 2253861290,
    "updatedFromDate": "2025-04-24",
    "fiscalDateEnding": "2016-09-30"
  },
  {
    "date": "2016-07-28",
    "symbol": "RSG",
    "eps": 0.55,
    "epsEstimated": 0.55,
    "time": "amc",
    "revenue": 2350700000,
    "revenueEstimated": 2350700000,
    "updatedFromDate": "2025-04-24",
    "fiscalDateEnding": "2016-06-30"
  }
]