[
  {
    "date": "2026-04-27",
    "symbol": "RVTY",
    "eps": null,
    "epsEstimated": null,
    "time": "bmo",
    "revenue": null,
    "revenueEstimated": null,
    "updatedFromDate": "2025-10-02",
    "fiscalDateEnding": "2026-03-30"
  },
  {
    "date": "2026-01-29",
    "symbol": "RVTY",
    "eps": null,
    "epsEstimated": null,
    "time": "bmo",
    "revenue": null,
    "revenueEstimated": null,
    "updatedFromDate": "2025-10-02",
    "fiscalDateEnding": "2025-12-30"
  },
  {
    "date": "2025-11-03",
    "symbol": "RVTY",
    "eps": null,
    "epsEstimated": 1.14,
    "time": "bmo",
    "revenue": null,
    "revenueEstimated": 699890160,
    "updatedFromDate": "2025-10-02",
    "fiscalDateEnding": "2025-09-30"
  },
  {
    "date": "2025-07-28",
    "symbol": "RVTY",
    "eps": 1.18,
    "epsEstimated": 1.14,
    "time": "bmo",
    "revenue": 720284000,
    "revenueEstimated": 699890160,
    "updatedFromDate": "2025-10-02",
    "fiscalDateEnding": "2025-06-30"
  },
  {
    "date": "2025-04-28",
    "symbol": "RVTY",
    "eps": 1.01,
    "epsEstimated": 0.96,
    "time": "bmo",
    "revenue": 664762000,
    "revenueEstimated": 710824160,
    "updatedFromDate": "2025-07-28",
    "fiscalDateEnding": "2025-03-30"
  },
  {
    "date": "2025-01-31",
    "symbol": "RVTY",
    "eps": 1.42,
    "epsEstimated": 1.37,
    "time": "bmo",
    "revenue": 729372000,
    "revenueEstimated": 665289050,
    "updatedFromDate": "2025-05-01",
    "fiscalDateEnding": "2024-12-29"
  },
  {
    "date": "2024-11-04",
    "symbol": "RVTY",
    "eps": 1.28,
    "epsEstimated": 1.13,
    "time": "bmo",
    "revenue": 684049000,
    "revenueEstimated": 679657719,
    "updatedFromDate": "2025-04-25",
    "fiscalDateEnding": "2024-09-29"
  },
  {
    "date": "2024-07-29",
    "symbol": "RVTY",
    "eps": 1.22,
    "epsEstimated": 1.12,
    "time": "bmo",
    "revenue": 691685000,
    "revenueEstimated": 690326090,
    "updatedFromDate": "2025-04-25",
    "fiscalDateEnding": "2024-06-30"
  },
  {
    "date": "2024-04-29",
    "symbol": "RVTY",
    "eps": 0.98,
    "epsEstimated": 0.943,
    "time": "bmo",
    "revenue": 649920000,
    "revenueEstimated": 647247526,
    "updatedFromDate": "2025-04-25",
    "fiscalDateEnding": "2024-03-31"
  },
  {
    "date": "2024-02-01",
    "symbol": "RVTY",
    "eps": 1.25,
    "epsEstimated": 1.15,
    "time": "bmo",
    "revenue": 695901000,
    "revenueEstimated": 677940000,
    "updatedFromDate": "2025-04-25",
    "fiscalDateEnding": "2023-12-31"
  },
  {
    "date": "2023-10-30",
    "symbol": "RVTY",
    "eps": 1.18,
    "epsEstimated": 1.19,
    "time": "bmo",
    "revenue": 670739000,
    "revenueEstimated": 695330000,
    "updatedFromDate": "2025-04-25",
    "fiscalDateEnding": "2023-09-30"
  },
  {
    "date": "2023-08-01",
    "symbol": "RVTY",
    "eps": 1.21,
    "epsEstimated": 1.18,
    "time": "bmo",
    "revenue": 709066000,
    "revenueEstimated": 696130000,
    "updatedFromDate": "2025-04-25",
    "fiscalDateEnding": "2023-06-30"
  },
  {
    "date": "2023-05-11",
    "symbol": "RVTY",
    "eps": 1.01,
    "epsEstimated": 1.06,
    "time": "bmo",
    "revenue": 674865000,
    "revenueEstimated": 678903513,
    "updatedFromDate": "2025-04-25",
    "fiscalDateEnding": "2023-04-02"
  },
  {
    "date": "2023-02-14",
    "symbol": "RVTY",
    "eps": 1.7,
    "epsEstimated": 1.66,
    "time": "bmo",
    "revenue": 741214000,
    "revenueEstimated": 1028840181,
    "updatedFromDate": "2025-04-25",
    "fiscalDateEnding": "2023-01-01"
  },
  {
    "date": "2022-10-01",
    "symbol": "RVTY",
    "eps": 0.549,
    "epsEstimated": 1.44,
    "time": "bmo",
    "revenue": 711803000,
    "revenueEstimated": 1021258062,
    "updatedFromDate": "2025-04-25",
    "fiscalDateEnding": "2022-10-02"
  },
  {
    "date": "2022-07-02",
    "symbol": "RVTY",
    "eps": 1.42,
    "epsEstimated": 2.01,
    "time": "bmo",
    "revenue": 1229569000,
    "revenueEstimated": 1203744437,
    "updatedFromDate": "2025-04-25",
    "fiscalDateEnding": "2022-06-30"
  },
  {
    "date": "2022-03-31",
    "symbol": "RVTY",
    "eps": 1.4,
    "epsEstimated": 2.12,
    "time": "bmo",
    "revenue": 1259442000,
    "revenueEstimated": 1189016622,
    "updatedFromDate": "2025-04-25",
    "fiscalDateEnding": "2022-03-31"
  },
  {
    "date": "2021-12-31",
    "symbol": "RVTY",
    "eps": 1.5,
    "epsEstimated": null,
    "time": "bmo",
    "revenue": 1364325000,
    "revenueEstimated": null,
    "updatedFromDate": "2025-04-25",
    "fiscalDateEnding": "2021-12-31"
  },
  {
    "date": "2021-09-30",
    "symbol": "RVTY",
    "eps": 1.11,
    "epsEstimated": 2.25,
    "time": "bmo",
    "revenue": 1166684000,
    "revenueEstimated": 1273468727,
    "updatedFromDate": "2025-04-25",
    "fiscalDateEnding": "2021-09-30"
  },
  {
    "date": "2021-06-30",
    "symbol": "RVTY",
    "eps": 2.19,
    "epsEstimated": null,
    "time": "bmo",
    "revenue": 1228471000,
    "revenueEstimated": null,
    "updatedFromDate": "2025-04-25",
    "fiscalDateEnding": "2021-06-30"
  },
  {
    "date": "2021-03-31",
    "symbol": "RVTY",
    "eps": 3.37,
    "epsEstimated": null,
    "time": "bmo",
    "revenue": 1307689000,
    "revenueEstimated": null,
    "updatedFromDate": "2025-04-25",
    "fiscalDateEnding": "2021-03-31"
  },
  {
    "date": "2020-12-31",
    "symbol": "RVTY",
    "eps": 3.38,
    "epsEstimated": null,
    "time": "bmo",
    "revenue": 1354606000,
    "revenueEstimated": null,
    "updatedFromDate": "2025-04-25",
    "fiscalDateEnding": "2020-12-31"
  },
  {
    "date": "2020-09-30",
    "symbol": "RVTY",
    "eps": 1.57,
    "epsEstimated": null,
    "time": "bmo",
    "revenue": 964025000,
    "revenueEstimated": null,
    "updatedFromDate": "2025-04-25",
    "fiscalDateEnding": "2020-09-30"
  },
  {
    "date": "2020-06-30",
    "symbol": "RVTY",
    "eps": 1.23,
    "epsEstimated": null,
    "time": "bmo",
    "revenue": 811718000,
    "revenueEstimated": null,
    "updatedFromDate": "2025-04-25",
    "fiscalDateEnding": "2020-06-30"
  },
  {
    "date": "2020-03-31",
    "symbol": "RVTY",
    "eps": 0.3015,
    "epsEstimated": null,
    "time": "bmo",
    "revenue": 652396000,
    "revenueEstimated": null,
    "updatedFromDate": "2025-04-25",
    "fiscalDateEnding": "2020-03-31"
  },
  {
    "date": "2019-12-31",
    "symbol": "RVTY",
    "eps": 0.578,
    "epsEstimated": null,
    "time": "bmo",
    "revenue": 805496000,
    "revenueEstimated": null,
    "updatedFromDate": "2025-04-25",
    "fiscalDateEnding": "2019-12-31"
  },
  {
    "date": "2019-09-30",
    "symbol": "RVTY",
    "eps": 0.525,
    "epsEstimated": null,
    "time": "bmo",
    "revenue": 706923000,
    "revenueEstimated": null,
    "updatedFromDate": "2025-04-25",
    "fiscalDateEnding": "2019-09-30"
  },
  {
    "date": "2019-06-30",
    "symbol": "RVTY",
    "eps": 0.619,
    "epsEstimated": null,
    "time": "bmo",
    "revenue": 722517000,
    "revenueEstimated": null,
    "updatedFromDate": "2025-04-25",
    "fiscalDateEnding": "2019-06-30"
  },
  {
    "date": "2019-03-31",
    "symbol": "RVTY",
    "eps": 0.3182,
    "epsEstimated": null,
    "time": "bmo",
    "revenue": 648737000,
    "revenueEstimated": null,
    "updatedFromDate": "2025-04-25",
    "fiscalDateEnding": "2019-03-31"
  },
  {
    "date": "2018-12-31",
    "symbol": "RVTY",
    "eps": 0.639,
    "epsEstimated": null,
    "time": "bmo",
    "revenue": 756349000,
    "revenueEstimated": null,
    "updatedFromDate": "2025-04-25",
    "fiscalDateEnding": "2018-12-31"
  },
  {
    "date": "2018-09-30",
    "symbol": "RVTY",
    "eps": 0.685,
    "epsEstimated": null,
    "time": "bmo",
    "revenue": 674313000,
    "revenueEstimated": null,
    "updatedFromDate": "2025-04-25",
    "fiscalDateEnding": "2018-09-30"
  },
  {
    "date": "2018-06-30",
    "symbol": "RVTY",
    "eps": 0.575,
    "epsEstimated": null,
    "time": "bmo",
    "revenue": 703362000,
    "revenueEstimated": null,
    "updatedFromDate": "2025-04-25",
    "fiscalDateEnding": "2018-06-30"
  },
  {
    "date": "2018-03-31",
    "symbol": "RVTY",
    "eps": 0.2338,
    "epsEstimated": null,
    "time": "bmo",
    "revenue": 643972000,
    "revenueEstimated": null,
    "updatedFromDate": "2025-04-25",
    "fiscalDateEnding": "2018-03-31"
  },
  {
    "date": "2017-12-31",
    "symbol": "RVTY",
    "eps": -0.34835,
    "epsEstimated": null,
    "time": "bmo",
    "revenue": 641630000,
    "revenueEstimated": null,
    "updatedFromDate": "2025-04-25",
    "fiscalDateEnding": "2017-12-31"
  },
  {
    "date": "2017-09-30",
    "symbol": "RVTY",
    "eps": 0.821,
    "epsEstimated": null,
    "time": "bmo",
    "revenue": 554275000,
    "revenueEstimated": null,
    "updatedFromDate": "2025-04-25",
    "fiscalDateEnding": "2017-09-30"
  },
  {
    "date": "2017-06-30",
    "symbol": "RVTY",
    "eps": 0.566,
    "epsEstimated": null,
    "time": "bmo",
    "revenue": 546962000,
    "revenueEstimated": null,
    "updatedFromDate": "2025-04-25",
    "fiscalDateEnding": "2017-06-30"
  },
  {
    "date": "2017-03-31",
    "symbol": "RVTY",
    "eps": 0.3503,
    "epsEstimated": null,
    "time": "bmo",
    "revenue": 514115000,
    "revenueEstimated": null,
    "updatedFromDate": "2025-04-25",
    "fiscalDateEnding": "2017-03-31"
  },
  {
    "date": "2016-12-31",
    "symbol": "RVTY",
    "eps": 0.589,
    "epsEstimated": null,
    "time": "bmo",
    "revenue": 566770000,
    "revenueEstimated": null,
    "updatedFromDate": "2025-04-25",
    "fiscalDateEnding": "2016-12-31"
  },
  {
    "date": "2016-09-30",
    "symbol": "RVTY",
    "eps": 0.528,
    "epsEstimated": null,
    "time": "bmo",
    "revenue": 548054000,
    "revenueEstimated": null,
    "updatedFromDate": "2025-04-25",
    "fiscalDateEnding": "2016-09-30"
  },
  {
    "date": "2016-06-30",
    "symbol": "RVTY",
    "eps": 0.581,
    "epsEstimated": null,
    "time": "bmo",
    "revenue": 572667000,
    "revenueEstimated": null,
    "updatedFromDate": "2025-04-25",
    "fiscalDateEnding": "2016-06-30"
  }
]