[
  {
    "date": "2026-04-27",
    "symbol": "SBAC",
    "eps": null,
    "epsEstimated": null,
    "time": "amc",
    "revenue": null,
    "revenueEstimated": null,
    "updatedFromDate": "2025-10-02",
    "fiscalDateEnding": "2026-03-30"
  },
  {
    "date": "2026-02-23",
    "symbol": "SBAC",
    "eps": null,
    "epsEstimated": null,
    "time": "amc",
    "revenue": null,
    "revenueEstimated": null,
    "updatedFromDate": "2025-10-02",
    "fiscalDateEnding": "2025-12-30"
  },
  {
    "date": "2025-10-27",
    "symbol": "SBAC",
    "eps": null,
    "epsEstimated": 3.21,
    "time": "bmo",
    "revenue": null,
    "revenueEstimated": 715862390,
    "updatedFromDate": "2025-10-02",
    "fiscalDateEnding": "2025-09-30"
  },
  {
    "date": "2025-08-04",
    "symbol": "SBAC",
    "eps": 2.09,
    "epsEstimated": 3.12,
    "time": "amc",
    "revenue": 698981000,
    "revenueEstimated": 700962650,
    "updatedFromDate": "2025-10-02",
    "fiscalDateEnding": "2025-06-30"
  },
  {
    "date": "2025-04-28",
    "symbol": "SBAC",
    "eps": 1.77,
    "epsEstimated": 3.12,
    "time": "amc",
    "revenue": 664248000,
    "revenueEstimated": 662324030,
    "updatedFromDate": "2025-07-28",
    "fiscalDateEnding": "2025-03-31"
  },
  {
    "date": "2025-02-24",
    "symbol": "SBAC",
    "eps": 1.61,
    "epsEstimated": 2.08,
    "time": "amc",
    "revenue": 693700000,
    "revenueEstimated": 682311130,
    "updatedFromDate": "2025-05-24",
    "fiscalDateEnding": "2024-12-31"
  },
  {
    "date": "2024-10-28",
    "symbol": "SBAC",
    "eps": 2.4,
    "epsEstimated": 2.27,
    "time": "amc",
    "revenue": 667595000,
    "revenueEstimated": 684746890,
    "updatedFromDate": "2025-04-25",
    "fiscalDateEnding": "2024-09-30"
  },
  {
    "date": "2024-07-29",
    "symbol": "SBAC",
    "eps": 1.51,
    "epsEstimated": 2.07,
    "time": "amc",
    "revenue": 660477000,
    "revenueEstimated": 670380000,
    "updatedFromDate": "2025-04-25",
    "fiscalDateEnding": "2024-06-30"
  },
  {
    "date": "2024-04-29",
    "symbol": "SBAC",
    "eps": 1.42,
    "epsEstimated": 1.21,
    "time": "amc",
    "revenue": 657862000,
    "revenueEstimated": 669970000,
    "updatedFromDate": "2025-04-25",
    "fiscalDateEnding": "2024-03-31"
  },
  {
    "date": "2024-02-26",
    "symbol": "SBAC",
    "eps": 1.01,
    "epsEstimated": 1.37,
    "time": "amc",
    "revenue": 675024000,
    "revenueEstimated": 682170000,
    "updatedFromDate": "2025-04-25",
    "fiscalDateEnding": "2023-12-31"
  },
  {
    "date": "2023-11-02",
    "symbol": "SBAC",
    "eps": 0.8,
    "epsEstimated": 1.19,
    "time": "amc",
    "revenue": 682544000,
    "revenueEstimated": 679710000,
    "updatedFromDate": "2025-04-25",
    "fiscalDateEnding": "2023-09-30"
  },
  {
    "date": "2023-07-31",
    "symbol": "SBAC",
    "eps": 1.87,
    "epsEstimated": 1.22,
    "time": "amc",
    "revenue": 678500000,
    "revenueEstimated": 677260000,
    "updatedFromDate": "2025-04-25",
    "fiscalDateEnding": "2023-06-30"
  },
  {
    "date": "2023-05-01",
    "symbol": "SBAC",
    "eps": 0.93,
    "epsEstimated": 1.21,
    "time": "amc",
    "revenue": 675516000,
    "revenueEstimated": 675150000,
    "updatedFromDate": "2025-04-25",
    "fiscalDateEnding": "2023-03-31"
  },
  {
    "date": "2023-02-21",
    "symbol": "SBAC",
    "eps": 0.94,
    "epsEstimated": 1.09,
    "time": "amc",
    "revenue": 686094000,
    "revenueEstimated": 679796273,
    "updatedFromDate": "2025-04-25",
    "fiscalDateEnding": "2022-12-31"
  },
  {
    "date": "2022-10-31",
    "symbol": "SBAC",
    "eps": 0.91,
    "epsEstimated": 0.94,
    "time": "amc",
    "revenue": 675584000,
    "revenueEstimated": 650201681,
    "updatedFromDate": "2025-04-25",
    "fiscalDateEnding": "2022-09-30"
  },
  {
    "date": "2022-08-01",
    "symbol": "SBAC",
    "eps": 0.64,
    "epsEstimated": 0.9,
    "time": "amc",
    "revenue": 652006000,
    "revenueEstimated": 626209586,
    "updatedFromDate": "2025-04-25",
    "fiscalDateEnding": "2022-06-30"
  },
  {
    "date": "2022-04-25",
    "symbol": "SBAC",
    "eps": 1.72,
    "epsEstimated": 1,
    "time": "amc",
    "revenue": 619770000,
    "revenueEstimated": 603502309,
    "updatedFromDate": "2025-04-25",
    "fiscalDateEnding": "2022-03-31"
  },
  {
    "date": "2022-02-28",
    "symbol": "SBAC",
    "eps": 0.44,
    "epsEstimated": 0.69,
    "time": "amc",
    "revenue": 595262000,
    "revenueEstimated": 591239724,
    "updatedFromDate": "2025-04-25",
    "fiscalDateEnding": "2021-12-31"
  },
  {
    "date": "2021-11-01",
    "symbol": "SBAC",
    "eps": 0.43,
    "epsEstimated": 0.83,
    "time": "amc",
    "revenue": 589305000,
    "revenueEstimated": 576930000,
    "updatedFromDate": "2025-04-25",
    "fiscalDateEnding": "2021-09-30"
  },
  {
    "date": "2021-08-02",
    "symbol": "SBAC",
    "eps": 1.37,
    "epsEstimated": 0.68,
    "time": "amc",
    "revenue": 575528000,
    "revenueEstimated": 523207272,
    "updatedFromDate": "2025-04-25",
    "fiscalDateEnding": "2021-06-30"
  },
  {
    "date": "2021-04-26",
    "symbol": "SBAC",
    "eps": -0.11,
    "epsEstimated": 2.45,
    "time": "amc",
    "revenue": 548739000,
    "revenueEstimated": 539430000,
    "updatedFromDate": "2025-04-25",
    "fiscalDateEnding": "2021-03-31"
  },
  {
    "date": "2021-02-22",
    "symbol": "SBAC",
    "eps": 0.94,
    "epsEstimated": 0.52,
    "time": "amc",
    "revenue": 535905000,
    "revenueEstimated": 382606679,
    "updatedFromDate": "2025-04-25",
    "fiscalDateEnding": "2020-12-31"
  },
  {
    "date": "2020-11-02",
    "symbol": "SBAC",
    "eps": 0.2,
    "epsEstimated": 0.46,
    "time": "amc",
    "revenue": 522940000,
    "revenueEstimated": 1202762000,
    "updatedFromDate": "2025-04-25",
    "fiscalDateEnding": "2020-09-30"
  },
  {
    "date": "2020-08-03",
    "symbol": "SBAC",
    "eps": 0.2,
    "epsEstimated": 0.3,
    "time": "amc",
    "revenue": 507226000,
    "revenueEstimated": 760839000,
    "updatedFromDate": "2025-04-25",
    "fiscalDateEnding": "2020-06-30"
  },
  {
    "date": "2020-05-05",
    "symbol": "SBAC",
    "eps": -1.14,
    "epsEstimated": 2.26,
    "time": "amc",
    "revenue": 517067000,
    "revenueEstimated": 181427017,
    "updatedFromDate": "2025-04-25",
    "fiscalDateEnding": "2020-03-31"
  },
  {
    "date": "2020-02-20",
    "symbol": "SBAC",
    "eps": 0.59,
    "epsEstimated": 0.39,
    "time": "amc",
    "revenue": 513659000,
    "revenueEstimated": 339536644,
    "updatedFromDate": "2025-04-25",
    "fiscalDateEnding": "2019-12-31"
  },
  {
    "date": "2019-10-28",
    "symbol": "SBAC",
    "eps": 0.19,
    "epsEstimated": 0.34,
    "time": "amc",
    "revenue": 507547000,
    "revenueEstimated": 908242000,
    "updatedFromDate": "2025-04-25",
    "fiscalDateEnding": "2019-09-30"
  },
  {
    "date": "2019-07-29",
    "symbol": "SBAC",
    "eps": 0.28,
    "epsEstimated": 0.22,
    "time": "amc",
    "revenue": 500147000,
    "revenueEstimated": 392972642,
    "updatedFromDate": "2025-04-25",
    "fiscalDateEnding": "2019-06-30"
  },
  {
    "date": "2019-04-29",
    "symbol": "SBAC",
    "eps": 0.23,
    "epsEstimated": 0.22,
    "time": "amc",
    "revenue": 493293000,
    "revenueEstimated": 471845478,
    "updatedFromDate": "2025-04-25",
    "fiscalDateEnding": "2019-03-31"
  },
  {
    "date": "2019-02-21",
    "symbol": "SBAC",
    "eps": 0.5,
    "epsEstimated": 0.44,
    "time": "amc",
    "revenue": 483849000,
    "revenueEstimated": 425787120,
    "updatedFromDate": "2025-04-25",
    "fiscalDateEnding": "2018-12-31"
  },
  {
    "date": "2018-11-05",
    "symbol": "SBAC",
    "eps": 0.14,
    "epsEstimated": 0.25,
    "time": "amc",
    "revenue": 467221000,
    "revenueEstimated": 834323214,
    "updatedFromDate": "2025-04-25",
    "fiscalDateEnding": "2018-09-30"
  },
  {
    "date": "2018-07-30",
    "symbol": "SBAC",
    "eps": -0.5,
    "epsEstimated": 1.82,
    "time": "amc",
    "revenue": 456322000,
    "revenueEstimated": 164267999,
    "updatedFromDate": "2025-04-25",
    "fiscalDateEnding": "2018-06-30"
  },
  {
    "date": "2018-04-30",
    "symbol": "SBAC",
    "eps": 0.27,
    "epsEstimated": 0.2,
    "time": "amc",
    "revenue": 458302000,
    "revenueEstimated": 339481481,
    "updatedFromDate": "2025-04-25",
    "fiscalDateEnding": "2018-03-31"
  },
  {
    "date": "2018-02-26",
    "symbol": "SBAC",
    "eps": 0.23,
    "epsEstimated": 0.18,
    "time": "amc",
    "revenue": 443073000,
    "revenueEstimated": 1329300000,
    "updatedFromDate": "2025-04-25",
    "fiscalDateEnding": "2017-12-31"
  },
  {
    "date": "2017-10-30",
    "symbol": "SBAC",
    "eps": 0.26,
    "epsEstimated": 0.25,
    "time": "amc",
    "revenue": 433945000,
    "revenueEstimated": 386644995,
    "updatedFromDate": "2025-04-25",
    "fiscalDateEnding": "2017-09-30"
  },
  {
    "date": "2017-07-31",
    "symbol": "SBAC",
    "eps": 0.19,
    "epsEstimated": 0.2,
    "time": "amc",
    "revenue": 427294000,
    "revenueEstimated": 1068250000,
    "updatedFromDate": "2025-04-25",
    "fiscalDateEnding": "2017-06-30"
  },
  {
    "date": "2017-05-01",
    "symbol": "SBAC",
    "eps": 0.31,
    "epsEstimated": 0.2,
    "time": "amc",
    "revenue": 423363000,
    "revenueEstimated": 273161290,
    "updatedFromDate": "2025-04-25",
    "fiscalDateEnding": "2017-03-31"
  },
  {
    "date": "2017-02-27",
    "symbol": "SBAC",
    "eps": 0.04,
    "epsEstimated": 0.1,
    "time": "amc",
    "revenue": 416505000,
    "revenueEstimated": 1041250000,
    "updatedFromDate": "2025-04-25",
    "fiscalDateEnding": "2016-12-31"
  },
  {
    "date": "2016-11-01",
    "symbol": "SBAC",
    "eps": -0.12,
    "epsEstimated": 0.1,
    "time": "amc",
    "revenue": 411319000,
    "revenueEstimated": 308475000,
    "updatedFromDate": "2025-04-25",
    "fiscalDateEnding": "2016-09-30"
  },
  {
    "date": "2016-07-28",
    "symbol": "SBAC",
    "eps": 0.1,
    "epsEstimated": 0.13,
    "time": "amc",
    "revenue": 405532000,
    "revenueEstimated": 322615188,
    "updatedFromDate": "2025-04-25",
    "fiscalDateEnding": "2016-06-30"
  }
]