[
  {
    "date": "2025-10-29",
    "symbol": "SBUX",
    "eps": null,
    "epsEstimated": 0.57,
    "time": "bmo",
    "revenue": null,
    "revenueEstimated": 9402172850,
    "updatedFromDate": "2025-10-02",
    "fiscalDateEnding": "2025-09-29"
  },
  {
    "date": "2025-07-29",
    "symbol": "SBUX",
    "eps": 0.5,
    "epsEstimated": 0.647,
    "time": "amc",
    "revenue": 9456000000,
    "revenueEstimated": 9294857001,
    "updatedFromDate": "2025-10-02",
    "fiscalDateEnding": "2025-06-29"
  },
  {
    "date": "2025-04-29",
    "symbol": "SBUX",
    "eps": 0.41,
    "epsEstimated": 0.4858,
    "time": "amc",
    "revenue": 8761600000,
    "revenueEstimated": 8829799658,
    "updatedFromDate": "2025-07-29",
    "fiscalDateEnding": "2025-03-30"
  },
  {
    "date": "2025-01-28",
    "symbol": "SBUX",
    "eps": 0.69,
    "epsEstimated": 0.68,
    "time": "amc",
    "revenue": 9397800000,
    "revenueEstimated": 9315536083,
    "updatedFromDate": "2025-04-28",
    "fiscalDateEnding": "2024-12-29"
  },
  {
    "date": "2024-10-30",
    "symbol": "SBUX",
    "eps": 0.8,
    "epsEstimated": 1.03,
    "time": "amc",
    "revenue": 9073900000,
    "revenueEstimated": 9198396712,
    "updatedFromDate": "2025-04-25",
    "fiscalDateEnding": "2024-09-29"
  },
  {
    "date": "2024-07-30",
    "symbol": "SBUX",
    "eps": 0.93,
    "epsEstimated": 0.93,
    "time": "amc",
    "revenue": 9113900000,
    "revenueEstimated": 9248939229,
    "updatedFromDate": "2025-04-25",
    "fiscalDateEnding": "2024-06-30"
  },
  {
    "date": "2024-04-30",
    "symbol": "SBUX",
    "eps": 0.68,
    "epsEstimated": 0.79,
    "time": "amc",
    "revenue": 8563000000,
    "revenueEstimated": 9123477002,
    "updatedFromDate": "2025-04-25",
    "fiscalDateEnding": "2024-03-31"
  },
  {
    "date": "2024-01-30",
    "symbol": "SBUX",
    "eps": 0.9,
    "epsEstimated": 0.93,
    "time": "amc",
    "revenue": 9425300000,
    "revenueEstimated": 9437820000,
    "updatedFromDate": "2025-04-25",
    "fiscalDateEnding": "2023-12-31"
  },
  {
    "date": "2023-11-02",
    "symbol": "SBUX",
    "eps": 1.06,
    "epsEstimated": 0.97,
    "time": "bmo",
    "revenue": 9373600000,
    "revenueEstimated": 8760260000,
    "updatedFromDate": "2025-04-25",
    "fiscalDateEnding": "2023-10-01"
  },
  {
    "date": "2023-08-01",
    "symbol": "SBUX",
    "eps": 1,
    "epsEstimated": 0.95,
    "time": "amc",
    "revenue": 9168300000,
    "revenueEstimated": 9368520000,
    "updatedFromDate": "2025-04-25",
    "fiscalDateEnding": "2023-07-02"
  },
  {
    "date": "2023-05-02",
    "symbol": "SBUX",
    "eps": 0.74,
    "epsEstimated": 0.65,
    "time": "amc",
    "revenue": 8719800000,
    "revenueEstimated": 8402990000,
    "updatedFromDate": "2025-04-25",
    "fiscalDateEnding": "2023-04-02"
  },
  {
    "date": "2023-02-02",
    "symbol": "SBUX",
    "eps": 0.75,
    "epsEstimated": 0.77,
    "time": "amc",
    "revenue": 8713900000,
    "revenueEstimated": 8794113021,
    "updatedFromDate": "2025-04-25",
    "fiscalDateEnding": "2023-01-01"
  },
  {
    "date": "2022-11-03",
    "symbol": "SBUX",
    "eps": 0.81,
    "epsEstimated": 0.72,
    "time": "amc",
    "revenue": 8414200000,
    "revenueEstimated": 8323491932,
    "updatedFromDate": "2025-04-25",
    "fiscalDateEnding": "2022-10-02"
  },
  {
    "date": "2022-08-02",
    "symbol": "SBUX",
    "eps": 0.84,
    "epsEstimated": 0.75,
    "time": "amc",
    "revenue": 8150100000,
    "revenueEstimated": 8145062223,
    "updatedFromDate": "2025-04-25",
    "fiscalDateEnding": "2022-07-03"
  },
  {
    "date": "2022-05-03",
    "symbol": "SBUX",
    "eps": 0.59,
    "epsEstimated": 0.59,
    "time": "amc",
    "revenue": 7635600000,
    "revenueEstimated": 7618063648,
    "updatedFromDate": "2025-04-25",
    "fiscalDateEnding": "2022-04-03"
  },
  {
    "date": "2022-02-01",
    "symbol": "SBUX",
    "eps": 0.72,
    "epsEstimated": 0.8,
    "time": "amc",
    "revenue": 8050400000,
    "revenueEstimated": 7984200764,
    "updatedFromDate": "2025-04-25",
    "fiscalDateEnding": "2022-01-02"
  },
  {
    "date": "2021-10-28",
    "symbol": "SBUX",
    "eps": 1,
    "epsEstimated": 1,
    "time": "amc",
    "revenue": 8146700000,
    "revenueEstimated": 8285080000,
    "updatedFromDate": "2025-04-25",
    "fiscalDateEnding": "2021-10-03"
  },
  {
    "date": "2021-07-27",
    "symbol": "SBUX",
    "eps": 1.01,
    "epsEstimated": 0.78,
    "time": "amc",
    "revenue": 7496500000,
    "revenueEstimated": 8287390000,
    "updatedFromDate": "2025-04-25",
    "fiscalDateEnding": "2021-06-27"
  },
  {
    "date": "2021-04-27",
    "symbol": "SBUX",
    "eps": 0.62,
    "epsEstimated": 0.53,
    "time": "amc",
    "revenue": 6668000000,
    "revenueEstimated": 5535698113,
    "updatedFromDate": "2025-04-25",
    "fiscalDateEnding": "2021-03-28"
  },
  {
    "date": "2021-01-26",
    "symbol": "SBUX",
    "eps": 0.61,
    "epsEstimated": 0.55,
    "time": "amc",
    "revenue": 6749400000,
    "revenueEstimated": 6012745454,
    "updatedFromDate": "2025-04-25",
    "fiscalDateEnding": "2020-12-27"
  },
  {
    "date": "2020-10-29",
    "symbol": "SBUX",
    "eps": 0.51,
    "epsEstimated": 0.33,
    "time": "amc",
    "revenue": 6203100000,
    "revenueEstimated": 5447722497,
    "updatedFromDate": "2025-04-25",
    "fiscalDateEnding": "2020-09-27"
  },
  {
    "date": "2020-07-28",
    "symbol": "SBUX",
    "eps": -0.46,
    "epsEstimated": -0.61,
    "time": "amc",
    "revenue": 4222100000,
    "revenueEstimated": 5415302173,
    "updatedFromDate": "2025-04-25",
    "fiscalDateEnding": "2020-06-28"
  },
  {
    "date": "2020-04-28",
    "symbol": "SBUX",
    "eps": 0.32,
    "epsEstimated": 0.34,
    "time": "amc",
    "revenue": 5995700000,
    "revenueEstimated": 6370431250,
    "updatedFromDate": "2025-04-25",
    "fiscalDateEnding": "2020-03-29"
  },
  {
    "date": "2020-01-28",
    "symbol": "SBUX",
    "eps": 0.79,
    "epsEstimated": 0.76,
    "time": "amc",
    "revenue": 7097100000,
    "revenueEstimated": 6827589873,
    "updatedFromDate": "2025-04-25",
    "fiscalDateEnding": "2019-12-29"
  },
  {
    "date": "2019-10-30",
    "symbol": "SBUX",
    "eps": 0.7,
    "epsEstimated": 0.7,
    "time": "amc",
    "revenue": 6747000000,
    "revenueEstimated": 6747000000,
    "updatedFromDate": "2025-04-25",
    "fiscalDateEnding": "2019-09-29"
  },
  {
    "date": "2019-07-25",
    "symbol": "SBUX",
    "eps": 0.78,
    "epsEstimated": 0.72,
    "time": "amc",
    "revenue": 6823000000,
    "revenueEstimated": 6298153846,
    "updatedFromDate": "2025-04-25",
    "fiscalDateEnding": "2019-06-30"
  },
  {
    "date": "2019-04-25",
    "symbol": "SBUX",
    "eps": 0.6,
    "epsEstimated": 0.56,
    "time": "amc",
    "revenue": 6305900000,
    "revenueEstimated": 5885506666,
    "updatedFromDate": "2025-04-25",
    "fiscalDateEnding": "2019-03-31"
  },
  {
    "date": "2019-01-24",
    "symbol": "SBUX",
    "eps": 0.68,
    "epsEstimated": 0.65,
    "time": "amc",
    "revenue": 6632700000,
    "revenueEstimated": 5748340000,
    "updatedFromDate": "2025-04-25",
    "fiscalDateEnding": "2018-12-30"
  },
  {
    "date": "2018-11-01",
    "symbol": "SBUX",
    "eps": 0.62,
    "epsEstimated": 0.6,
    "time": "amc",
    "revenue": 6303600000,
    "revenueEstimated": 6100258064,
    "updatedFromDate": "2025-04-25",
    "fiscalDateEnding": "2018-09-30"
  },
  {
    "date": "2018-07-26",
    "symbol": "SBUX",
    "eps": 0.62,
    "epsEstimated": 0.61,
    "time": "amc",
    "revenue": 6310300000,
    "revenueEstimated": 6208520967,
    "updatedFromDate": "2025-04-25",
    "fiscalDateEnding": "2018-07-01"
  },
  {
    "date": "2018-04-26",
    "symbol": "SBUX",
    "eps": 0.53,
    "epsEstimated": 0.53,
    "time": "amc",
    "revenue": 6031800000,
    "revenueEstimated": 6031800000,
    "updatedFromDate": "2025-04-25",
    "fiscalDateEnding": "2018-04-01"
  },
  {
    "date": "2018-01-25",
    "symbol": "SBUX",
    "eps": 0.65,
    "epsEstimated": 0.57,
    "time": "amc",
    "revenue": 6073700000,
    "revenueEstimated": 5326167692,
    "updatedFromDate": "2025-04-25",
    "fiscalDateEnding": "2017-12-31"
  },
  {
    "date": "2017-11-02",
    "symbol": "SBUX",
    "eps": 0.55,
    "epsEstimated": 0.55,
    "time": "amc",
    "revenue": 5698300000,
    "revenueEstimated": 5698300000,
    "updatedFromDate": "2025-04-25",
    "fiscalDateEnding": "2017-10-01"
  },
  {
    "date": "2017-07-27",
    "symbol": "SBUX",
    "eps": 0.55,
    "epsEstimated": 0.55,
    "time": "amc",
    "revenue": 5661500000,
    "revenueEstimated": 5661500000,
    "updatedFromDate": "2025-04-25",
    "fiscalDateEnding": "2017-07-02"
  },
  {
    "date": "2017-04-27",
    "symbol": "SBUX",
    "eps": 0.45,
    "epsEstimated": 0.45,
    "time": "amc",
    "revenue": 5294000000,
    "revenueEstimated": 5294000000,
    "updatedFromDate": "2025-04-25",
    "fiscalDateEnding": "2017-04-02"
  },
  {
    "date": "2017-01-26",
    "symbol": "SBUX",
    "eps": 0.52,
    "epsEstimated": 0.52,
    "time": "amc",
    "revenue": 5732900000,
    "revenueEstimated": 5732900000,
    "updatedFromDate": "2025-04-25",
    "fiscalDateEnding": "2017-01-01"
  },
  {
    "date": "2016-11-03",
    "symbol": "SBUX",
    "eps": 0.56,
    "epsEstimated": 0.55,
    "time": "amc",
    "revenue": 5711200000,
    "revenueEstimated": 5609214285,
    "updatedFromDate": "2025-04-25",
    "fiscalDateEnding": "2016-10-02"
  },
  {
    "date": "2016-07-21",
    "symbol": "SBUX",
    "eps": 0.49,
    "epsEstimated": 0.49,
    "time": "amc",
    "revenue": 5238000000,
    "revenueEstimated": 5238000000,
    "updatedFromDate": "2025-04-25",
    "fiscalDateEnding": "2016-06-26"
  },
  {
    "date": "2016-04-21",
    "symbol": "SBUX",
    "eps": 0.39,
    "epsEstimated": 0.39,
    "time": "amc",
    "revenue": 4993200000,
    "revenueEstimated": 4993200000,
    "updatedFromDate": "2025-04-25",
    "fiscalDateEnding": "2016-03-27"
  },
  {
    "date": "2016-01-21",
    "symbol": "SBUX",
    "eps": 0.46,
    "epsEstimated": 0.45,
    "time": "amc",
    "revenue": 5373500000,
    "revenueEstimated": 5256684782,
    "updatedFromDate": "2025-04-25",
    "fiscalDateEnding": "2015-12-27"
  }
]