[
  {
    "date": "2026-04-15",
    "symbol": "SCHW",
    "eps": null,
    "epsEstimated": null,
    "time": "bmo",
    "revenue": null,
    "revenueEstimated": null,
    "updatedFromDate": "2025-10-02",
    "fiscalDateEnding": "2026-03-30"
  },
  {
    "date": "2026-01-19",
    "symbol": "SCHW",
    "eps": null,
    "epsEstimated": null,
    "time": "bmo",
    "revenue": null,
    "revenueEstimated": null,
    "updatedFromDate": "2025-10-02",
    "fiscalDateEnding": "2025-12-30"
  },
  {
    "date": "2025-10-16",
    "symbol": "SCHW",
    "eps": null,
    "epsEstimated": 1.21,
    "time": "bmo",
    "revenue": null,
    "revenueEstimated": 5933141510,
    "updatedFromDate": "2025-10-02",
    "fiscalDateEnding": "2025-09-30"
  },
  {
    "date": "2025-07-18",
    "symbol": "SCHW",
    "eps": 1.14,
    "epsEstimated": 1.1,
    "time": "bmo",
    "revenue": 6816000000,
    "revenueEstimated": 5734286702,
    "updatedFromDate": "2025-10-02",
    "fiscalDateEnding": "2025-06-30"
  },
  {
    "date": "2025-04-17",
    "symbol": "SCHW",
    "eps": 1.04,
    "epsEstimated": 1.01,
    "time": "bmo",
    "revenue": 6650000000,
    "revenueEstimated": 5531180644,
    "updatedFromDate": "2025-07-17",
    "fiscalDateEnding": "2025-03-31"
  },
  {
    "date": "2025-01-21",
    "symbol": "SCHW",
    "eps": 1.01,
    "epsEstimated": 0.914,
    "time": "bmo",
    "revenue": 5329000000,
    "revenueEstimated": 5195203574,
    "updatedFromDate": "2025-04-25",
    "fiscalDateEnding": "2024-12-31"
  },
  {
    "date": "2024-10-15",
    "symbol": "SCHW",
    "eps": 0.77,
    "epsEstimated": 0.75,
    "time": "bmo",
    "revenue": 4847000000,
    "revenueEstimated": 4783218470,
    "updatedFromDate": "2025-04-25",
    "fiscalDateEnding": "2024-09-30"
  },
  {
    "date": "2024-07-16",
    "symbol": "SCHW",
    "eps": 0.73,
    "epsEstimated": 0.72,
    "time": "bmo",
    "revenue": 4690000000,
    "revenueEstimated": 4680025456,
    "updatedFromDate": "2025-04-25",
    "fiscalDateEnding": "2024-06-30"
  },
  {
    "date": "2024-04-15",
    "symbol": "SCHW",
    "eps": 0.74,
    "epsEstimated": 0.74,
    "time": "bmo",
    "revenue": 4740000000,
    "revenueEstimated": 4711654665,
    "updatedFromDate": "2025-04-25",
    "fiscalDateEnding": "2024-03-31"
  },
  {
    "date": "2024-01-17",
    "symbol": "SCHW",
    "eps": 0.68,
    "epsEstimated": 0.65,
    "time": "bmo",
    "revenue": 4459000000,
    "revenueEstimated": 4477830000,
    "updatedFromDate": "2025-04-25",
    "fiscalDateEnding": "2023-12-31"
  },
  {
    "date": "2023-10-16",
    "symbol": "SCHW",
    "eps": 0.77,
    "epsEstimated": 0.75,
    "time": "bmo",
    "revenue": 4606000000,
    "revenueEstimated": 4672710000,
    "updatedFromDate": "2025-04-25",
    "fiscalDateEnding": "2023-09-30"
  },
  {
    "date": "2023-07-18",
    "symbol": "SCHW",
    "eps": 0.75,
    "epsEstimated": 0.71,
    "time": "bmo",
    "revenue": 4656000000,
    "revenueEstimated": 4609390000,
    "updatedFromDate": "2025-04-25",
    "fiscalDateEnding": "2023-06-30"
  },
  {
    "date": "2023-04-17",
    "symbol": "SCHW",
    "eps": 0.93,
    "epsEstimated": 0.9,
    "time": "bmo",
    "revenue": 5116000000,
    "revenueEstimated": 5005720000,
    "updatedFromDate": "2025-04-25",
    "fiscalDateEnding": "2023-03-31"
  },
  {
    "date": "2023-01-18",
    "symbol": "SCHW",
    "eps": 1.09,
    "epsEstimated": 1.09,
    "time": "bmo",
    "revenue": 5497000000,
    "revenueEstimated": 5554116729,
    "updatedFromDate": "2025-04-25",
    "fiscalDateEnding": "2022-12-31"
  },
  {
    "date": "2022-10-17",
    "symbol": "SCHW",
    "eps": 1.1,
    "epsEstimated": 1.05,
    "time": "bmo",
    "revenue": 5500000000,
    "revenueEstimated": 5412214113,
    "updatedFromDate": "2025-04-25",
    "fiscalDateEnding": "2022-09-30"
  },
  {
    "date": "2022-07-18",
    "symbol": "SCHW",
    "eps": 0.97,
    "epsEstimated": 0.91,
    "time": "bmo",
    "revenue": 5093000000,
    "revenueEstimated": 5039676332,
    "updatedFromDate": "2025-04-25",
    "fiscalDateEnding": "2022-06-30"
  },
  {
    "date": "2022-04-18",
    "symbol": "SCHW",
    "eps": 0.77,
    "epsEstimated": 0.84,
    "time": "bmo",
    "revenue": 4672000000,
    "revenueEstimated": 4829159546,
    "updatedFromDate": "2025-04-25",
    "fiscalDateEnding": "2022-03-31"
  },
  {
    "date": "2022-01-18",
    "symbol": "SCHW",
    "eps": 0.86,
    "epsEstimated": 0.88,
    "time": "bmo",
    "revenue": 4708000000,
    "revenueEstimated": 4814580000,
    "updatedFromDate": "2025-04-25",
    "fiscalDateEnding": "2021-12-31"
  },
  {
    "date": "2021-10-15",
    "symbol": "SCHW",
    "eps": 0.84,
    "epsEstimated": 0.81,
    "time": "bmo",
    "revenue": 4570000000,
    "revenueEstimated": 4507790000,
    "updatedFromDate": "2025-04-25",
    "fiscalDateEnding": "2021-09-30"
  },
  {
    "date": "2021-07-16",
    "symbol": "SCHW",
    "eps": 0.7,
    "epsEstimated": 0.69,
    "time": "bmo",
    "revenue": 4527000000,
    "revenueEstimated": 4452070000,
    "updatedFromDate": "2025-04-25",
    "fiscalDateEnding": "2021-06-30"
  },
  {
    "date": "2021-04-15",
    "symbol": "SCHW",
    "eps": 0.84,
    "epsEstimated": 0.82,
    "time": "bmo",
    "revenue": 4715000000,
    "revenueEstimated": 4329460000,
    "updatedFromDate": "2025-04-25",
    "fiscalDateEnding": "2021-03-31"
  },
  {
    "date": "2021-01-19",
    "symbol": "SCHW",
    "eps": 0.74,
    "epsEstimated": 0.71,
    "time": "bmo",
    "revenue": 4176000000,
    "revenueEstimated": 4101670000,
    "updatedFromDate": "2025-04-25",
    "fiscalDateEnding": "2020-12-31"
  },
  {
    "date": "2020-10-15",
    "symbol": "SCHW",
    "eps": 0.48,
    "epsEstimated": 0.46,
    "time": "bmo",
    "revenue": 2448000000,
    "revenueEstimated": 2181913043,
    "updatedFromDate": "2025-04-25",
    "fiscalDateEnding": "2020-09-30"
  },
  {
    "date": "2020-07-16",
    "symbol": "SCHW",
    "eps": 0.48,
    "epsEstimated": 0.53,
    "time": "bmo",
    "revenue": 2450000000,
    "revenueEstimated": 2403773584,
    "updatedFromDate": "2025-04-25",
    "fiscalDateEnding": "2020-06-30"
  },
  {
    "date": "2020-04-15",
    "symbol": "SCHW",
    "eps": 0.58,
    "epsEstimated": 0.62,
    "time": "bmo",
    "revenue": 2617000000,
    "revenueEstimated": 2798131147,
    "updatedFromDate": "2025-04-25",
    "fiscalDateEnding": "2020-03-31"
  },
  {
    "date": "2020-01-16",
    "symbol": "SCHW",
    "eps": 0.63,
    "epsEstimated": 0.64,
    "time": "bmo",
    "revenue": 2606000000,
    "revenueEstimated": 2863483870,
    "updatedFromDate": "2025-04-25",
    "fiscalDateEnding": "2019-12-31"
  },
  {
    "date": "2019-10-15",
    "symbol": "SCHW",
    "eps": 0.74,
    "epsEstimated": 0.64,
    "time": "bmo",
    "revenue": 2711000000,
    "revenueEstimated": 2717257142,
    "updatedFromDate": "2025-04-25",
    "fiscalDateEnding": "2019-09-30"
  },
  {
    "date": "2019-07-16",
    "symbol": "SCHW",
    "eps": 0.66,
    "epsEstimated": 0.65,
    "time": "bmo",
    "revenue": 2681000000,
    "revenueEstimated": 2953560606,
    "updatedFromDate": "2025-04-25",
    "fiscalDateEnding": "2019-06-30"
  },
  {
    "date": "2019-04-15",
    "symbol": "SCHW",
    "eps": 0.69,
    "epsEstimated": 0.66,
    "time": "bmo",
    "revenue": 2723000000,
    "revenueEstimated": 2907826086,
    "updatedFromDate": "2025-04-25",
    "fiscalDateEnding": "2019-03-31"
  },
  {
    "date": "2019-01-16",
    "symbol": "SCHW",
    "eps": 0.65,
    "epsEstimated": 0.64,
    "time": "bmo",
    "revenue": 2669000000,
    "revenueEstimated": 2911507692,
    "updatedFromDate": "2025-04-25",
    "fiscalDateEnding": "2018-12-31"
  },
  {
    "date": "2018-10-15",
    "symbol": "SCHW",
    "eps": 0.65,
    "epsEstimated": 0.65,
    "time": "bmo",
    "revenue": 2579000000,
    "revenueEstimated": 2807000000,
    "updatedFromDate": "2025-04-25",
    "fiscalDateEnding": "2018-09-30"
  },
  {
    "date": "2018-07-17",
    "symbol": "SCHW",
    "eps": 0.6,
    "epsEstimated": 0.58,
    "time": "bmo",
    "revenue": 2486000000,
    "revenueEstimated": 2580033333,
    "updatedFromDate": "2025-04-25",
    "fiscalDateEnding": "2018-06-30"
  },
  {
    "date": "2018-04-16",
    "symbol": "SCHW",
    "eps": 0.55,
    "epsEstimated": 0.54,
    "time": "bmo",
    "revenue": 2398000000,
    "revenueEstimated": 2509527272,
    "updatedFromDate": "2025-04-25",
    "fiscalDateEnding": "2018-03-31"
  },
  {
    "date": "2018-01-17",
    "symbol": "SCHW",
    "eps": 0.44,
    "epsEstimated": 0.41,
    "time": "bmo",
    "revenue": 2242000000,
    "revenueEstimated": 2200022727,
    "updatedFromDate": "2025-04-25",
    "fiscalDateEnding": "2017-12-31"
  },
  {
    "date": "2017-10-16",
    "symbol": "SCHW",
    "eps": 0.42,
    "epsEstimated": 0.41,
    "time": "bmo",
    "revenue": 2165000000,
    "revenueEstimated": 2205214285,
    "updatedFromDate": "2025-04-25",
    "fiscalDateEnding": "2017-09-30"
  },
  {
    "date": "2017-07-18",
    "symbol": "SCHW",
    "eps": 0.39,
    "epsEstimated": 0.39,
    "time": "bmo",
    "revenue": 2130000000,
    "revenueEstimated": 2204000000,
    "updatedFromDate": "2025-04-25",
    "fiscalDateEnding": "2017-06-30"
  },
  {
    "date": "2017-04-18",
    "symbol": "SCHW",
    "eps": 0.39,
    "epsEstimated": 0.36,
    "time": "bmo",
    "revenue": 2081000000,
    "revenueEstimated": 2026461538,
    "updatedFromDate": "2025-04-25",
    "fiscalDateEnding": "2017-03-31"
  },
  {
    "date": "2017-01-18",
    "symbol": "SCHW",
    "eps": 0.36,
    "epsEstimated": 0.36,
    "time": "bmo",
    "revenue": 1972000000,
    "revenueEstimated": 2017000000,
    "updatedFromDate": "2025-04-25",
    "fiscalDateEnding": "2016-12-31"
  },
  {
    "date": "2016-10-17",
    "symbol": "SCHW",
    "eps": 0.34,
    "epsEstimated": 0.33,
    "time": "bmo",
    "revenue": 1909000000,
    "revenueEstimated": 1843285714,
    "updatedFromDate": "2025-04-25",
    "fiscalDateEnding": "2016-09-30"
  },
  {
    "date": "2016-07-18",
    "symbol": "SCHW",
    "eps": 0.3,
    "epsEstimated": 0.3,
    "time": "bmo",
    "revenue": 1826000000,
    "revenueEstimated": 1868000000,
    "updatedFromDate": "2025-04-25",
    "fiscalDateEnding": "2016-06-30"
  }
]