[
  {
    "date": "2026-04-27",
    "symbol": "SHW",
    "eps": null,
    "epsEstimated": null,
    "time": "bmo",
    "revenue": null,
    "revenueEstimated": null,
    "updatedFromDate": "2025-10-02",
    "fiscalDateEnding": "2026-03-30"
  },
  {
    "date": "2026-01-28",
    "symbol": "SHW",
    "eps": null,
    "epsEstimated": null,
    "time": "bmo",
    "revenue": null,
    "revenueEstimated": null,
    "updatedFromDate": "2025-10-02",
    "fiscalDateEnding": "2025-12-30"
  },
  {
    "date": "2025-10-28",
    "symbol": "SHW",
    "eps": null,
    "epsEstimated": 3.45,
    "time": "bmo",
    "revenue": null,
    "revenueEstimated": 6214732610,
    "updatedFromDate": "2025-10-02",
    "fiscalDateEnding": "2025-09-30"
  },
  {
    "date": "2025-07-22",
    "symbol": "SHW",
    "eps": 3.38,
    "epsEstimated": 3.76,
    "time": "bmo",
    "revenue": 6314500000,
    "revenueEstimated": 6293712225,
    "updatedFromDate": "2025-10-02",
    "fiscalDateEnding": "2025-06-30"
  },
  {
    "date": "2025-04-29",
    "symbol": "SHW",
    "eps": 2.25,
    "epsEstimated": 2.15,
    "time": "bmo",
    "revenue": 5305700000,
    "revenueEstimated": 5399031123,
    "updatedFromDate": "2025-07-29",
    "fiscalDateEnding": "2025-03-31"
  },
  {
    "date": "2025-01-30",
    "symbol": "SHW",
    "eps": 2.09,
    "epsEstimated": 2.06,
    "time": "bmo",
    "revenue": 5297200000,
    "revenueEstimated": 5319229305,
    "updatedFromDate": "2025-04-30",
    "fiscalDateEnding": "2024-12-31"
  },
  {
    "date": "2024-10-22",
    "symbol": "SHW",
    "eps": 3.37,
    "epsEstimated": 3.54,
    "time": "bmo",
    "revenue": 6162500000,
    "revenueEstimated": 6200493252,
    "updatedFromDate": "2025-04-25",
    "fiscalDateEnding": "2024-09-30"
  },
  {
    "date": "2024-07-23",
    "symbol": "SHW",
    "eps": 3.7,
    "epsEstimated": 3.48,
    "time": "bmo",
    "revenue": 6271500000,
    "revenueEstimated": 6330726084,
    "updatedFromDate": "2025-04-25",
    "fiscalDateEnding": "2024-06-30"
  },
  {
    "date": "2024-04-23",
    "symbol": "SHW",
    "eps": 2.17,
    "epsEstimated": 2.21,
    "time": "bmo",
    "revenue": 5367300000,
    "revenueEstimated": 5499019645,
    "updatedFromDate": "2025-04-25",
    "fiscalDateEnding": "2024-03-31"
  },
  {
    "date": "2024-01-25",
    "symbol": "SHW",
    "eps": 1.81,
    "epsEstimated": 1.8,
    "time": "bmo",
    "revenue": 5252200000,
    "revenueEstimated": 5222690000,
    "updatedFromDate": "2025-04-25",
    "fiscalDateEnding": "2023-12-31"
  },
  {
    "date": "2023-10-24",
    "symbol": "SHW",
    "eps": 3.2,
    "epsEstimated": 2.77,
    "time": "bmo",
    "revenue": 6116700000,
    "revenueEstimated": 6021020000,
    "updatedFromDate": "2025-04-25",
    "fiscalDateEnding": "2023-09-30"
  },
  {
    "date": "2023-07-25",
    "symbol": "SHW",
    "eps": 3.29,
    "epsEstimated": 2.69,
    "time": "bmo",
    "revenue": 6240600000,
    "revenueEstimated": 6014120000,
    "updatedFromDate": "2025-04-25",
    "fiscalDateEnding": "2023-06-30"
  },
  {
    "date": "2023-04-25",
    "symbol": "SHW",
    "eps": 2.04,
    "epsEstimated": 1.78,
    "time": "bmo",
    "revenue": 5442400000,
    "revenueEstimated": 5134940000,
    "updatedFromDate": "2025-04-25",
    "fiscalDateEnding": "2023-03-31"
  },
  {
    "date": "2023-01-26",
    "symbol": "SHW",
    "eps": 1.89,
    "epsEstimated": 1.87,
    "time": "bmo",
    "revenue": 5230500000,
    "revenueEstimated": 5265589573,
    "updatedFromDate": "2025-04-25",
    "fiscalDateEnding": "2022-12-31"
  },
  {
    "date": "2022-10-25",
    "symbol": "SHW",
    "eps": 2.83,
    "epsEstimated": 2.56,
    "time": "bmo",
    "revenue": 6047400000,
    "revenueEstimated": 5785123340,
    "updatedFromDate": "2025-04-25",
    "fiscalDateEnding": "2022-09-30"
  },
  {
    "date": "2022-07-27",
    "symbol": "SHW",
    "eps": 2.41,
    "epsEstimated": 2.77,
    "time": "bmo",
    "revenue": 5872300000,
    "revenueEstimated": 6027549988,
    "updatedFromDate": "2025-04-25",
    "fiscalDateEnding": "2022-06-30"
  },
  {
    "date": "2022-04-26",
    "symbol": "SHW",
    "eps": 1.61,
    "epsEstimated": 1.54,
    "time": "bmo",
    "revenue": 4998700000,
    "revenueEstimated": 4911946996,
    "updatedFromDate": "2025-04-25",
    "fiscalDateEnding": "2022-03-31"
  },
  {
    "date": "2022-01-27",
    "symbol": "SHW",
    "eps": 1.34,
    "epsEstimated": 1.38,
    "time": "bmo",
    "revenue": 4762100000,
    "revenueEstimated": 4902180000,
    "updatedFromDate": "2025-04-25",
    "fiscalDateEnding": "2021-12-31"
  },
  {
    "date": "2021-10-26",
    "symbol": "SHW",
    "eps": 2.09,
    "epsEstimated": 2.1,
    "time": "bmo",
    "revenue": 5146700000,
    "revenueEstimated": 5291980000,
    "updatedFromDate": "2025-04-25",
    "fiscalDateEnding": "2021-09-30"
  },
  {
    "date": "2021-07-27",
    "symbol": "SHW",
    "eps": 2.65,
    "epsEstimated": 2.68,
    "time": "bmo",
    "revenue": 5379800000,
    "revenueEstimated": 5521730000,
    "updatedFromDate": "2025-04-25",
    "fiscalDateEnding": "2021-06-30"
  },
  {
    "date": "2021-04-27",
    "symbol": "SHW",
    "eps": 2.06,
    "epsEstimated": 1.65,
    "time": "bmo",
    "revenue": 4656000000,
    "revenueEstimated": 4498370000,
    "updatedFromDate": "2025-04-25",
    "fiscalDateEnding": "2021-03-31"
  },
  {
    "date": "2021-01-28",
    "symbol": "SHW",
    "eps": 1.7,
    "epsEstimated": 1.62,
    "time": "bmo",
    "revenue": 4488800000,
    "revenueEstimated": 4266673814,
    "updatedFromDate": "2025-04-25",
    "fiscalDateEnding": "2020-12-31"
  },
  {
    "date": "2020-10-27",
    "symbol": "SHW",
    "eps": 2.76,
    "epsEstimated": 2.6,
    "time": "bmo",
    "revenue": 5122200000,
    "revenueEstimated": 4819252110,
    "updatedFromDate": "2025-04-25",
    "fiscalDateEnding": "2020-09-30"
  },
  {
    "date": "2020-07-28",
    "symbol": "SHW",
    "eps": 2.37,
    "epsEstimated": 1.95,
    "time": "bmo",
    "revenue": 4604000000,
    "revenueEstimated": 3793436619,
    "updatedFromDate": "2025-04-25",
    "fiscalDateEnding": "2020-06-30"
  },
  {
    "date": "2020-04-29",
    "symbol": "SHW",
    "eps": 1.36,
    "epsEstimated": 1.31,
    "time": "bmo",
    "revenue": 4146700000,
    "revenueEstimated": 4004411274,
    "updatedFromDate": "2025-04-25",
    "fiscalDateEnding": "2020-03-31"
  },
  {
    "date": "2020-01-30",
    "symbol": "SHW",
    "eps": 1.42,
    "epsEstimated": 1.47,
    "time": "bmo",
    "revenue": 4114400000,
    "revenueEstimated": 4230056981,
    "updatedFromDate": "2025-04-25",
    "fiscalDateEnding": "2019-12-31"
  },
  {
    "date": "2019-10-22",
    "symbol": "SHW",
    "eps": 2.22,
    "epsEstimated": 2.16,
    "time": "bmo",
    "revenue": 4867650000,
    "revenueEstimated": 4743213834,
    "updatedFromDate": "2025-04-25",
    "fiscalDateEnding": "2019-09-30"
  },
  {
    "date": "2019-07-23",
    "symbol": "SHW",
    "eps": 2.19,
    "epsEstimated": 2.12,
    "time": "bmo",
    "revenue": 4877860000,
    "revenueEstimated": 4729371111,
    "updatedFromDate": "2025-04-25",
    "fiscalDateEnding": "2019-06-30"
  },
  {
    "date": "2019-04-23",
    "symbol": "SHW",
    "eps": 1.2,
    "epsEstimated": 1.21,
    "time": "bmo",
    "revenue": 4040861000,
    "revenueEstimated": 4108208683,
    "updatedFromDate": "2025-04-25",
    "fiscalDateEnding": "2019-03-31"
  },
  {
    "date": "2019-01-31",
    "symbol": "SHW",
    "eps": 1.18,
    "epsEstimated": 1.19,
    "time": "bmo",
    "revenue": 4064221000,
    "revenueEstimated": 4075701850,
    "updatedFromDate": "2025-04-25",
    "fiscalDateEnding": "2018-12-31"
  },
  {
    "date": "2018-10-25",
    "symbol": "SHW",
    "eps": 1.89,
    "epsEstimated": 1.9,
    "time": "bmo",
    "revenue": 4731470000,
    "revenueEstimated": 4781480633,
    "updatedFromDate": "2025-04-25",
    "fiscalDateEnding": "2018-09-30"
  },
  {
    "date": "2018-07-24",
    "symbol": "SHW",
    "eps": 1.91,
    "epsEstimated": 1.86,
    "time": "bmo",
    "revenue": 4773796000,
    "revenueEstimated": 4715481326,
    "updatedFromDate": "2025-04-25",
    "fiscalDateEnding": "2018-06-30"
  },
  {
    "date": "2018-04-24",
    "symbol": "SHW",
    "eps": 1.19,
    "epsEstimated": 1.05,
    "time": "bmo",
    "revenue": 3965006000,
    "revenueEstimated": 3476316526,
    "updatedFromDate": "2025-04-25",
    "fiscalDateEnding": "2018-03-31"
  },
  {
    "date": "2018-01-25",
    "symbol": "SHW",
    "eps": 0.98,
    "epsEstimated": 1.06,
    "time": "bmo",
    "revenue": 3979564000,
    "revenueEstimated": 3916631645,
    "updatedFromDate": "2025-04-25",
    "fiscalDateEnding": "2017-12-31"
  },
  {
    "date": "2017-10-24",
    "symbol": "SHW",
    "eps": 1.58,
    "epsEstimated": 1.57,
    "time": "bmo",
    "revenue": 4507020000,
    "revenueEstimated": 4412115789,
    "updatedFromDate": "2025-04-25",
    "fiscalDateEnding": "2017-09-30"
  },
  {
    "date": "2017-07-20",
    "symbol": "SHW",
    "eps": 1.51,
    "epsEstimated": 1.51,
    "time": "bmo",
    "revenue": 3735817000,
    "revenueEstimated": 3777125221,
    "updatedFromDate": "2025-04-25",
    "fiscalDateEnding": "2017-06-30"
  },
  {
    "date": "2017-04-20",
    "symbol": "SHW",
    "eps": 0.76,
    "epsEstimated": 0.69,
    "time": "bmo",
    "revenue": 2761387000,
    "revenueEstimated": 2200655938,
    "updatedFromDate": "2025-04-25",
    "fiscalDateEnding": "2017-03-31"
  },
  {
    "date": "2017-01-26",
    "symbol": "SHW",
    "eps": 0.81,
    "epsEstimated": 0.74,
    "time": "bmo",
    "revenue": 2782591000,
    "revenueEstimated": 2541134710,
    "updatedFromDate": "2025-04-25",
    "fiscalDateEnding": "2016-12-31"
  },
  {
    "date": "2016-10-25",
    "symbol": "SHW",
    "eps": 1.41,
    "epsEstimated": 1.44,
    "time": "bmo",
    "revenue": 3279462000,
    "revenueEstimated": 3349276595,
    "updatedFromDate": "2025-04-25",
    "fiscalDateEnding": "2016-09-30"
  },
  {
    "date": "2016-07-21",
    "symbol": "SHW",
    "eps": 1.35,
    "epsEstimated": 1.39,
    "time": "bmo",
    "revenue": 3219525000,
    "revenueEstimated": 3298798029,
    "updatedFromDate": "2025-04-25",
    "fiscalDateEnding": "2016-06-30"
  }
]