[
  {
    "date": "2026-02-25",
    "symbol": "SJM",
    "eps": null,
    "epsEstimated": null,
    "time": "bmo",
    "revenue": null,
    "revenueEstimated": null,
    "updatedFromDate": "2025-10-02",
    "fiscalDateEnding": "2026-01-31"
  },
  {
    "date": "2025-11-25",
    "symbol": "SJM",
    "eps": null,
    "epsEstimated": 2.13,
    "time": "bmo",
    "revenue": null,
    "revenueEstimated": 2316971810,
    "updatedFromDate": "2025-10-02",
    "fiscalDateEnding": "2025-10-31"
  },
  {
    "date": "2025-08-27",
    "symbol": "SJM",
    "eps": 1.9,
    "epsEstimated": 1.93,
    "time": "bmo",
    "revenue": 2113300000,
    "revenueEstimated": 2116311940,
    "updatedFromDate": "2025-10-02",
    "fiscalDateEnding": "2025-07-31"
  },
  {
    "date": "2025-06-10",
    "symbol": "SJM",
    "eps": 2.31,
    "epsEstimated": 2.24,
    "time": "bmo",
    "revenue": 2143800000,
    "revenueEstimated": 2184798893,
    "updatedFromDate": "2025-09-10",
    "fiscalDateEnding": "2025-04-30"
  },
  {
    "date": "2025-02-27",
    "symbol": "SJM",
    "eps": 2.61,
    "epsEstimated": 2.37,
    "time": "bmo",
    "revenue": 2186000000,
    "revenueEstimated": 2225076606,
    "updatedFromDate": "2025-05-27",
    "fiscalDateEnding": "2025-01-31"
  },
  {
    "date": "2024-11-26",
    "symbol": "SJM",
    "eps": 2.76,
    "epsEstimated": 2.5,
    "time": "bmo",
    "revenue": 2271200000,
    "revenueEstimated": 2266074368,
    "updatedFromDate": "2025-04-25",
    "fiscalDateEnding": "2024-10-31"
  },
  {
    "date": "2024-08-28",
    "symbol": "SJM",
    "eps": 2.44,
    "epsEstimated": 2.17,
    "time": "bmo",
    "revenue": 2125100000,
    "revenueEstimated": 2133422335,
    "updatedFromDate": "2025-04-25",
    "fiscalDateEnding": "2024-07-31"
  },
  {
    "date": "2024-06-06",
    "symbol": "SJM",
    "eps": 2.66,
    "epsEstimated": 2.33,
    "time": "bmo",
    "revenue": 2205700000,
    "revenueEstimated": 2241308952,
    "updatedFromDate": "2025-04-25",
    "fiscalDateEnding": "2024-04-30"
  },
  {
    "date": "2024-02-27",
    "symbol": "SJM",
    "eps": 2.48,
    "epsEstimated": 2.27,
    "time": "bmo",
    "revenue": 2229200000,
    "revenueEstimated": 2219980752,
    "updatedFromDate": "2025-04-25",
    "fiscalDateEnding": "2024-01-31"
  },
  {
    "date": "2023-12-05",
    "symbol": "SJM",
    "eps": 2.59,
    "epsEstimated": 2.47,
    "time": "bmo",
    "revenue": 1938600000,
    "revenueEstimated": 1950950000,
    "updatedFromDate": "2025-04-25",
    "fiscalDateEnding": "2023-10-31"
  },
  {
    "date": "2023-08-29",
    "symbol": "SJM",
    "eps": 2.21,
    "epsEstimated": 2.04,
    "time": "bmo",
    "revenue": 1805200000,
    "revenueEstimated": 1837550000,
    "updatedFromDate": "2025-04-25",
    "fiscalDateEnding": "2023-07-31"
  },
  {
    "date": "2023-06-06",
    "symbol": "SJM",
    "eps": 2.64,
    "epsEstimated": 2.42,
    "time": "bmo",
    "revenue": 2234800000,
    "revenueEstimated": 2174330000,
    "updatedFromDate": "2025-04-25",
    "fiscalDateEnding": "2023-04-30"
  },
  {
    "date": "2023-02-28",
    "symbol": "SJM",
    "eps": 2.21,
    "epsEstimated": 2.12,
    "time": "bmo",
    "revenue": 2216300000,
    "revenueEstimated": 2217518945,
    "updatedFromDate": "2025-04-25",
    "fiscalDateEnding": "2023-01-31"
  },
  {
    "date": "2022-11-21",
    "symbol": "SJM",
    "eps": 2.4,
    "epsEstimated": 2.19,
    "time": "bmo",
    "revenue": 2205100000,
    "revenueEstimated": 2174344636,
    "updatedFromDate": "2025-04-25",
    "fiscalDateEnding": "2022-10-31"
  },
  {
    "date": "2022-08-23",
    "symbol": "SJM",
    "eps": 1.67,
    "epsEstimated": 1.25,
    "time": "bmo",
    "revenue": 1873000000,
    "revenueEstimated": 1871756744,
    "updatedFromDate": "2025-04-25",
    "fiscalDateEnding": "2022-07-31"
  },
  {
    "date": "2022-06-07",
    "symbol": "SJM",
    "eps": 2.23,
    "epsEstimated": 1.88,
    "time": "bmo",
    "revenue": 2033800000,
    "revenueEstimated": 1977859757,
    "updatedFromDate": "2025-04-25",
    "fiscalDateEnding": "2022-04-30"
  },
  {
    "date": "2022-03-01",
    "symbol": "SJM",
    "eps": 2.33,
    "epsEstimated": 2.08,
    "time": "bmo",
    "revenue": 2057100000,
    "revenueEstimated": 2042604867,
    "updatedFromDate": "2025-04-25",
    "fiscalDateEnding": "2022-01-31"
  },
  {
    "date": "2021-11-23",
    "symbol": "SJM",
    "eps": 2.43,
    "epsEstimated": 2.05,
    "time": "bmo",
    "revenue": 2050000000,
    "revenueEstimated": 2046950000,
    "updatedFromDate": "2025-04-25",
    "fiscalDateEnding": "2021-10-31"
  },
  {
    "date": "2021-08-26",
    "symbol": "SJM",
    "eps": 1.9,
    "epsEstimated": 1.88,
    "time": "bmo",
    "revenue": 1858000000,
    "revenueEstimated": 1948030000,
    "updatedFromDate": "2025-04-25",
    "fiscalDateEnding": "2021-07-31"
  },
  {
    "date": "2021-06-03",
    "symbol": "SJM",
    "eps": 1.89,
    "epsEstimated": 1.68,
    "time": "bmo",
    "revenue": 1920200000,
    "revenueEstimated": 1667239520,
    "updatedFromDate": "2025-04-25",
    "fiscalDateEnding": "2021-04-30"
  },
  {
    "date": "2021-02-25",
    "symbol": "SJM",
    "eps": 2.45,
    "epsEstimated": 2.19,
    "time": "bmo",
    "revenue": 2076700000,
    "revenueEstimated": 1829534246,
    "updatedFromDate": "2025-04-25",
    "fiscalDateEnding": "2021-01-31"
  },
  {
    "date": "2020-11-24",
    "symbol": "SJM",
    "eps": 2.39,
    "epsEstimated": 2.23,
    "time": "bmo",
    "revenue": 2034000000,
    "revenueEstimated": 1888062780,
    "updatedFromDate": "2025-04-25",
    "fiscalDateEnding": "2020-10-31"
  },
  {
    "date": "2020-08-25",
    "symbol": "SJM",
    "eps": 2.37,
    "epsEstimated": 1.67,
    "time": "bmo",
    "revenue": 1971800000,
    "revenueEstimated": 1389411814,
    "updatedFromDate": "2025-04-25",
    "fiscalDateEnding": "2020-07-31"
  },
  {
    "date": "2020-06-04",
    "symbol": "SJM",
    "eps": 2.57,
    "epsEstimated": 2.29,
    "time": "bmo",
    "revenue": 2092000000,
    "revenueEstimated": 1864077821,
    "updatedFromDate": "2025-04-25",
    "fiscalDateEnding": "2020-04-30"
  },
  {
    "date": "2020-02-26",
    "symbol": "SJM",
    "eps": 2.35,
    "epsEstimated": 2.22,
    "time": "bmo",
    "revenue": 1972300000,
    "revenueEstimated": 1871586808,
    "updatedFromDate": "2025-04-25",
    "fiscalDateEnding": "2020-01-31"
  },
  {
    "date": "2019-11-22",
    "symbol": "SJM",
    "eps": 2.26,
    "epsEstimated": 2.13,
    "time": "bmo",
    "revenue": 1957800000,
    "revenueEstimated": 1845183185,
    "updatedFromDate": "2025-04-25",
    "fiscalDateEnding": "2019-10-31"
  },
  {
    "date": "2019-08-27",
    "symbol": "SJM",
    "eps": 1.58,
    "epsEstimated": 1.74,
    "time": "bmo",
    "revenue": 1778900000,
    "revenueEstimated": 1959041772,
    "updatedFromDate": "2025-04-25",
    "fiscalDateEnding": "2019-07-31"
  },
  {
    "date": "2019-06-06",
    "symbol": "SJM",
    "eps": 2.08,
    "epsEstimated": 1.97,
    "time": "bmo",
    "revenue": 1902100000,
    "revenueEstimated": 1783218750,
    "updatedFromDate": "2025-04-25",
    "fiscalDateEnding": "2019-04-30"
  },
  {
    "date": "2019-02-26",
    "symbol": "SJM",
    "eps": 2.26,
    "epsEstimated": 2.03,
    "time": "bmo",
    "revenue": 2011900000,
    "revenueEstimated": 1789344690,
    "updatedFromDate": "2025-04-25",
    "fiscalDateEnding": "2019-01-31"
  },
  {
    "date": "2018-11-28",
    "symbol": "SJM",
    "eps": 2.17,
    "epsEstimated": 2.33,
    "time": "bmo",
    "revenue": 2021500000,
    "revenueEstimated": 2179866359,
    "updatedFromDate": "2025-04-25",
    "fiscalDateEnding": "2018-10-31"
  },
  {
    "date": "2018-08-21",
    "symbol": "SJM",
    "eps": 1.78,
    "epsEstimated": 1.81,
    "time": "bmo",
    "revenue": 1902500000,
    "revenueEstimated": 1881123595,
    "updatedFromDate": "2025-04-25",
    "fiscalDateEnding": "2018-07-31"
  },
  {
    "date": "2018-06-07",
    "symbol": "SJM",
    "eps": 2.03,
    "epsEstimated": 2.18,
    "time": "bmo",
    "revenue": 1781300000,
    "revenueEstimated": 1912923152,
    "updatedFromDate": "2025-04-25",
    "fiscalDateEnding": "2018-04-30"
  },
  {
    "date": "2018-02-16",
    "symbol": "SJM",
    "eps": 2.5,
    "epsEstimated": 2.16,
    "time": "bmo",
    "revenue": 1903300000,
    "revenueEstimated": 1629224800,
    "updatedFromDate": "2025-04-25",
    "fiscalDateEnding": "2018-01-31"
  },
  {
    "date": "2017-11-16",
    "symbol": "SJM",
    "eps": 2.02,
    "epsEstimated": 1.9,
    "time": "bmo",
    "revenue": 1923600000,
    "revenueEstimated": 1809326732,
    "updatedFromDate": "2025-04-25",
    "fiscalDateEnding": "2017-10-31"
  },
  {
    "date": "2017-08-24",
    "symbol": "SJM",
    "eps": 1.51,
    "epsEstimated": 1.61,
    "time": "bmo",
    "revenue": 1748900000,
    "revenueEstimated": 1876303311,
    "updatedFromDate": "2025-04-25",
    "fiscalDateEnding": "2017-07-31"
  },
  {
    "date": "2017-06-08",
    "symbol": "SJM",
    "eps": 1.8,
    "epsEstimated": 1.73,
    "time": "bmo",
    "revenue": 1783800000,
    "revenueEstimated": 1704520000,
    "updatedFromDate": "2025-04-25",
    "fiscalDateEnding": "2017-04-30"
  },
  {
    "date": "2017-02-17",
    "symbol": "SJM",
    "eps": 2,
    "epsEstimated": 2,
    "time": "bmo",
    "revenue": 1878800000,
    "revenueEstimated": 1878800000,
    "updatedFromDate": "2025-04-25",
    "fiscalDateEnding": "2017-01-31"
  },
  {
    "date": "2016-11-17",
    "symbol": "SJM",
    "eps": 2.05,
    "epsEstimated": 1.94,
    "time": "bmo",
    "revenue": 1913900000,
    "revenueEstimated": 1801866829,
    "updatedFromDate": "2025-04-25",
    "fiscalDateEnding": "2016-10-31"
  },
  {
    "date": "2016-08-23",
    "symbol": "SJM",
    "eps": 1.86,
    "epsEstimated": 1.74,
    "time": "bmo",
    "revenue": 1815800000,
    "revenueEstimated": 1698651612,
    "updatedFromDate": "2025-04-25",
    "fiscalDateEnding": "2016-07-31"
  },
  {
    "date": "2016-06-09",
    "symbol": "SJM",
    "eps": 1.44,
    "epsEstimated": 1.2,
    "time": "bmo",
    "revenue": 1807600000,
    "revenueEstimated": 1506333333,
    "updatedFromDate": "2025-04-25",
    "fiscalDateEnding": "2016-04-30"
  }
]