[
  {
    "date": "2026-05-04",
    "symbol": "SMCI",
    "eps": null,
    "epsEstimated": null,
    "time": "amc",
    "revenue": null,
    "revenueEstimated": null,
    "updatedFromDate": "2025-10-02",
    "fiscalDateEnding": "2026-03-30"
  },
  {
    "date": "2026-02-24",
    "symbol": "SMCI",
    "eps": null,
    "epsEstimated": 0.47,
    "time": "amc",
    "revenue": null,
    "revenueEstimated": null,
    "updatedFromDate": "2025-10-02",
    "fiscalDateEnding": "2025-12-30"
  },
  {
    "date": "2025-11-10",
    "symbol": "SMCI",
    "eps": null,
    "epsEstimated": 0.458,
    "time": "amc",
    "revenue": null,
    "revenueEstimated": 6482790960,
    "updatedFromDate": "2025-10-02",
    "fiscalDateEnding": "2025-09-30"
  },
  {
    "date": "2025-08-05",
    "symbol": "SMCI",
    "eps": 0.41,
    "epsEstimated": 0.4451,
    "time": "amc",
    "revenue": 5756911000,
    "revenueEstimated": 5979851993,
    "updatedFromDate": "2025-10-02",
    "fiscalDateEnding": "2025-06-30"
  },
  {
    "date": "2025-05-06",
    "symbol": "SMCI",
    "eps": 0.31,
    "epsEstimated": 0.4104,
    "time": "amc",
    "revenue": 4599913000,
    "revenueEstimated": 5005205004,
    "updatedFromDate": "2025-09-09",
    "fiscalDateEnding": "2025-03-31"
  },
  {
    "date": "2024-08-06",
    "symbol": "SMCI",
    "eps": 0.63,
    "epsEstimated": 0.812,
    "time": "amc",
    "revenue": 5354589000,
    "revenueEstimated": 5317522631,
    "updatedFromDate": "2025-09-09",
    "fiscalDateEnding": "2024-06-30"
  },
  {
    "date": "2024-04-30",
    "symbol": "SMCI",
    "eps": 0.67,
    "epsEstimated": 0.58,
    "time": "amc",
    "revenue": 3850066000,
    "revenueEstimated": 5294180000,
    "updatedFromDate": "2025-09-09",
    "fiscalDateEnding": "2024-03-31"
  },
  {
    "date": "2024-01-29",
    "symbol": "SMCI",
    "eps": 0.56,
    "epsEstimated": 0.55,
    "time": "amc",
    "revenue": 3664924000,
    "revenueEstimated": 3055340000,
    "updatedFromDate": "2025-09-09",
    "fiscalDateEnding": "2023-12-31"
  },
  {
    "date": "2023-11-01",
    "symbol": "SMCI",
    "eps": 0.34,
    "epsEstimated": 0.32,
    "time": "amc",
    "revenue": 2119672000,
    "revenueEstimated": 2063960000,
    "updatedFromDate": "2025-09-09",
    "fiscalDateEnding": "2023-09-30"
  },
  {
    "date": "2023-08-08",
    "symbol": "SMCI",
    "eps": 0.35,
    "epsEstimated": 0.34,
    "time": "amc",
    "revenue": 2184861000,
    "revenueEstimated": 2083000000,
    "updatedFromDate": "2025-09-09",
    "fiscalDateEnding": "2023-06-30"
  },
  {
    "date": "2023-05-02",
    "symbol": "SMCI",
    "eps": 0.16,
    "epsEstimated": 0.17,
    "time": "amc",
    "revenue": 1283296000,
    "revenueEstimated": 1706310000,
    "updatedFromDate": "2025-09-09",
    "fiscalDateEnding": "2023-03-31"
  },
  {
    "date": "2023-01-31",
    "symbol": "SMCI",
    "eps": 0.33,
    "epsEstimated": 0.31,
    "time": "amc",
    "revenue": 1803195000,
    "revenueEstimated": 1747260000,
    "updatedFromDate": "2025-09-09",
    "fiscalDateEnding": "2022-12-31"
  },
  {
    "date": "2022-11-01",
    "symbol": "SMCI",
    "eps": 0.34,
    "epsEstimated": 0.31,
    "time": "amc",
    "revenue": 1852130000,
    "revenueEstimated": 1654274800,
    "updatedFromDate": "2025-09-09",
    "fiscalDateEnding": "2022-09-30"
  },
  {
    "date": "2022-08-09",
    "symbol": "SMCI",
    "eps": 0.26,
    "epsEstimated": 0.23,
    "time": "amc",
    "revenue": 1635460000,
    "revenueEstimated": 1556200000,
    "updatedFromDate": "2025-09-09",
    "fiscalDateEnding": "2022-06-30"
  },
  {
    "date": "2022-05-03",
    "symbol": "SMCI",
    "eps": 0.16,
    "epsEstimated": 0.15,
    "time": "amc",
    "revenue": 1355490000,
    "revenueEstimated": 1233600000,
    "updatedFromDate": "2025-09-09",
    "fiscalDateEnding": "2022-03-31"
  },
  {
    "date": "2022-02-01",
    "symbol": "SMCI",
    "eps": 0.09,
    "epsEstimated": 0.08,
    "time": "amc",
    "revenue": 1172419000,
    "revenueEstimated": 1152625000,
    "updatedFromDate": "2025-09-09",
    "fiscalDateEnding": "2021-12-31"
  },
  {
    "date": "2021-11-02",
    "symbol": "SMCI",
    "eps": 0.06,
    "epsEstimated": 0.03879,
    "time": "amc",
    "revenue": 1032730000,
    "revenueEstimated": 750132414,
    "updatedFromDate": "2025-09-09",
    "fiscalDateEnding": "2021-09-30"
  },
  {
    "date": "2021-08-10",
    "symbol": "SMCI",
    "eps": 0.08,
    "epsEstimated": 0.08,
    "time": "amc",
    "revenue": 1068985000,
    "revenueEstimated": 1068980000,
    "updatedFromDate": "2025-09-09",
    "fiscalDateEnding": "2021-06-30"
  },
  {
    "date": "2021-05-04",
    "symbol": "SMCI",
    "eps": 0.05,
    "epsEstimated": 0.05,
    "time": "amc",
    "revenue": 895881000,
    "revenueEstimated": 820820000,
    "updatedFromDate": "2025-09-09",
    "fiscalDateEnding": "2021-03-31"
  },
  {
    "date": "2021-02-02",
    "symbol": "SMCI",
    "eps": 0.06,
    "epsEstimated": 0.05,
    "time": "amc",
    "revenue": 830306000,
    "revenueEstimated": 821650000,
    "updatedFromDate": "2025-09-09",
    "fiscalDateEnding": "2020-12-31"
  },
  {
    "date": "2020-11-03",
    "symbol": "SMCI",
    "eps": 0.05,
    "epsEstimated": 0.01485,
    "time": "amc",
    "revenue": 762250000,
    "revenueEstimated": 986160937,
    "updatedFromDate": "2025-09-09",
    "fiscalDateEnding": "2020-09-30"
  },
  {
    "date": "2020-08-11",
    "symbol": "SMCI",
    "eps": 0.07,
    "epsEstimated": 0.05,
    "time": "amc",
    "revenue": 896126000,
    "revenueEstimated": 711629470,
    "updatedFromDate": "2025-09-09",
    "fiscalDateEnding": "2020-06-30"
  },
  {
    "date": "2020-05-07",
    "symbol": "SMCI",
    "eps": 0.08,
    "epsEstimated": 0.08,
    "time": "amc",
    "revenue": 772408000,
    "revenueEstimated": 73562666,
    "updatedFromDate": "2025-09-09",
    "fiscalDateEnding": "2020-03-31"
  },
  {
    "date": "2020-02-06",
    "symbol": "SMCI",
    "eps": 0.06,
    "epsEstimated": 0.68,
    "time": "amc",
    "revenue": 870943000,
    "revenueEstimated": 1039019719,
    "updatedFromDate": "2025-09-09",
    "fiscalDateEnding": "2019-12-31"
  },
  {
    "date": "2019-12-20",
    "symbol": "SMCI",
    "eps": 0.59,
    "epsEstimated": 0.63,
    "time": "bmo",
    "revenue": 799804000,
    "revenueEstimated": 854028000,
    "updatedFromDate": "2025-09-09",
    "fiscalDateEnding": "2019-09-30"
  },
  {
    "date": "2019-12-19",
    "symbol": "SMCI",
    "eps": 0.04585,
    "epsEstimated": null,
    "time": "amc",
    "revenue": 854234000,
    "revenueEstimated": null,
    "updatedFromDate": "2025-09-09",
    "fiscalDateEnding": "2019-06-30"
  },
  {
    "date": "2019-12-19",
    "symbol": "SMCI",
    "eps": 0.02065,
    "epsEstimated": null,
    "time": "amc",
    "revenue": 743499000,
    "revenueEstimated": null,
    "updatedFromDate": "2025-09-09",
    "fiscalDateEnding": "2019-03-31"
  },
  {
    "date": "2019-12-19",
    "symbol": "SMCI",
    "eps": 0.03704,
    "epsEstimated": null,
    "time": "amc",
    "revenue": 971118000,
    "revenueEstimated": null,
    "updatedFromDate": "2025-09-09",
    "fiscalDateEnding": "2018-09-30"
  },
  {
    "date": "2019-12-19",
    "symbol": "SMCI",
    "eps": 0.03586,
    "epsEstimated": null,
    "time": "amc",
    "revenue": 931509000,
    "revenueEstimated": null,
    "updatedFromDate": "2025-09-09",
    "fiscalDateEnding": "2018-12-31"
  },
  {
    "date": "2019-05-16",
    "symbol": "SMCI",
    "eps": 0.03303,
    "epsEstimated": null,
    "time": "amc",
    "revenue": 717869000,
    "revenueEstimated": null,
    "updatedFromDate": "2025-09-09",
    "fiscalDateEnding": "2017-06-30"
  },
  {
    "date": "2018-06-30",
    "symbol": "SMCI",
    "eps": 0.05035,
    "epsEstimated": null,
    "time": "amc",
    "revenue": 981662000,
    "revenueEstimated": null,
    "updatedFromDate": "2025-09-09",
    "fiscalDateEnding": "2018-06-30"
  },
  {
    "date": "2018-03-31",
    "symbol": "SMCI",
    "eps": 0.02824,
    "epsEstimated": null,
    "time": "amc",
    "revenue": 835110000,
    "revenueEstimated": null,
    "updatedFromDate": "2025-09-09",
    "fiscalDateEnding": "2018-03-31"
  },
  {
    "date": "2017-12-31",
    "symbol": "SMCI",
    "eps": -0.00159,
    "epsEstimated": null,
    "time": "amc",
    "revenue": 826983000,
    "revenueEstimated": null,
    "updatedFromDate": "2025-09-09",
    "fiscalDateEnding": "2017-12-31"
  },
  {
    "date": "2017-09-30",
    "symbol": "SMCI",
    "eps": 0.01159,
    "epsEstimated": null,
    "time": "amc",
    "revenue": 716737000,
    "revenueEstimated": null,
    "updatedFromDate": "2025-09-09",
    "fiscalDateEnding": "2017-09-30"
  },
  {
    "date": "2017-04-27",
    "symbol": "SMCI",
    "eps": 0.04,
    "epsEstimated": 0.04045,
    "time": "amc",
    "revenue": 631124000,
    "revenueEstimated": 614800000,
    "updatedFromDate": "2025-09-09",
    "fiscalDateEnding": "2017-03-31"
  },
  {
    "date": "2017-01-26",
    "symbol": "SMCI",
    "eps": 0.05,
    "epsEstimated": 0.05,
    "time": "amc",
    "revenue": 651954000,
    "revenueEstimated": 635566666,
    "updatedFromDate": "2025-09-09",
    "fiscalDateEnding": "2016-12-31"
  },
  {
    "date": "2016-10-27",
    "symbol": "SMCI",
    "eps": 0.03,
    "epsEstimated": 0.01795,
    "time": "amc",
    "revenue": 528968000,
    "revenueEstimated": 413430250,
    "updatedFromDate": "2025-09-09",
    "fiscalDateEnding": "2016-09-30"
  },
  {
    "date": "2016-08-04",
    "symbol": "SMCI",
    "eps": 0.02,
    "epsEstimated": 0.02071,
    "time": "amc",
    "revenue": 524270000,
    "revenueEstimated": 557759999,
    "updatedFromDate": "2025-09-09",
    "fiscalDateEnding": "2016-06-30"
  },
  {
    "date": "2016-04-28",
    "symbol": "SMCI",
    "eps": 0.04,
    "epsEstimated": 0.03826,
    "time": "amc",
    "revenue": 532721000,
    "revenueEstimated": 484972222,
    "updatedFromDate": "2025-09-09",
    "fiscalDateEnding": "2016-03-31"
  },
  {
    "date": "2016-01-28",
    "symbol": "SMCI",
    "eps": 0.07,
    "epsEstimated": 0.07,
    "time": "amc",
    "revenue": 638964000,
    "revenueEstimated": 579715068,
    "updatedFromDate": "2025-09-09",
    "fiscalDateEnding": "2015-12-31"
  }
]