[
  {
    "date": "2026-04-15",
    "symbol": "SNA",
    "eps": null,
    "epsEstimated": null,
    "time": "bmo",
    "revenue": null,
    "revenueEstimated": null,
    "updatedFromDate": "2025-10-02",
    "fiscalDateEnding": "2026-03-28"
  },
  {
    "date": "2026-02-04",
    "symbol": "SNA",
    "eps": null,
    "epsEstimated": null,
    "time": "bmo",
    "revenue": null,
    "revenueEstimated": null,
    "updatedFromDate": "2025-10-02",
    "fiscalDateEnding": "2025-12-28"
  },
  {
    "date": "2025-10-16",
    "symbol": "SNA",
    "eps": null,
    "epsEstimated": 4.58,
    "time": "bmo",
    "revenue": null,
    "revenueEstimated": 1159287140,
    "updatedFromDate": "2025-10-02",
    "fiscalDateEnding": "2025-09-28"
  },
  {
    "date": "2025-07-17",
    "symbol": "SNA",
    "eps": 4.72,
    "epsEstimated": 4.63,
    "time": "bmo",
    "revenue": 1281100000,
    "revenueEstimated": 1156483250,
    "updatedFromDate": "2025-10-02",
    "fiscalDateEnding": "2025-06-28"
  },
  {
    "date": "2025-04-17",
    "symbol": "SNA",
    "eps": 4.51,
    "epsEstimated": 4.81,
    "time": "bmo",
    "revenue": 1141100000,
    "revenueEstimated": 1195522056,
    "updatedFromDate": "2025-07-17",
    "fiscalDateEnding": "2025-03-29"
  },
  {
    "date": "2025-02-06",
    "symbol": "SNA",
    "eps": 4.82,
    "epsEstimated": 4.78,
    "time": "bmo",
    "revenue": 1198700000,
    "revenueEstimated": 1196798213,
    "updatedFromDate": "2025-05-06",
    "fiscalDateEnding": "2024-12-28"
  },
  {
    "date": "2024-10-17",
    "symbol": "SNA",
    "eps": 4.7,
    "epsEstimated": 4.59,
    "time": "bmo",
    "revenue": 1147000000,
    "revenueEstimated": 1157177167,
    "updatedFromDate": "2025-04-25",
    "fiscalDateEnding": "2024-09-28"
  },
  {
    "date": "2024-07-18",
    "symbol": "SNA",
    "eps": 5.07,
    "epsEstimated": 4.94,
    "time": "bmo",
    "revenue": 1279900000,
    "revenueEstimated": 1196968367,
    "updatedFromDate": "2025-04-25",
    "fiscalDateEnding": "2024-06-29"
  },
  {
    "date": "2024-04-18",
    "symbol": "SNA",
    "eps": 4.75,
    "epsEstimated": 4.64,
    "time": "bmo",
    "revenue": 1281900000,
    "revenueEstimated": 1201004893,
    "updatedFromDate": "2025-04-25",
    "fiscalDateEnding": "2024-03-30"
  },
  {
    "date": "2024-02-08",
    "symbol": "SNA",
    "eps": 4.75,
    "epsEstimated": 4.66,
    "time": "bmo",
    "revenue": 1293800000,
    "revenueEstimated": 1202230000,
    "updatedFromDate": "2025-04-25",
    "fiscalDateEnding": "2023-12-30"
  },
  {
    "date": "2023-10-19",
    "symbol": "SNA",
    "eps": 4.51,
    "epsEstimated": 4.44,
    "time": "bmo",
    "revenue": 1159300000,
    "revenueEstimated": 1141220000,
    "updatedFromDate": "2025-04-25",
    "fiscalDateEnding": "2023-09-30"
  },
  {
    "date": "2023-07-20",
    "symbol": "SNA",
    "eps": 4.89,
    "epsEstimated": 4.58,
    "time": "bmo",
    "revenue": 1191300000,
    "revenueEstimated": 1189980000,
    "updatedFromDate": "2025-04-25",
    "fiscalDateEnding": "2023-07-01"
  },
  {
    "date": "2023-04-20",
    "symbol": "SNA",
    "eps": 4.6,
    "epsEstimated": 4.15,
    "time": "bmo",
    "revenue": 1183000000,
    "revenueEstimated": 1133560000,
    "updatedFromDate": "2025-04-25",
    "fiscalDateEnding": "2023-04-01"
  },
  {
    "date": "2023-02-02",
    "symbol": "SNA",
    "eps": 4.42,
    "epsEstimated": 4.2,
    "time": "bmo",
    "revenue": 1155900000,
    "revenueEstimated": 1153976250,
    "updatedFromDate": "2025-04-25",
    "fiscalDateEnding": "2022-12-31"
  },
  {
    "date": "2022-10-20",
    "symbol": "SNA",
    "eps": 4.14,
    "epsEstimated": 3.86,
    "time": "bmo",
    "revenue": 1102500000,
    "revenueEstimated": 1072718208,
    "updatedFromDate": "2025-04-25",
    "fiscalDateEnding": "2022-10-01"
  },
  {
    "date": "2022-07-21",
    "symbol": "SNA",
    "eps": 4.27,
    "epsEstimated": 3.95,
    "time": "bmo",
    "revenue": 1136600000,
    "revenueEstimated": 1104727288,
    "updatedFromDate": "2025-04-25",
    "fiscalDateEnding": "2022-07-02"
  },
  {
    "date": "2022-04-21",
    "symbol": "SNA",
    "eps": 4,
    "epsEstimated": 3.66,
    "time": "bmo",
    "revenue": 1097800000,
    "revenueEstimated": 1055911644,
    "updatedFromDate": "2025-04-25",
    "fiscalDateEnding": "2022-04-02"
  },
  {
    "date": "2022-02-03",
    "symbol": "SNA",
    "eps": 4.1,
    "epsEstimated": 3.69,
    "time": "bmo",
    "revenue": 1108300000,
    "revenueEstimated": 1095386251,
    "updatedFromDate": "2025-04-25",
    "fiscalDateEnding": "2022-01-01"
  },
  {
    "date": "2021-10-21",
    "symbol": "SNA",
    "eps": 3.57,
    "epsEstimated": 3.38,
    "time": "bmo",
    "revenue": 1037700000,
    "revenueEstimated": 1005500000,
    "updatedFromDate": "2025-04-25",
    "fiscalDateEnding": "2021-10-02"
  },
  {
    "date": "2021-07-22",
    "symbol": "SNA",
    "eps": 3.76,
    "epsEstimated": 3.22,
    "time": "bmo",
    "revenue": 1081400000,
    "revenueEstimated": 1003500000,
    "updatedFromDate": "2025-04-25",
    "fiscalDateEnding": "2021-07-03"
  },
  {
    "date": "2021-04-22",
    "symbol": "SNA",
    "eps": 3.5,
    "epsEstimated": 3.06,
    "time": "bmo",
    "revenue": 1024600000,
    "revenueEstimated": 935370000,
    "updatedFromDate": "2025-04-25",
    "fiscalDateEnding": "2021-04-03"
  },
  {
    "date": "2021-02-04",
    "symbol": "SNA",
    "eps": 3.84,
    "epsEstimated": 2.95,
    "time": "bmo",
    "revenue": 1074400000,
    "revenueEstimated": 942510000,
    "updatedFromDate": "2025-04-25",
    "fiscalDateEnding": "2021-01-02"
  },
  {
    "date": "2020-10-22",
    "symbol": "SNA",
    "eps": 3.28,
    "epsEstimated": 2.16,
    "time": "bmo",
    "revenue": 941600000,
    "revenueEstimated": 620078048,
    "updatedFromDate": "2025-04-25",
    "fiscalDateEnding": "2020-09-26"
  },
  {
    "date": "2020-07-31",
    "symbol": "SNA",
    "eps": 1.91,
    "epsEstimated": 1.83,
    "time": "bmo",
    "revenue": 724300000,
    "revenueEstimated": 775019371,
    "updatedFromDate": "2025-04-25",
    "fiscalDateEnding": "2020-06-27"
  },
  {
    "date": "2020-04-21",
    "symbol": "SNA",
    "eps": 2.6,
    "epsEstimated": 2.7,
    "time": "bmo",
    "revenue": 852200000,
    "revenueEstimated": 974180769,
    "updatedFromDate": "2025-04-25",
    "fiscalDateEnding": "2020-03-28"
  },
  {
    "date": "2020-02-06",
    "symbol": "SNA",
    "eps": 3.08,
    "epsEstimated": 3.08,
    "time": "bmo",
    "revenue": 955200000,
    "revenueEstimated": 1039100000,
    "updatedFromDate": "2025-04-25",
    "fiscalDateEnding": "2019-12-28"
  },
  {
    "date": "2019-10-17",
    "symbol": "SNA",
    "eps": 2.96,
    "epsEstimated": 2.94,
    "time": "bmo",
    "revenue": 901800000,
    "revenueEstimated": 979238513,
    "updatedFromDate": "2025-04-25",
    "fiscalDateEnding": "2019-09-28"
  },
  {
    "date": "2019-07-18",
    "symbol": "SNA",
    "eps": 3.22,
    "epsEstimated": 3.21,
    "time": "bmo",
    "revenue": 951300000,
    "revenueEstimated": 1032184472,
    "updatedFromDate": "2025-04-25",
    "fiscalDateEnding": "2019-06-29"
  },
  {
    "date": "2019-04-18",
    "symbol": "SNA",
    "eps": 3.01,
    "epsEstimated": 2.9,
    "time": "bmo",
    "revenue": 921700000,
    "revenueEstimated": 970488372,
    "updatedFromDate": "2025-04-25",
    "fiscalDateEnding": "2019-03-30"
  },
  {
    "date": "2019-02-07",
    "symbol": "SNA",
    "eps": 3.03,
    "epsEstimated": 3.02,
    "time": "bmo",
    "revenue": 952500000,
    "revenueEstimated": 1031783498,
    "updatedFromDate": "2025-04-25",
    "fiscalDateEnding": "2018-12-29"
  },
  {
    "date": "2018-10-18",
    "symbol": "SNA",
    "eps": 2.88,
    "epsEstimated": 2.86,
    "time": "bmo",
    "revenue": 898100000,
    "revenueEstimated": 973293750,
    "updatedFromDate": "2025-04-25",
    "fiscalDateEnding": "2018-09-29"
  },
  {
    "date": "2018-07-19",
    "symbol": "SNA",
    "eps": 3.11,
    "epsEstimated": 2.95,
    "time": "bmo",
    "revenue": 954600000,
    "revenueEstimated": 983270096,
    "updatedFromDate": "2025-04-25",
    "fiscalDateEnding": "2018-06-30"
  },
  {
    "date": "2018-04-19",
    "symbol": "SNA",
    "eps": 2.79,
    "epsEstimated": 2.72,
    "time": "bmo",
    "revenue": 935500000,
    "revenueEstimated": 992946236,
    "updatedFromDate": "2025-04-25",
    "fiscalDateEnding": "2018-03-31"
  },
  {
    "date": "2018-02-08",
    "symbol": "SNA",
    "eps": 2.69,
    "epsEstimated": 2.66,
    "time": "bmo",
    "revenue": 974600000,
    "revenueEstimated": 1042739776,
    "updatedFromDate": "2025-04-25",
    "fiscalDateEnding": "2017-12-30"
  },
  {
    "date": "2017-10-19",
    "symbol": "SNA",
    "eps": 2.45,
    "epsEstimated": 2.42,
    "time": "bmo",
    "revenue": 903800000,
    "revenueEstimated": 970765714,
    "updatedFromDate": "2025-04-25",
    "fiscalDateEnding": "2017-09-30"
  },
  {
    "date": "2017-07-20",
    "symbol": "SNA",
    "eps": 2.6,
    "epsEstimated": 2.55,
    "time": "bmo",
    "revenue": 921400000,
    "revenueEstimated": 979886538,
    "updatedFromDate": "2025-04-25",
    "fiscalDateEnding": "2017-07-01"
  },
  {
    "date": "2017-04-20",
    "symbol": "SNA",
    "eps": 2.39,
    "epsEstimated": 2.36,
    "time": "bmo",
    "revenue": 887100000,
    "revenueEstimated": 951800836,
    "updatedFromDate": "2025-04-25",
    "fiscalDateEnding": "2017-04-01"
  },
  {
    "date": "2017-02-02",
    "symbol": "SNA",
    "eps": 2.47,
    "epsEstimated": 2.41,
    "time": "bmo",
    "revenue": 889800000,
    "revenueEstimated": 940582995,
    "updatedFromDate": "2025-04-25",
    "fiscalDateEnding": "2016-12-31"
  },
  {
    "date": "2016-10-20",
    "symbol": "SNA",
    "eps": 2.22,
    "epsEstimated": 2.15,
    "time": "bmo",
    "revenue": 834100000,
    "revenueEstimated": 877141891,
    "updatedFromDate": "2025-04-25",
    "fiscalDateEnding": "2016-10-01"
  },
  {
    "date": "2016-07-21",
    "symbol": "SNA",
    "eps": 2.36,
    "epsEstimated": 2.23,
    "time": "bmo",
    "revenue": 872300000,
    "revenueEstimated": 889732203,
    "updatedFromDate": "2025-04-25",
    "fiscalDateEnding": "2016-07-02"
  }
]