[
  {
    "date": "2026-05-26",
    "symbol": "SNPS",
    "eps": null,
    "epsEstimated": null,
    "time": "amc",
    "revenue": null,
    "revenueEstimated": null,
    "updatedFromDate": "2025-09-19",
    "fiscalDateEnding": "2026-04-30"
  },
  {
    "date": "2026-02-24",
    "symbol": "SNPS",
    "eps": null,
    "epsEstimated": null,
    "time": "amc",
    "revenue": null,
    "revenueEstimated": null,
    "updatedFromDate": "2025-09-19",
    "fiscalDateEnding": "2026-01-31"
  },
  {
    "date": "2025-12-03",
    "symbol": "SNPS",
    "eps": null,
    "epsEstimated": 2.78,
    "time": "amc",
    "revenue": null,
    "revenueEstimated": 2249693980,
    "updatedFromDate": "2025-09-19",
    "fiscalDateEnding": "2025-10-31"
  },
  {
    "date": "2025-09-09",
    "symbol": "SNPS",
    "eps": 3.39,
    "epsEstimated": 3.8,
    "time": "amc",
    "revenue": 1739737000,
    "revenueEstimated": 1768431957,
    "updatedFromDate": "2025-09-19",
    "fiscalDateEnding": "2025-07-31"
  },
  {
    "date": "2025-05-28",
    "symbol": "SNPS",
    "eps": 3.67,
    "epsEstimated": 3.39,
    "time": "amc",
    "revenue": 1602984000,
    "revenueEstimated": 1600128362,
    "updatedFromDate": "2025-08-11",
    "fiscalDateEnding": "2025-04-30"
  },
  {
    "date": "2025-02-26",
    "symbol": "SNPS",
    "eps": 3.03,
    "epsEstimated": 2.79,
    "time": "amc",
    "revenue": 1455315000,
    "revenueEstimated": 1451664346,
    "updatedFromDate": "2025-05-26",
    "fiscalDateEnding": "2025-01-31"
  },
  {
    "date": "2024-12-04",
    "symbol": "SNPS",
    "eps": 3.4,
    "epsEstimated": 3.3,
    "time": "amc",
    "revenue": 1635986000,
    "revenueEstimated": 1630878385,
    "updatedFromDate": "2025-04-04",
    "fiscalDateEnding": "2024-10-31"
  },
  {
    "date": "2024-08-21",
    "symbol": "SNPS",
    "eps": 3.43,
    "epsEstimated": 3.28,
    "time": "amc",
    "revenue": 1525749000,
    "revenueEstimated": 1520081951,
    "updatedFromDate": "2025-04-04",
    "fiscalDateEnding": "2024-07-31"
  },
  {
    "date": "2024-05-22",
    "symbol": "SNPS",
    "eps": 3,
    "epsEstimated": 2.95,
    "time": "amc",
    "revenue": 1455731000,
    "revenueEstimated": 1441073393,
    "updatedFromDate": "2025-04-04",
    "fiscalDateEnding": "2024-04-30"
  },
  {
    "date": "2024-02-21",
    "symbol": "SNPS",
    "eps": 3.56,
    "epsEstimated": 3.43,
    "time": "amc",
    "revenue": 1649230000,
    "revenueEstimated": 1645196906,
    "updatedFromDate": "2025-04-04",
    "fiscalDateEnding": "2024-01-31"
  },
  {
    "date": "2023-11-29",
    "symbol": "SNPS",
    "eps": 3.17,
    "epsEstimated": 3.04,
    "time": "amc",
    "revenue": 1599128000,
    "revenueEstimated": 1584590000,
    "updatedFromDate": "2025-04-04",
    "fiscalDateEnding": "2023-10-31"
  },
  {
    "date": "2023-08-16",
    "symbol": "SNPS",
    "eps": 2.88,
    "epsEstimated": 2.73,
    "time": "amc",
    "revenue": 1487288000,
    "revenueEstimated": 1584590000,
    "updatedFromDate": "2025-04-04",
    "fiscalDateEnding": "2023-07-31"
  },
  {
    "date": "2023-05-17",
    "symbol": "SNPS",
    "eps": 2.54,
    "epsEstimated": 2.47,
    "time": "amc",
    "revenue": 1394863000,
    "revenueEstimated": 1379650000,
    "updatedFromDate": "2025-04-04",
    "fiscalDateEnding": "2023-04-30"
  },
  {
    "date": "2023-02-15",
    "symbol": "SNPS",
    "eps": 2.62,
    "epsEstimated": 2.5,
    "time": "amc",
    "revenue": 1361340000,
    "revenueEstimated": 1357858773,
    "updatedFromDate": "2025-04-04",
    "fiscalDateEnding": "2023-01-31"
  },
  {
    "date": "2022-11-30",
    "symbol": "SNPS",
    "eps": 1.91,
    "epsEstimated": 1.84,
    "time": "amc",
    "revenue": 1284292000,
    "revenueEstimated": 1281537038,
    "updatedFromDate": "2025-04-04",
    "fiscalDateEnding": "2022-10-31"
  },
  {
    "date": "2022-08-17",
    "symbol": "SNPS",
    "eps": 2.1,
    "epsEstimated": 2.04,
    "time": "amc",
    "revenue": 1247766000,
    "revenueEstimated": 1214212551,
    "updatedFromDate": "2025-04-04",
    "fiscalDateEnding": "2022-07-31"
  },
  {
    "date": "2022-05-18",
    "symbol": "SNPS",
    "eps": 2.5,
    "epsEstimated": 2.37,
    "time": "amc",
    "revenue": 1279229000,
    "revenueEstimated": 1257744550,
    "updatedFromDate": "2025-04-04",
    "fiscalDateEnding": "2022-04-30"
  },
  {
    "date": "2022-02-16",
    "symbol": "SNPS",
    "eps": 2.4,
    "epsEstimated": 2.37,
    "time": "amc",
    "revenue": 1270255000,
    "revenueEstimated": 1266536280,
    "updatedFromDate": "2025-04-04",
    "fiscalDateEnding": "2022-01-31"
  },
  {
    "date": "2021-12-01",
    "symbol": "SNPS",
    "eps": 1.82,
    "epsEstimated": 1.78,
    "time": "amc",
    "revenue": 1152419000,
    "revenueEstimated": 1266520000,
    "updatedFromDate": "2025-04-04",
    "fiscalDateEnding": "2021-10-31"
  },
  {
    "date": "2021-08-18",
    "symbol": "SNPS",
    "eps": 1.81,
    "epsEstimated": 1.78,
    "time": "amc",
    "revenue": 1057130000,
    "revenueEstimated": 1143120000,
    "updatedFromDate": "2025-04-04",
    "fiscalDateEnding": "2021-07-31"
  },
  {
    "date": "2021-05-19",
    "symbol": "SNPS",
    "eps": 1.7,
    "epsEstimated": 1.52,
    "time": "amc",
    "revenue": 1024323000,
    "revenueEstimated": 992260000,
    "updatedFromDate": "2025-04-04",
    "fiscalDateEnding": "2021-04-30"
  },
  {
    "date": "2021-02-17",
    "symbol": "SNPS",
    "eps": 1.52,
    "epsEstimated": 1.45,
    "time": "amc",
    "revenue": 970321000,
    "revenueEstimated": 958440000,
    "updatedFromDate": "2025-04-04",
    "fiscalDateEnding": "2021-01-31"
  },
  {
    "date": "2020-12-02",
    "symbol": "SNPS",
    "eps": 1.58,
    "epsEstimated": 1.58,
    "time": "amc",
    "revenue": 1025439000,
    "revenueEstimated": 1025439000,
    "updatedFromDate": "2025-04-04",
    "fiscalDateEnding": "2020-10-31"
  },
  {
    "date": "2020-08-19",
    "symbol": "SNPS",
    "eps": 1.74,
    "epsEstimated": 1.35,
    "time": "amc",
    "revenue": 964134000,
    "revenueEstimated": 748035000,
    "updatedFromDate": "2025-04-04",
    "fiscalDateEnding": "2020-07-31"
  },
  {
    "date": "2020-05-20",
    "symbol": "SNPS",
    "eps": 1.22,
    "epsEstimated": 0.99,
    "time": "amc",
    "revenue": 861327000,
    "revenueEstimated": 698945680,
    "updatedFromDate": "2025-04-04",
    "fiscalDateEnding": "2020-04-30"
  },
  {
    "date": "2020-02-19",
    "symbol": "SNPS",
    "eps": 1.01,
    "epsEstimated": 0.92,
    "time": "amc",
    "revenue": 834381000,
    "revenueEstimated": 760030217,
    "updatedFromDate": "2025-04-04",
    "fiscalDateEnding": "2020-01-31"
  },
  {
    "date": "2019-12-04",
    "symbol": "SNPS",
    "eps": 1.15,
    "epsEstimated": 1.13,
    "time": "amc",
    "revenue": 851081000,
    "revenueEstimated": 836279591,
    "updatedFromDate": "2025-04-04",
    "fiscalDateEnding": "2019-10-31"
  },
  {
    "date": "2019-08-21",
    "symbol": "SNPS",
    "eps": 1.18,
    "epsEstimated": 1.1,
    "time": "amc",
    "revenue": 852970000,
    "revenueEstimated": 795141525,
    "updatedFromDate": "2025-04-04",
    "fiscalDateEnding": "2019-07-31"
  },
  {
    "date": "2019-05-22",
    "symbol": "SNPS",
    "eps": 1.16,
    "epsEstimated": 1.09,
    "time": "amc",
    "revenue": 836242000,
    "revenueEstimated": 792988103,
    "updatedFromDate": "2025-04-04",
    "fiscalDateEnding": "2019-04-30"
  },
  {
    "date": "2019-02-20",
    "symbol": "SNPS",
    "eps": 1.08,
    "epsEstimated": 0.97,
    "time": "amc",
    "revenue": 798057000,
    "revenueEstimated": 736841638,
    "updatedFromDate": "2025-04-04",
    "fiscalDateEnding": "2019-01-31"
  },
  {
    "date": "2018-12-05",
    "symbol": "SNPS",
    "eps": 0.78,
    "epsEstimated": 0.78,
    "time": "amc",
    "revenue": 795082000,
    "revenueEstimated": 795082000,
    "updatedFromDate": "2025-04-04",
    "fiscalDateEnding": "2018-10-31"
  },
  {
    "date": "2018-08-22",
    "symbol": "SNPS",
    "eps": 0.95,
    "epsEstimated": 0.92,
    "time": "amc",
    "revenue": 779714000,
    "revenueEstimated": 755077894,
    "updatedFromDate": "2025-04-04",
    "fiscalDateEnding": "2018-07-31"
  },
  {
    "date": "2018-05-23",
    "symbol": "SNPS",
    "eps": 1.08,
    "epsEstimated": 1.08,
    "time": "amc",
    "revenue": 776836000,
    "revenueEstimated": 776800000,
    "updatedFromDate": "2025-04-04",
    "fiscalDateEnding": "2018-04-30"
  },
  {
    "date": "2018-02-21",
    "symbol": "SNPS",
    "eps": 1.1,
    "epsEstimated": 1,
    "time": "amc",
    "revenue": 769426000,
    "revenueEstimated": 699454545,
    "updatedFromDate": "2025-04-04",
    "fiscalDateEnding": "2018-01-31"
  },
  {
    "date": "2017-11-29",
    "symbol": "SNPS",
    "eps": 0.69,
    "epsEstimated": 0.57,
    "time": "amc",
    "revenue": 696644000,
    "revenueEstimated": 575452173,
    "updatedFromDate": "2025-04-04",
    "fiscalDateEnding": "2017-10-31"
  },
  {
    "date": "2017-08-16",
    "symbol": "SNPS",
    "eps": 0.92,
    "epsEstimated": 0.92,
    "time": "bmo",
    "revenue": 695381000,
    "revenueEstimated": 695400000,
    "updatedFromDate": "2025-04-04",
    "fiscalDateEnding": "2017-07-31"
  },
  {
    "date": "2017-05-17",
    "symbol": "SNPS",
    "eps": 0.88,
    "epsEstimated": 0.86,
    "time": "amc",
    "revenue": 680069000,
    "revenueEstimated": 664643181,
    "updatedFromDate": "2025-04-04",
    "fiscalDateEnding": "2017-04-30"
  },
  {
    "date": "2017-02-15",
    "symbol": "SNPS",
    "eps": 0.94,
    "epsEstimated": 0.78,
    "time": "amc",
    "revenue": 652786000,
    "revenueEstimated": 541685106,
    "updatedFromDate": "2025-04-04",
    "fiscalDateEnding": "2017-01-31"
  },
  {
    "date": "2016-11-30",
    "symbol": "SNPS",
    "eps": 0.77,
    "epsEstimated": 0.77,
    "time": "amc",
    "revenue": 633719000,
    "revenueEstimated": 633700000,
    "updatedFromDate": "2025-04-04",
    "fiscalDateEnding": "2016-10-31"
  },
  {
    "date": "2016-08-17",
    "symbol": "SNPS",
    "eps": 0.76,
    "epsEstimated": 0.74,
    "time": "amc",
    "revenue": 615204000,
    "revenueEstimated": 599010526,
    "updatedFromDate": "2025-04-04",
    "fiscalDateEnding": "2016-07-31"
  }
]