[
  {
    "date": "2026-05-06",
    "symbol": "SOLV",
    "eps": null,
    "epsEstimated": null,
    "time": "amc",
    "revenue": null,
    "revenueEstimated": null,
    "updatedFromDate": "2025-09-22",
    "fiscalDateEnding": "2026-03-30"
  },
  {
    "date": "2026-02-23",
    "symbol": "SOLV",
    "eps": null,
    "epsEstimated": null,
    "time": "amc",
    "revenue": null,
    "revenueEstimated": null,
    "updatedFromDate": "2025-09-22",
    "fiscalDateEnding": "2025-12-30"
  },
  {
    "date": "2025-11-06",
    "symbol": "SOLV",
    "eps": null,
    "epsEstimated": 1.41,
    "time": "bmo",
    "revenue": null,
    "revenueEstimated": 2045828670,
    "updatedFromDate": "2025-09-22",
    "fiscalDateEnding": "2025-09-30"
  },
  {
    "date": "2025-08-07",
    "symbol": "SOLV",
    "eps": 1.69,
    "epsEstimated": 1.45,
    "time": "amc",
    "revenue": 2161000000,
    "revenueEstimated": 2119294111,
    "updatedFromDate": "2025-09-22",
    "fiscalDateEnding": "2025-06-30"
  },
  {
    "date": "2025-05-08",
    "symbol": "SOLV",
    "eps": 1.34,
    "epsEstimated": 1.21,
    "time": "amc",
    "revenue": 2070000000,
    "revenueEstimated": 2016355475,
    "updatedFromDate": "2025-08-08",
    "fiscalDateEnding": "2025-03-31"
  },
  {
    "date": "2025-02-27",
    "symbol": "SOLV",
    "eps": 1.41,
    "epsEstimated": 1.31,
    "time": "amc",
    "revenue": 2074000000,
    "revenueEstimated": 2050776143,
    "updatedFromDate": "2025-05-13",
    "fiscalDateEnding": "2024-12-31"
  },
  {
    "date": "2024-11-07",
    "symbol": "SOLV",
    "eps": 1.64,
    "epsEstimated": 1.39,
    "time": "amc",
    "revenue": 2082000000,
    "revenueEstimated": 2056356714,
    "updatedFromDate": "2025-04-07",
    "fiscalDateEnding": "2024-09-30"
  },
  {
    "date": "2024-08-08",
    "symbol": "SOLV",
    "eps": 1.56,
    "epsEstimated": 1.51,
    "time": "amc",
    "revenue": 2081000000,
    "revenueEstimated": 2048898000,
    "updatedFromDate": "2025-04-07",
    "fiscalDateEnding": "2024-06-30"
  },
  {
    "date": "2024-05-09",
    "symbol": "SOLV",
    "eps": 2.08,
    "epsEstimated": 1.75,
    "time": "bmo",
    "revenue": 2016000000,
    "revenueEstimated": 1966000000,
    "updatedFromDate": "2025-04-07",
    "fiscalDateEnding": "2024-03-31"
  },
  {
    "date": "2023-12-30",
    "symbol": "SOLV",
    "eps": 0.4233,
    "epsEstimated": null,
    "time": "amc",
    "revenue": 2095000000,
    "revenueEstimated": null,
    "updatedFromDate": "2025-04-07",
    "fiscalDateEnding": "2023-12-31"
  },
  {
    "date": "2023-09-29",
    "symbol": "SOLV",
    "eps": 1.65,
    "epsEstimated": null,
    "time": "amc",
    "revenue": 2054000000,
    "revenueEstimated": null,
    "updatedFromDate": "2025-04-07",
    "fiscalDateEnding": "2023-09-30"
  },
  {
    "date": "2023-06-29",
    "symbol": "SOLV",
    "eps": 1.86,
    "epsEstimated": null,
    "time": "amc",
    "revenue": 2043500000,
    "revenueEstimated": null,
    "updatedFromDate": "2025-04-07",
    "fiscalDateEnding": "2023-06-30"
  },
  {
    "date": "2023-03-30",
    "symbol": "SOLV",
    "eps": 1.7,
    "epsEstimated": null,
    "time": "amc",
    "revenue": 2043500000,
    "revenueEstimated": null,
    "updatedFromDate": "2025-04-07",
    "fiscalDateEnding": "2023-03-31"
  },
  {
    "date": "2022-12-30",
    "symbol": "SOLV",
    "eps": 1.78,
    "epsEstimated": null,
    "time": "amc",
    "revenue": 2005000000,
    "revenueEstimated": null,
    "updatedFromDate": "2025-04-07",
    "fiscalDateEnding": "2022-12-31"
  },
  {
    "date": "2022-09-29",
    "symbol": "SOLV",
    "eps": 1.94,
    "epsEstimated": null,
    "time": "amc",
    "revenue": 2009000000,
    "revenueEstimated": null,
    "updatedFromDate": "2025-04-07",
    "fiscalDateEnding": "2022-09-30"
  },
  {
    "date": "2022-06-29",
    "symbol": "SOLV",
    "eps": 2.03,
    "epsEstimated": null,
    "time": "amc",
    "revenue": 2058000000,
    "revenueEstimated": null,
    "updatedFromDate": "2025-04-07",
    "fiscalDateEnding": "2022-06-30"
  },
  {
    "date": "2022-03-30",
    "symbol": "SOLV",
    "eps": 2.03,
    "epsEstimated": null,
    "time": "amc",
    "revenue": 2058000000,
    "revenueEstimated": null,
    "updatedFromDate": "2025-04-07",
    "fiscalDateEnding": "2022-03-31"
  }
]