[
  {
    "date": "2025-11-07",
    "symbol": "SPG",
    "eps": null,
    "epsEstimated": 3.1,
    "time": "bmo",
    "revenue": null,
    "revenueEstimated": 1408110530,
    "updatedFromDate": "2025-10-02",
    "fiscalDateEnding": "2025-09-30"
  },
  {
    "date": "2025-08-04",
    "symbol": "SPG",
    "eps": 3.05,
    "epsEstimated": 3.04,
    "time": "amc",
    "revenue": 1498460000,
    "revenueEstimated": 1423934370,
    "updatedFromDate": "2025-10-02",
    "fiscalDateEnding": "2025-06-30"
  },
  {
    "date": "2025-05-12",
    "symbol": "SPG",
    "eps": 2.95,
    "epsEstimated": 2.91,
    "time": "amc",
    "revenue": 1473012000,
    "revenueEstimated": 1344008210,
    "updatedFromDate": "2025-08-11",
    "fiscalDateEnding": "2025-03-31"
  },
  {
    "date": "2025-02-04",
    "symbol": "SPG",
    "eps": 3.68,
    "epsEstimated": 1.98,
    "time": "amc",
    "revenue": 1582232000,
    "revenueEstimated": 1327726120,
    "updatedFromDate": "2025-05-04",
    "fiscalDateEnding": "2024-12-31"
  },
  {
    "date": "2024-11-01",
    "symbol": "SPG",
    "eps": 2.84,
    "epsEstimated": 1.57,
    "time": "bmo",
    "revenue": 1480710000,
    "revenueEstimated": 1325390000,
    "updatedFromDate": "2024-11-04",
    "fiscalDateEnding": "2024-09-30"
  },
  {
    "date": "2024-08-05",
    "symbol": "SPG",
    "eps": 2.9,
    "epsEstimated": 2.93,
    "time": "amc",
    "revenue": 1458266000,
    "revenueEstimated": 1302350000,
    "updatedFromDate": "2025-04-25",
    "fiscalDateEnding": "2024-06-30"
  },
  {
    "date": "2024-05-06",
    "symbol": "SPG",
    "eps": 3.56,
    "epsEstimated": 2.8,
    "time": "amc",
    "revenue": 1442590000,
    "revenueEstimated": 1289730000,
    "updatedFromDate": "2025-04-25",
    "fiscalDateEnding": "2024-03-31"
  },
  {
    "date": "2024-02-05",
    "symbol": "SPG",
    "eps": 3.69,
    "epsEstimated": 3.34,
    "time": "amc",
    "revenue": 1527438000,
    "revenueEstimated": 1358820000,
    "updatedFromDate": "2025-04-25",
    "fiscalDateEnding": "2023-12-31"
  },
  {
    "date": "2023-10-30",
    "symbol": "SPG",
    "eps": 3.2,
    "epsEstimated": 2.98,
    "time": "amc",
    "revenue": 1410948000,
    "revenueEstimated": 1270070000,
    "updatedFromDate": "2025-04-25",
    "fiscalDateEnding": "2023-09-30"
  },
  {
    "date": "2023-08-02",
    "symbol": "SPG",
    "eps": 2.88,
    "epsEstimated": 2.91,
    "time": "amc",
    "revenue": 1369601000,
    "revenueEstimated": 1249380000,
    "updatedFromDate": "2025-04-25",
    "fiscalDateEnding": "2023-06-30"
  },
  {
    "date": "2023-05-02",
    "symbol": "SPG",
    "eps": 2.74,
    "epsEstimated": 2.8,
    "time": "amc",
    "revenue": 1350849000,
    "revenueEstimated": 1239040000,
    "updatedFromDate": "2025-04-25",
    "fiscalDateEnding": "2023-03-31"
  },
  {
    "date": "2023-02-06",
    "symbol": "SPG",
    "eps": 3.15,
    "epsEstimated": 3.14,
    "time": "amc",
    "revenue": 1399898000,
    "revenueEstimated": 1292969426,
    "updatedFromDate": "2025-04-25",
    "fiscalDateEnding": "2022-12-31"
  },
  {
    "date": "2022-11-01",
    "symbol": "SPG",
    "eps": 2.97,
    "epsEstimated": 2.93,
    "time": "bmo",
    "revenue": 1315786000,
    "revenueEstimated": 1239477533,
    "updatedFromDate": "2025-04-25",
    "fiscalDateEnding": "2022-09-30"
  },
  {
    "date": "2022-08-01",
    "symbol": "SPG",
    "eps": 2.96,
    "epsEstimated": 2.91,
    "time": "amc",
    "revenue": 1279842000,
    "revenueEstimated": 1222667324,
    "updatedFromDate": "2025-04-25",
    "fiscalDateEnding": "2022-06-30"
  },
  {
    "date": "2022-05-09",
    "symbol": "SPG",
    "eps": 2.78,
    "epsEstimated": 2.73,
    "time": "amc",
    "revenue": 1295922000,
    "revenueEstimated": 1201710874,
    "updatedFromDate": "2025-04-25",
    "fiscalDateEnding": "2022-03-31"
  },
  {
    "date": "2022-02-07",
    "symbol": "SPG",
    "eps": 3.09,
    "epsEstimated": 2.88,
    "time": "amc",
    "revenue": 1326138000,
    "revenueEstimated": 1259810690,
    "updatedFromDate": "2025-04-25",
    "fiscalDateEnding": "2021-12-31"
  },
  {
    "date": "2021-11-01",
    "symbol": "SPG",
    "eps": 3.13,
    "epsEstimated": 2.47,
    "time": "amc",
    "revenue": 1296554000,
    "revenueEstimated": 1161460000,
    "updatedFromDate": "2025-04-25",
    "fiscalDateEnding": "2021-09-30"
  },
  {
    "date": "2021-08-02",
    "symbol": "SPG",
    "eps": 2.92,
    "epsEstimated": 2.37,
    "time": "amc",
    "revenue": 1254146000,
    "revenueEstimated": 963099459,
    "updatedFromDate": "2025-04-25",
    "fiscalDateEnding": "2021-06-30"
  },
  {
    "date": "2021-05-10",
    "symbol": "SPG",
    "eps": 2.48,
    "epsEstimated": 2.25,
    "time": "amc",
    "revenue": 1239951000,
    "revenueEstimated": 1114730000,
    "updatedFromDate": "2025-04-25",
    "fiscalDateEnding": "2021-03-31"
  },
  {
    "date": "2021-02-08",
    "symbol": "SPG",
    "eps": 2.17,
    "epsEstimated": 2.19,
    "time": "amc",
    "revenue": 1131429000,
    "revenueEstimated": 1090430000,
    "updatedFromDate": "2025-04-25",
    "fiscalDateEnding": "2020-12-31"
  },
  {
    "date": "2020-11-09",
    "symbol": "SPG",
    "eps": 2.05,
    "epsEstimated": 2.25,
    "time": "amc",
    "revenue": 1060674000,
    "revenueEstimated": 1400089680,
    "updatedFromDate": "2025-04-25",
    "fiscalDateEnding": "2020-09-30"
  },
  {
    "date": "2020-08-10",
    "symbol": "SPG",
    "eps": 2.12,
    "epsEstimated": 2.31,
    "time": "amc",
    "revenue": 1062041000,
    "revenueEstimated": 265510250,
    "updatedFromDate": "2025-04-25",
    "fiscalDateEnding": "2020-06-30"
  },
  {
    "date": "2020-05-11",
    "symbol": "SPG",
    "eps": 2.78,
    "epsEstimated": 2.9,
    "time": "amc",
    "revenue": 1353360000,
    "revenueEstimated": 1561569230,
    "updatedFromDate": "2025-04-25",
    "fiscalDateEnding": "2020-03-31"
  },
  {
    "date": "2020-02-04",
    "symbol": "SPG",
    "eps": 2.96,
    "epsEstimated": 2.95,
    "time": "bmo",
    "revenue": 1488615000,
    "revenueEstimated": 1398939397,
    "updatedFromDate": "2025-04-25",
    "fiscalDateEnding": "2019-12-31"
  },
  {
    "date": "2019-10-30",
    "symbol": "SPG",
    "eps": 3.05,
    "epsEstimated": 3.05,
    "time": "bmo",
    "revenue": 1416554000,
    "revenueEstimated": 1011824285,
    "updatedFromDate": "2025-04-25",
    "fiscalDateEnding": "2019-09-30"
  },
  {
    "date": "2019-07-31",
    "symbol": "SPG",
    "eps": 2.99,
    "epsEstimated": 2.98,
    "time": "bmo",
    "revenue": 1397186000,
    "revenueEstimated": 3492965000,
    "updatedFromDate": "2025-04-25",
    "fiscalDateEnding": "2019-06-30"
  },
  {
    "date": "2019-04-30",
    "symbol": "SPG",
    "eps": 3.04,
    "epsEstimated": 3.02,
    "time": "bmo",
    "revenue": 1452834000,
    "revenueEstimated": null,
    "updatedFromDate": "2025-04-25",
    "fiscalDateEnding": "2019-03-31"
  },
  {
    "date": "2019-02-01",
    "symbol": "SPG",
    "eps": 2.3,
    "epsEstimated": 1.9,
    "time": "bmo",
    "revenue": 1460743000,
    "revenueEstimated": 1207760608,
    "updatedFromDate": "2025-04-25",
    "fiscalDateEnding": "2018-12-31"
  },
  {
    "date": "2018-10-25",
    "symbol": "SPG",
    "eps": 3.05,
    "epsEstimated": 3.02,
    "time": "bmo",
    "revenue": 1409005000,
    "revenueEstimated": 1349420183,
    "updatedFromDate": "2025-04-25",
    "fiscalDateEnding": "2018-09-30"
  },
  {
    "date": "2018-07-30",
    "symbol": "SPG",
    "eps": 2.98,
    "epsEstimated": 2.91,
    "time": "bmo",
    "revenue": 1388358000,
    "revenueEstimated": 1283369491,
    "updatedFromDate": "2025-04-25",
    "fiscalDateEnding": "2018-06-30"
  },
  {
    "date": "2018-04-27",
    "symbol": "SPG",
    "eps": 2.87,
    "epsEstimated": 2.83,
    "time": "bmo",
    "revenue": 1399814000,
    "revenueEstimated": 1059592000,
    "updatedFromDate": "2025-04-25",
    "fiscalDateEnding": "2018-03-31"
  },
  {
    "date": "2018-01-31",
    "symbol": "SPG",
    "eps": 3.12,
    "epsEstimated": 3.12,
    "time": "bmo",
    "revenue": 1427692000,
    "revenueEstimated": 1373385326,
    "updatedFromDate": "2025-04-25",
    "fiscalDateEnding": "2017-12-31"
  },
  {
    "date": "2017-10-27",
    "symbol": "SPG",
    "eps": 2.89,
    "epsEstimated": 2.88,
    "time": "bmo",
    "revenue": 1403638000,
    "revenueEstimated": 1386586666,
    "updatedFromDate": "2025-04-25",
    "fiscalDateEnding": "2017-09-30"
  },
  {
    "date": "2017-08-01",
    "symbol": "SPG",
    "eps": 2.47,
    "epsEstimated": 2.45,
    "time": "bmo",
    "revenue": 1361548000,
    "revenueEstimated": 1372569105,
    "updatedFromDate": "2025-04-25",
    "fiscalDateEnding": "2017-06-30"
  },
  {
    "date": "2017-04-27",
    "symbol": "SPG",
    "eps": 2.74,
    "epsEstimated": 2.76,
    "time": "bmo",
    "revenue": 1345763000,
    "revenueEstimated": 1301819607,
    "updatedFromDate": "2025-04-25",
    "fiscalDateEnding": "2017-03-31"
  },
  {
    "date": "2017-01-31",
    "symbol": "SPG",
    "eps": 2.91,
    "epsEstimated": 2.51,
    "time": "bmo",
    "revenue": 1425966000,
    "revenueEstimated": 1641031746,
    "updatedFromDate": "2025-04-25",
    "fiscalDateEnding": "2016-12-31"
  },
  {
    "date": "2016-10-26",
    "symbol": "SPG",
    "eps": 2.7,
    "epsEstimated": 2.68,
    "time": "bmo",
    "revenue": 1357168000,
    "revenueEstimated": 1256042236,
    "updatedFromDate": "2025-04-25",
    "fiscalDateEnding": "2016-09-30"
  },
  {
    "date": "2016-07-27",
    "symbol": "SPG",
    "eps": 2.63,
    "epsEstimated": 2.62,
    "time": "bmo",
    "revenue": 1315380000,
    "revenueEstimated": 1297256551,
    "updatedFromDate": "2025-04-25",
    "fiscalDateEnding": "2016-06-30"
  },
  {
    "date": "2016-04-26",
    "symbol": "SPG",
    "eps": 2.63,
    "epsEstimated": 2.54,
    "time": "bmo",
    "revenue": 1336715000,
    "revenueEstimated": 1103855483,
    "updatedFromDate": "2025-04-25",
    "fiscalDateEnding": "2016-03-31"
  },
  {
    "date": "2016-01-29",
    "symbol": "SPG",
    "eps": 2.73,
    "epsEstimated": 2.44,
    "time": "bmo",
    "revenue": 1380621000,
    "revenueEstimated": 1052707499,
    "updatedFromDate": "2025-04-25",
    "fiscalDateEnding": "2015-12-31"
  }
]