[
  {
    "date": "2026-05-06",
    "symbol": "SRE",
    "eps": null,
    "epsEstimated": null,
    "time": "bmo",
    "revenue": null,
    "revenueEstimated": null,
    "updatedFromDate": "2025-10-02",
    "fiscalDateEnding": "2026-03-30"
  },
  {
    "date": "2026-02-23",
    "symbol": "SRE",
    "eps": null,
    "epsEstimated": null,
    "time": "bmo",
    "revenue": null,
    "revenueEstimated": null,
    "updatedFromDate": "2025-10-02",
    "fiscalDateEnding": "2025-12-30"
  },
  {
    "date": "2025-11-05",
    "symbol": "SRE",
    "eps": null,
    "epsEstimated": 0.84,
    "time": "bmo",
    "revenue": null,
    "revenueEstimated": 3073305600,
    "updatedFromDate": "2025-10-02",
    "fiscalDateEnding": "2025-09-30"
  },
  {
    "date": "2025-08-07",
    "symbol": "SRE",
    "eps": 0.89,
    "epsEstimated": 0.846,
    "time": "bmo",
    "revenue": 3000000000,
    "revenueEstimated": 3096656509,
    "updatedFromDate": "2025-10-02",
    "fiscalDateEnding": "2025-06-30"
  },
  {
    "date": "2025-05-08",
    "symbol": "SRE",
    "eps": 1.44,
    "epsEstimated": 1.32,
    "time": "bmo",
    "revenue": 3802000000,
    "revenueEstimated": 3917074981,
    "updatedFromDate": "2025-08-08",
    "fiscalDateEnding": "2025-03-31"
  },
  {
    "date": "2025-02-25",
    "symbol": "SRE",
    "eps": 1.5,
    "epsEstimated": 1.47,
    "time": "bmo",
    "revenue": 3758000000,
    "revenueEstimated": 4360053352,
    "updatedFromDate": "2025-05-25",
    "fiscalDateEnding": "2024-12-31"
  },
  {
    "date": "2024-11-06",
    "symbol": "SRE",
    "eps": 0.89,
    "epsEstimated": 1.05,
    "time": "bmo",
    "revenue": 2776000000,
    "revenueEstimated": 3539829351,
    "updatedFromDate": "2025-04-25",
    "fiscalDateEnding": "2024-09-30"
  },
  {
    "date": "2024-08-06",
    "symbol": "SRE",
    "eps": 0.89,
    "epsEstimated": 0.94,
    "time": "bmo",
    "revenue": 3011000000,
    "revenueEstimated": 3455178459,
    "updatedFromDate": "2025-04-25",
    "fiscalDateEnding": "2024-06-30"
  },
  {
    "date": "2024-05-07",
    "symbol": "SRE",
    "eps": 1.34,
    "epsEstimated": 1.34,
    "time": "bmo",
    "revenue": 3640000000,
    "revenueEstimated": 5576688016,
    "updatedFromDate": "2025-04-25",
    "fiscalDateEnding": "2024-03-31"
  },
  {
    "date": "2024-02-27",
    "symbol": "SRE",
    "eps": 1.13,
    "epsEstimated": 1.12,
    "time": "bmo",
    "revenue": 3491000000,
    "revenueEstimated": 4014960129,
    "updatedFromDate": "2025-04-25",
    "fiscalDateEnding": "2023-12-31"
  },
  {
    "date": "2023-11-03",
    "symbol": "SRE",
    "eps": 1.08,
    "epsEstimated": 1.01,
    "time": "bmo",
    "revenue": 3334000000,
    "revenueEstimated": 3996570000,
    "updatedFromDate": "2025-04-25",
    "fiscalDateEnding": "2023-09-30"
  },
  {
    "date": "2023-08-03",
    "symbol": "SRE",
    "eps": 0.94,
    "epsEstimated": 0.86,
    "time": "bmo",
    "revenue": 3335000000,
    "revenueEstimated": 3538000000,
    "updatedFromDate": "2025-04-25",
    "fiscalDateEnding": "2023-06-30"
  },
  {
    "date": "2023-05-04",
    "symbol": "SRE",
    "eps": 1.46,
    "epsEstimated": 1.38,
    "time": "bmo",
    "revenue": 6560000000,
    "revenueEstimated": 3947280000,
    "updatedFromDate": "2025-04-25",
    "fiscalDateEnding": "2023-03-31"
  },
  {
    "date": "2023-02-28",
    "symbol": "SRE",
    "eps": 1.18,
    "epsEstimated": 1.03,
    "time": "bmo",
    "revenue": 3455000000,
    "revenueEstimated": 3785531159,
    "updatedFromDate": "2025-04-25",
    "fiscalDateEnding": "2022-12-31"
  },
  {
    "date": "2022-11-03",
    "symbol": "SRE",
    "eps": 0.99,
    "epsEstimated": 0.9,
    "time": "bmo",
    "revenue": 3617000000,
    "revenueEstimated": 3364201693,
    "updatedFromDate": "2025-04-25",
    "fiscalDateEnding": "2022-09-30"
  },
  {
    "date": "2022-08-04",
    "symbol": "SRE",
    "eps": 0.99,
    "epsEstimated": 0.91,
    "time": "bmo",
    "revenue": 3547000000,
    "revenueEstimated": 2996992868,
    "updatedFromDate": "2025-04-25",
    "fiscalDateEnding": "2022-06-30"
  },
  {
    "date": "2022-05-05",
    "symbol": "SRE",
    "eps": 1.46,
    "epsEstimated": 1.43,
    "time": "bmo",
    "revenue": 3820000000,
    "revenueEstimated": 3390302747,
    "updatedFromDate": "2025-04-25",
    "fiscalDateEnding": "2022-03-31"
  },
  {
    "date": "2022-02-25",
    "symbol": "SRE",
    "eps": 1.08,
    "epsEstimated": 1.01,
    "time": "bmo",
    "revenue": 3844000000,
    "revenueEstimated": 3551769733,
    "updatedFromDate": "2025-04-25",
    "fiscalDateEnding": "2021-12-31"
  },
  {
    "date": "2021-11-05",
    "symbol": "SRE",
    "eps": 0.85,
    "epsEstimated": 0.85,
    "time": "bmo",
    "revenue": 3013000000,
    "revenueEstimated": 3595270000,
    "updatedFromDate": "2025-04-25",
    "fiscalDateEnding": "2021-09-30"
  },
  {
    "date": "2021-08-05",
    "symbol": "SRE",
    "eps": 0.82,
    "epsEstimated": 0.8,
    "time": "bmo",
    "revenue": 2741000000,
    "revenueEstimated": 2741000000,
    "updatedFromDate": "2025-04-25",
    "fiscalDateEnding": "2021-06-30"
  },
  {
    "date": "2021-05-05",
    "symbol": "SRE",
    "eps": 1.48,
    "epsEstimated": 1.39,
    "time": "bmo",
    "revenue": 3259000000,
    "revenueEstimated": 3100240000,
    "updatedFromDate": "2025-04-25",
    "fiscalDateEnding": "2021-03-31"
  },
  {
    "date": "2021-02-25",
    "symbol": "SRE",
    "eps": 0.95,
    "epsEstimated": 0.78,
    "time": "bmo",
    "revenue": 3171000000,
    "revenueEstimated": 2479884615,
    "updatedFromDate": "2025-04-25",
    "fiscalDateEnding": "2020-12-31"
  },
  {
    "date": "2020-11-05",
    "symbol": "SRE",
    "eps": 0.66,
    "epsEstimated": 0.74,
    "time": "bmo",
    "revenue": 2644000000,
    "revenueEstimated": 3067847328,
    "updatedFromDate": "2025-04-25",
    "fiscalDateEnding": "2020-09-30"
  },
  {
    "date": "2020-08-05",
    "symbol": "SRE",
    "eps": 0.83,
    "epsEstimated": 0.83,
    "time": "bmo",
    "revenue": 2526000000,
    "revenueEstimated": 2284545454,
    "updatedFromDate": "2025-04-25",
    "fiscalDateEnding": "2020-06-30"
  },
  {
    "date": "2020-05-04",
    "symbol": "SRE",
    "eps": 1.54,
    "epsEstimated": 1.16,
    "time": "bmo",
    "revenue": 3029000000,
    "revenueEstimated": 2185155844,
    "updatedFromDate": "2025-04-25",
    "fiscalDateEnding": "2020-03-31"
  },
  {
    "date": "2020-02-27",
    "symbol": "SRE",
    "eps": 0.78,
    "epsEstimated": 0.66,
    "time": "bmo",
    "revenue": 2943000000,
    "revenueEstimated": 2807225806,
    "updatedFromDate": "2025-04-25",
    "fiscalDateEnding": "2019-12-31"
  },
  {
    "date": "2019-11-01",
    "symbol": "SRE",
    "eps": 0.75,
    "epsEstimated": 0.75,
    "time": "bmo",
    "revenue": 2758000000,
    "revenueEstimated": 2710680000,
    "updatedFromDate": "2025-04-25",
    "fiscalDateEnding": "2019-09-30"
  },
  {
    "date": "2019-08-02",
    "symbol": "SRE",
    "eps": 0.55,
    "epsEstimated": 0.6,
    "time": "bmo",
    "revenue": 2230000000,
    "revenueEstimated": 2333709090,
    "updatedFromDate": "2025-04-25",
    "fiscalDateEnding": "2019-06-30"
  },
  {
    "date": "2019-05-07",
    "symbol": "SRE",
    "eps": 0.96,
    "epsEstimated": 0.85,
    "time": "bmo",
    "revenue": 2898000000,
    "revenueEstimated": 2535750000,
    "updatedFromDate": "2025-04-25",
    "fiscalDateEnding": "2019-03-31"
  },
  {
    "date": "2019-02-26",
    "symbol": "SRE",
    "eps": 0.78,
    "epsEstimated": 0.74,
    "time": "bmo",
    "revenue": 3221000000,
    "revenueEstimated": 2620512820,
    "updatedFromDate": "2025-04-25",
    "fiscalDateEnding": "2018-12-31"
  },
  {
    "date": "2018-11-07",
    "symbol": "SRE",
    "eps": 0.62,
    "epsEstimated": 0.57,
    "time": "bmo",
    "revenue": 2940000000,
    "revenueEstimated": 2692707317,
    "updatedFromDate": "2025-04-25",
    "fiscalDateEnding": "2018-09-30"
  },
  {
    "date": "2018-08-06",
    "symbol": "SRE",
    "eps": 0.68,
    "epsEstimated": 0.59,
    "time": "bmo",
    "revenue": 2564000000,
    "revenueEstimated": 1917222222,
    "updatedFromDate": "2025-04-25",
    "fiscalDateEnding": "2018-06-30"
  },
  {
    "date": "2018-05-07",
    "symbol": "SRE",
    "eps": 0.72,
    "epsEstimated": 0.84,
    "time": "bmo",
    "revenue": 2962000000,
    "revenueEstimated": 2883146853,
    "updatedFromDate": "2025-04-25",
    "fiscalDateEnding": "2018-03-31"
  },
  {
    "date": "2018-02-27",
    "symbol": "SRE",
    "eps": 0.77,
    "epsEstimated": 0.7,
    "time": "bmo",
    "revenue": 2964000000,
    "revenueEstimated": 2674422077,
    "updatedFromDate": "2025-04-25",
    "fiscalDateEnding": "2017-12-31"
  },
  {
    "date": "2017-10-30",
    "symbol": "SRE",
    "eps": 0.52,
    "epsEstimated": 0.52,
    "time": "bmo",
    "revenue": 2679000000,
    "revenueEstimated": 2701730769,
    "updatedFromDate": "2025-04-25",
    "fiscalDateEnding": "2017-09-30"
  },
  {
    "date": "2017-08-04",
    "symbol": "SRE",
    "eps": 0.55,
    "epsEstimated": 0.4,
    "time": "bmo",
    "revenue": 2533000000,
    "revenueEstimated": 1967836363,
    "updatedFromDate": "2025-04-25",
    "fiscalDateEnding": "2017-06-30"
  },
  {
    "date": "2017-05-09",
    "symbol": "SRE",
    "eps": 0.87,
    "epsEstimated": 0.8,
    "time": "bmo",
    "revenue": 3031000000,
    "revenueEstimated": 2922500000,
    "updatedFromDate": "2025-04-25",
    "fiscalDateEnding": "2017-03-31"
  },
  {
    "date": "2017-02-28",
    "symbol": "SRE",
    "eps": 0.76,
    "epsEstimated": 0.71,
    "time": "bmo",
    "revenue": 2870000000,
    "revenueEstimated": 2856486842,
    "updatedFromDate": "2025-04-25",
    "fiscalDateEnding": "2016-12-31"
  },
  {
    "date": "2016-11-02",
    "symbol": "SRE",
    "eps": 0.51,
    "epsEstimated": 0.49,
    "time": "bmo",
    "revenue": 2535000000,
    "revenueEstimated": 2388705882,
    "updatedFromDate": "2025-04-25",
    "fiscalDateEnding": "2016-09-30"
  },
  {
    "date": "2016-08-04",
    "symbol": "SRE",
    "eps": 0.4,
    "epsEstimated": 0.5,
    "time": "bmo",
    "revenue": 2156000000,
    "revenueEstimated": 2617772151,
    "updatedFromDate": "2025-04-25",
    "fiscalDateEnding": "2016-06-30"
  }
]