[
  {
    "date": "2026-05-12",
    "symbol": "STE",
    "eps": null,
    "epsEstimated": null,
    "time": "amc",
    "revenue": null,
    "revenueEstimated": null,
    "updatedFromDate": "2025-10-02",
    "fiscalDateEnding": "2026-03-30"
  },
  {
    "date": "2026-02-03",
    "symbol": "STE",
    "eps": null,
    "epsEstimated": null,
    "time": "amc",
    "revenue": null,
    "revenueEstimated": null,
    "updatedFromDate": "2025-10-02",
    "fiscalDateEnding": "2025-12-30"
  },
  {
    "date": "2025-11-05",
    "symbol": "STE",
    "eps": null,
    "epsEstimated": 2.37,
    "time": "bmo",
    "revenue": null,
    "revenueEstimated": 1430271250,
    "updatedFromDate": "2025-10-02",
    "fiscalDateEnding": "2025-09-30"
  },
  {
    "date": "2025-08-06",
    "symbol": "STE",
    "eps": 2.34,
    "epsEstimated": 2.26,
    "time": "amc",
    "revenue": 1391100000,
    "revenueEstimated": 1362671429,
    "updatedFromDate": "2025-10-02",
    "fiscalDateEnding": "2025-06-30"
  },
  {
    "date": "2025-05-14",
    "symbol": "STE",
    "eps": 2.74,
    "epsEstimated": 2.6,
    "time": "amc",
    "revenue": 1480531000,
    "revenueEstimated": 1469026833,
    "updatedFromDate": "2025-08-14",
    "fiscalDateEnding": "2025-03-31"
  },
  {
    "date": "2025-02-05",
    "symbol": "STE",
    "eps": 2.32,
    "epsEstimated": 2.33,
    "time": "amc",
    "revenue": 1370570000,
    "revenueEstimated": 1381866667,
    "updatedFromDate": "2025-05-05",
    "fiscalDateEnding": "2024-12-31"
  },
  {
    "date": "2024-11-06",
    "symbol": "STE",
    "eps": 2.14,
    "epsEstimated": 2.12,
    "time": "amc",
    "revenue": 1328912000,
    "revenueEstimated": 1330450000,
    "updatedFromDate": "2025-04-25",
    "fiscalDateEnding": "2024-09-30"
  },
  {
    "date": "2024-08-06",
    "symbol": "STE",
    "eps": 2.03,
    "epsEstimated": 1.98,
    "time": "amc",
    "revenue": 1279502000,
    "revenueEstimated": 1272487500,
    "updatedFromDate": "2025-04-25",
    "fiscalDateEnding": "2024-06-30"
  },
  {
    "date": "2024-05-08",
    "symbol": "STE",
    "eps": 2.41,
    "epsEstimated": 2.35,
    "time": "amc",
    "revenue": 1419387000,
    "revenueEstimated": 1411377833,
    "updatedFromDate": "2025-04-25",
    "fiscalDateEnding": "2024-03-31"
  },
  {
    "date": "2024-02-07",
    "symbol": "STE",
    "eps": 2.22,
    "epsEstimated": 2.17,
    "time": "amc",
    "revenue": 1395645000,
    "revenueEstimated": 1348560000,
    "updatedFromDate": "2025-04-25",
    "fiscalDateEnding": "2023-12-31"
  },
  {
    "date": "2023-11-07",
    "symbol": "STE",
    "eps": 2.03,
    "epsEstimated": 2.05,
    "time": "amc",
    "revenue": 1342360000,
    "revenueEstimated": 1299940000,
    "updatedFromDate": "2025-04-25",
    "fiscalDateEnding": "2023-09-30"
  },
  {
    "date": "2023-08-01",
    "symbol": "STE",
    "eps": 2,
    "epsEstimated": 1.86,
    "time": "amc",
    "revenue": 1284542000,
    "revenueEstimated": 1293900000,
    "updatedFromDate": "2025-04-25",
    "fiscalDateEnding": "2023-06-30"
  },
  {
    "date": "2023-05-10",
    "symbol": "STE",
    "eps": 2.3,
    "epsEstimated": 2.15,
    "time": "amc",
    "revenue": 1384837000,
    "revenueEstimated": 1272780000,
    "updatedFromDate": "2025-04-25",
    "fiscalDateEnding": "2023-03-31"
  },
  {
    "date": "2023-02-08",
    "symbol": "STE",
    "eps": 2.02,
    "epsEstimated": 2.22,
    "time": "amc",
    "revenue": 1215994000,
    "revenueEstimated": 1272808167,
    "updatedFromDate": "2025-04-25",
    "fiscalDateEnding": "2022-12-31"
  },
  {
    "date": "2022-11-09",
    "symbol": "STE",
    "eps": 1.99,
    "epsEstimated": 2,
    "time": "amc",
    "revenue": 1200517000,
    "revenueEstimated": 1222041667,
    "updatedFromDate": "2025-04-25",
    "fiscalDateEnding": "2022-09-30"
  },
  {
    "date": "2022-08-02",
    "symbol": "STE",
    "eps": 1.9,
    "epsEstimated": 1.9,
    "time": "amc",
    "revenue": 1156491000,
    "revenueEstimated": 1223295333,
    "updatedFromDate": "2025-04-25",
    "fiscalDateEnding": "2022-06-30"
  },
  {
    "date": "2022-05-11",
    "symbol": "STE",
    "eps": 2.04,
    "epsEstimated": 2,
    "time": "amc",
    "revenue": 1210686000,
    "revenueEstimated": 1173871250,
    "updatedFromDate": "2025-04-25",
    "fiscalDateEnding": "2022-03-31"
  },
  {
    "date": "2022-02-08",
    "symbol": "STE",
    "eps": 2.12,
    "epsEstimated": 1.95,
    "time": "amc",
    "revenue": 1208971000,
    "revenueEstimated": 1194221000,
    "updatedFromDate": "2025-04-25",
    "fiscalDateEnding": "2021-12-31"
  },
  {
    "date": "2021-11-02",
    "symbol": "STE",
    "eps": 1.99,
    "epsEstimated": 1.83,
    "time": "amc",
    "revenue": 1196985000,
    "revenueEstimated": 1151850000,
    "updatedFromDate": "2025-04-25",
    "fiscalDateEnding": "2021-09-30"
  },
  {
    "date": "2021-08-09",
    "symbol": "STE",
    "eps": 1.76,
    "epsEstimated": 1.5,
    "time": "amc",
    "revenue": 968422000,
    "revenueEstimated": 968422000,
    "updatedFromDate": "2025-04-25",
    "fiscalDateEnding": "2021-06-30"
  },
  {
    "date": "2021-05-18",
    "symbol": "STE",
    "eps": 1.63,
    "epsEstimated": 1.8,
    "time": "amc",
    "revenue": 873531000,
    "revenueEstimated": 874380000,
    "updatedFromDate": "2025-04-25",
    "fiscalDateEnding": "2021-03-31"
  },
  {
    "date": "2021-02-02",
    "symbol": "STE",
    "eps": 1.73,
    "epsEstimated": 1.52,
    "time": "amc",
    "revenue": 808924000,
    "revenueEstimated": 697164000,
    "updatedFromDate": "2025-04-25",
    "fiscalDateEnding": "2020-12-31"
  },
  {
    "date": "2020-11-02",
    "symbol": "STE",
    "eps": 1.48,
    "epsEstimated": 1.27,
    "time": "amc",
    "revenue": 756132000,
    "revenueEstimated": 74827027,
    "updatedFromDate": "2025-04-25",
    "fiscalDateEnding": "2020-09-30"
  },
  {
    "date": "2020-08-03",
    "symbol": "STE",
    "eps": 1.31,
    "epsEstimated": 0.96,
    "time": "amc",
    "revenue": 668932000,
    "revenueEstimated": 490209709,
    "updatedFromDate": "2025-04-25",
    "fiscalDateEnding": "2020-06-30"
  },
  {
    "date": "2020-05-13",
    "symbol": "STE",
    "eps": 1.64,
    "epsEstimated": 1.58,
    "time": "amc",
    "revenue": 822991000,
    "revenueEstimated": 792881573,
    "updatedFromDate": "2025-04-25",
    "fiscalDateEnding": "2020-03-31"
  },
  {
    "date": "2020-02-10",
    "symbol": "STE",
    "eps": 1.45,
    "epsEstimated": 1.42,
    "time": "amc",
    "revenue": 774261000,
    "revenueEstimated": 758241806,
    "updatedFromDate": "2025-04-25",
    "fiscalDateEnding": "2019-12-31"
  },
  {
    "date": "2019-11-04",
    "symbol": "STE",
    "eps": 1.32,
    "epsEstimated": 1.25,
    "time": "amc",
    "revenue": 736840000,
    "revenueEstimated": 697765151,
    "updatedFromDate": "2025-04-25",
    "fiscalDateEnding": "2019-09-30"
  },
  {
    "date": "2019-08-05",
    "symbol": "STE",
    "eps": 1.23,
    "epsEstimated": 1.11,
    "time": "amc",
    "revenue": 696803000,
    "revenueEstimated": 628822219,
    "updatedFromDate": "2025-04-25",
    "fiscalDateEnding": "2019-06-30"
  },
  {
    "date": "2019-05-13",
    "symbol": "STE",
    "eps": 1.53,
    "epsEstimated": 1.43,
    "time": "amc",
    "revenue": 768213000,
    "revenueEstimated": 714491811,
    "updatedFromDate": "2025-04-25",
    "fiscalDateEnding": "2019-03-31"
  },
  {
    "date": "2019-02-11",
    "symbol": "STE",
    "eps": 1.26,
    "epsEstimated": 1.26,
    "time": "bmo",
    "revenue": 696238000,
    "revenueEstimated": 690668096,
    "updatedFromDate": "2025-04-25",
    "fiscalDateEnding": "2018-12-31"
  },
  {
    "date": "2018-11-06",
    "symbol": "STE",
    "eps": 1.1,
    "epsEstimated": 1.09,
    "time": "bmo",
    "revenue": 678961000,
    "revenueEstimated": 672732000,
    "updatedFromDate": "2025-04-25",
    "fiscalDateEnding": "2018-09-30"
  },
  {
    "date": "2018-08-08",
    "symbol": "STE",
    "eps": 1,
    "epsEstimated": 0.99,
    "time": "bmo",
    "revenue": 638758000,
    "revenueEstimated": 632305898,
    "updatedFromDate": "2025-04-25",
    "fiscalDateEnding": "2018-06-30"
  },
  {
    "date": "2018-05-09",
    "symbol": "STE",
    "eps": 1.24,
    "epsEstimated": 1.22,
    "time": "bmo",
    "revenue": 715973000,
    "revenueEstimated": 704235737,
    "updatedFromDate": "2025-04-25",
    "fiscalDateEnding": "2018-03-31"
  },
  {
    "date": "2018-02-07",
    "symbol": "STE",
    "eps": 1.12,
    "epsEstimated": 1.07,
    "time": "bmo",
    "revenue": 661900000,
    "revenueEstimated": 630970093,
    "updatedFromDate": "2025-04-25",
    "fiscalDateEnding": "2017-12-31"
  },
  {
    "date": "2017-11-01",
    "symbol": "STE",
    "eps": 0.94,
    "epsEstimated": 0.94,
    "time": "bmo",
    "revenue": 634159000,
    "revenueEstimated": 634159000,
    "updatedFromDate": "2025-04-25",
    "fiscalDateEnding": "2017-09-30"
  },
  {
    "date": "2017-08-08",
    "symbol": "STE",
    "eps": 0.85,
    "epsEstimated": 0.8,
    "time": "bmo",
    "revenue": 607964000,
    "revenueEstimated": 569966250,
    "updatedFromDate": "2025-04-25",
    "fiscalDateEnding": "2017-06-30"
  },
  {
    "date": "2017-05-09",
    "symbol": "STE",
    "eps": 1.11,
    "epsEstimated": 1.07,
    "time": "bmo",
    "revenue": 681189000,
    "revenueEstimated": 649057443,
    "updatedFromDate": "2025-04-25",
    "fiscalDateEnding": "2017-03-31"
  },
  {
    "date": "2017-02-07",
    "symbol": "STE",
    "eps": 0.98,
    "epsEstimated": 1.04,
    "time": "bmo",
    "revenue": 646774000,
    "revenueEstimated": 678170796,
    "updatedFromDate": "2025-04-25",
    "fiscalDateEnding": "2016-12-31"
  },
  {
    "date": "2016-11-02",
    "symbol": "STE",
    "eps": 0.89,
    "epsEstimated": 0.9,
    "time": "bmo",
    "revenue": 646415000,
    "revenueEstimated": 653597388,
    "updatedFromDate": "2025-04-25",
    "fiscalDateEnding": "2016-09-30"
  },
  {
    "date": "2016-08-09",
    "symbol": "STE",
    "eps": 0.79,
    "epsEstimated": 0.78,
    "time": "bmo",
    "revenue": 638378000,
    "revenueEstimated": 621796753,
    "updatedFromDate": "2025-04-25",
    "fiscalDateEnding": "2016-06-30"
  }
]