[
  {
    "date": "2026-04-20",
    "symbol": "STLD",
    "eps": null,
    "epsEstimated": null,
    "time": "amc",
    "revenue": null,
    "revenueEstimated": null,
    "updatedFromDate": "2025-10-02",
    "fiscalDateEnding": "2026-03-30"
  },
  {
    "date": "2026-01-20",
    "symbol": "STLD",
    "eps": null,
    "epsEstimated": null,
    "time": "amc",
    "revenue": null,
    "revenueEstimated": null,
    "updatedFromDate": "2025-10-02",
    "fiscalDateEnding": "2025-12-30"
  },
  {
    "date": "2025-10-20",
    "symbol": "STLD",
    "eps": null,
    "epsEstimated": 2.66,
    "time": "amc",
    "revenue": null,
    "revenueEstimated": 4772323360,
    "updatedFromDate": "2025-10-02",
    "fiscalDateEnding": "2025-09-30"
  },
  {
    "date": "2025-07-21",
    "symbol": "STLD",
    "eps": 2.01,
    "epsEstimated": 2.24,
    "time": "amc",
    "revenue": 4565123000,
    "revenueEstimated": 4715915998,
    "updatedFromDate": "2025-10-02",
    "fiscalDateEnding": "2025-06-30"
  },
  {
    "date": "2025-04-22",
    "symbol": "STLD",
    "eps": 1.44,
    "epsEstimated": 1.38,
    "time": "amc",
    "revenue": 4369195000,
    "revenueEstimated": 4194816898,
    "updatedFromDate": "2025-07-22",
    "fiscalDateEnding": "2025-03-31"
  },
  {
    "date": "2025-01-22",
    "symbol": "STLD",
    "eps": 1.36,
    "epsEstimated": 1.69,
    "time": "amc",
    "revenue": 3872138000,
    "revenueEstimated": 3969268122,
    "updatedFromDate": "2025-04-25",
    "fiscalDateEnding": "2024-12-31"
  },
  {
    "date": "2024-10-16",
    "symbol": "STLD",
    "eps": 2.05,
    "epsEstimated": 1.97,
    "time": "amc",
    "revenue": 4341615000,
    "revenueEstimated": 4177103135,
    "updatedFromDate": "2025-04-25",
    "fiscalDateEnding": "2024-09-30"
  },
  {
    "date": "2024-07-17",
    "symbol": "STLD",
    "eps": 2.72,
    "epsEstimated": 2.67,
    "time": "amc",
    "revenue": 4632634000,
    "revenueEstimated": 4428031707,
    "updatedFromDate": "2025-04-25",
    "fiscalDateEnding": "2024-06-30"
  },
  {
    "date": "2024-04-23",
    "symbol": "STLD",
    "eps": 3.67,
    "epsEstimated": 3.51,
    "time": "amc",
    "revenue": 4694003000,
    "revenueEstimated": 4736434791,
    "updatedFromDate": "2025-04-25",
    "fiscalDateEnding": "2024-03-31"
  },
  {
    "date": "2024-01-23",
    "symbol": "STLD",
    "eps": 2.61,
    "epsEstimated": 2.66,
    "time": "amc",
    "revenue": 4233423000,
    "revenueEstimated": 4135850000,
    "updatedFromDate": "2025-04-25",
    "fiscalDateEnding": "2023-12-31"
  },
  {
    "date": "2023-10-18",
    "symbol": "STLD",
    "eps": 3.47,
    "epsEstimated": 3.43,
    "time": "amc",
    "revenue": 4587057000,
    "revenueEstimated": 4064610000,
    "updatedFromDate": "2025-04-25",
    "fiscalDateEnding": "2023-09-30"
  },
  {
    "date": "2023-07-19",
    "symbol": "STLD",
    "eps": 4.81,
    "epsEstimated": 4.79,
    "time": "amc",
    "revenue": 5081630000,
    "revenueEstimated": 5165240000,
    "updatedFromDate": "2025-04-25",
    "fiscalDateEnding": "2023-06-30"
  },
  {
    "date": "2023-04-19",
    "symbol": "STLD",
    "eps": 4.01,
    "epsEstimated": 3.52,
    "time": "amc",
    "revenue": 4893206000,
    "revenueEstimated": 5001280000,
    "updatedFromDate": "2025-04-25",
    "fiscalDateEnding": "2023-03-31"
  },
  {
    "date": "2023-01-25",
    "symbol": "STLD",
    "eps": 4.37,
    "epsEstimated": 3.79,
    "time": "amc",
    "revenue": 4826287000,
    "revenueEstimated": 4730044757,
    "updatedFromDate": "2025-04-25",
    "fiscalDateEnding": "2022-12-31"
  },
  {
    "date": "2022-10-19",
    "symbol": "STLD",
    "eps": 5.46,
    "epsEstimated": 5.09,
    "time": "amc",
    "revenue": 5651707000,
    "revenueEstimated": 5523565253,
    "updatedFromDate": "2025-04-25",
    "fiscalDateEnding": "2022-09-30"
  },
  {
    "date": "2022-07-20",
    "symbol": "STLD",
    "eps": 6.73,
    "epsEstimated": 6.05,
    "time": "amc",
    "revenue": 6212878000,
    "revenueEstimated": 5978350506,
    "updatedFromDate": "2025-04-25",
    "fiscalDateEnding": "2022-06-30"
  },
  {
    "date": "2022-04-20",
    "symbol": "STLD",
    "eps": 6.02,
    "epsEstimated": 5.66,
    "time": "amc",
    "revenue": 5569902000,
    "revenueEstimated": 5396906275,
    "updatedFromDate": "2025-04-25",
    "fiscalDateEnding": "2022-03-31"
  },
  {
    "date": "2022-01-24",
    "symbol": "STLD",
    "eps": 5.78,
    "epsEstimated": 5.72,
    "time": "amc",
    "revenue": 5310657000,
    "revenueEstimated": 5368660000,
    "updatedFromDate": "2025-04-25",
    "fiscalDateEnding": "2021-12-31"
  },
  {
    "date": "2021-10-18",
    "symbol": "STLD",
    "eps": 4.96,
    "epsEstimated": 4.77,
    "time": "amc",
    "revenue": 5088288000,
    "revenueEstimated": 4853640000,
    "updatedFromDate": "2025-04-25",
    "fiscalDateEnding": "2021-09-30"
  },
  {
    "date": "2021-07-19",
    "symbol": "STLD",
    "eps": 3.4,
    "epsEstimated": 3.42,
    "time": "amc",
    "revenue": 4465308000,
    "revenueEstimated": 4197100000,
    "updatedFromDate": "2025-04-25",
    "fiscalDateEnding": "2021-06-30"
  },
  {
    "date": "2021-04-19",
    "symbol": "STLD",
    "eps": 2.1,
    "epsEstimated": 1.91,
    "time": "amc",
    "revenue": 3544597000,
    "revenueEstimated": 3338890000,
    "updatedFromDate": "2025-04-25",
    "fiscalDateEnding": "2021-03-31"
  },
  {
    "date": "2021-01-25",
    "symbol": "STLD",
    "eps": 0.97,
    "epsEstimated": 0.82,
    "time": "amc",
    "revenue": 2601245000,
    "revenueEstimated": 2125407499,
    "updatedFromDate": "2025-04-25",
    "fiscalDateEnding": "2020-12-31"
  },
  {
    "date": "2020-10-19",
    "symbol": "STLD",
    "eps": 0.51,
    "epsEstimated": 0.47,
    "time": "amc",
    "revenue": 2330832000,
    "revenueEstimated": 2148021647,
    "updatedFromDate": "2025-04-25",
    "fiscalDateEnding": "2020-09-30"
  },
  {
    "date": "2020-07-20",
    "symbol": "STLD",
    "eps": 0.47,
    "epsEstimated": 0.41,
    "time": "amc",
    "revenue": 2094305000,
    "revenueEstimated": 1559588829,
    "updatedFromDate": "2025-04-25",
    "fiscalDateEnding": "2020-06-30"
  },
  {
    "date": "2020-04-20",
    "symbol": "STLD",
    "eps": 0.88,
    "epsEstimated": 0.79,
    "time": "amc",
    "revenue": 2575100000,
    "revenueEstimated": 2311737500,
    "updatedFromDate": "2025-04-25",
    "fiscalDateEnding": "2020-03-31"
  },
  {
    "date": "2020-01-22",
    "symbol": "STLD",
    "eps": 0.62,
    "epsEstimated": 0.55,
    "time": "amc",
    "revenue": 2370491000,
    "revenueEstimated": 2084851290,
    "updatedFromDate": "2025-04-25",
    "fiscalDateEnding": "2019-12-31"
  },
  {
    "date": "2019-10-16",
    "symbol": "STLD",
    "eps": 0.69,
    "epsEstimated": 0.69,
    "time": "amc",
    "revenue": 2526845000,
    "revenueEstimated": 2526845000,
    "updatedFromDate": "2025-04-25",
    "fiscalDateEnding": "2019-09-30"
  },
  {
    "date": "2019-07-22",
    "symbol": "STLD",
    "eps": 0.87,
    "epsEstimated": 0.89,
    "time": "amc",
    "revenue": 2770515000,
    "revenueEstimated": 2834205000,
    "updatedFromDate": "2025-04-25",
    "fiscalDateEnding": "2019-06-30"
  },
  {
    "date": "2019-04-22",
    "symbol": "STLD",
    "eps": 0.91,
    "epsEstimated": 0.97,
    "time": "bmo",
    "revenue": 2817435000,
    "revenueEstimated": 3003199945,
    "updatedFromDate": "2025-04-25",
    "fiscalDateEnding": "2019-03-31"
  },
  {
    "date": "2019-01-22",
    "symbol": "STLD",
    "eps": 1.31,
    "epsEstimated": 1.21,
    "time": "bmo",
    "revenue": 2903892000,
    "revenueEstimated": 2682220854,
    "updatedFromDate": "2025-04-25",
    "fiscalDateEnding": "2018-12-31"
  },
  {
    "date": "2018-10-17",
    "symbol": "STLD",
    "eps": 1.69,
    "epsEstimated": 1.64,
    "time": "amc",
    "revenue": 3223547000,
    "revenueEstimated": 3128130177,
    "updatedFromDate": "2025-04-25",
    "fiscalDateEnding": "2018-09-30"
  },
  {
    "date": "2018-07-23",
    "symbol": "STLD",
    "eps": 1.53,
    "epsEstimated": 1.49,
    "time": "amc",
    "revenue": 3090525000,
    "revenueEstimated": 3009702614,
    "updatedFromDate": "2025-04-25",
    "fiscalDateEnding": "2018-06-30"
  },
  {
    "date": "2018-04-18",
    "symbol": "STLD",
    "eps": 0.96,
    "epsEstimated": 0.91,
    "time": "amc",
    "revenue": 2603875000,
    "revenueEstimated": 2468280208,
    "updatedFromDate": "2025-04-25",
    "fiscalDateEnding": "2018-03-31"
  },
  {
    "date": "2018-01-22",
    "symbol": "STLD",
    "eps": 0.54,
    "epsEstimated": 0.49,
    "time": "amc",
    "revenue": 2336479000,
    "revenueEstimated": 2206694444,
    "updatedFromDate": "2025-04-25",
    "fiscalDateEnding": "2017-12-31"
  },
  {
    "date": "2017-10-18",
    "symbol": "STLD",
    "eps": 0.66,
    "epsEstimated": 0.65,
    "time": "amc",
    "revenue": 2443382000,
    "revenueEstimated": 2443400000,
    "updatedFromDate": "2025-04-25",
    "fiscalDateEnding": "2017-09-30"
  },
  {
    "date": "2017-07-19",
    "symbol": "STLD",
    "eps": 0.63,
    "epsEstimated": 0.63,
    "time": "amc",
    "revenue": 2390720000,
    "revenueEstimated": 2390700000,
    "updatedFromDate": "2025-04-25",
    "fiscalDateEnding": "2017-06-30"
  },
  {
    "date": "2017-04-19",
    "symbol": "STLD",
    "eps": 0.83,
    "epsEstimated": 0.78,
    "time": "amc",
    "revenue": 2368216000,
    "revenueEstimated": 2225537349,
    "updatedFromDate": "2025-04-25",
    "fiscalDateEnding": "2017-03-31"
  },
  {
    "date": "2017-01-24",
    "symbol": "STLD",
    "eps": 0.43,
    "epsEstimated": 0.44,
    "time": "amc",
    "revenue": 1910596000,
    "revenueEstimated": 1910600000,
    "updatedFromDate": "2025-04-25",
    "fiscalDateEnding": "2016-12-31"
  },
  {
    "date": "2016-10-19",
    "symbol": "STLD",
    "eps": 0.64,
    "epsEstimated": 0.65,
    "time": "amc",
    "revenue": 2101310000,
    "revenueEstimated": 2166965625,
    "updatedFromDate": "2025-04-25",
    "fiscalDateEnding": "2016-09-30"
  },
  {
    "date": "2016-07-18",
    "symbol": "STLD",
    "eps": 0.58,
    "epsEstimated": 0.56,
    "time": "amc",
    "revenue": 2023902000,
    "revenueEstimated": 1954110344,
    "updatedFromDate": "2025-04-25",
    "fiscalDateEnding": "2016-06-30"
  }
]