[
  {
    "date": "2026-04-15",
    "symbol": "STT",
    "eps": null,
    "epsEstimated": null,
    "time": "bmo",
    "revenue": null,
    "revenueEstimated": null,
    "updatedFromDate": "2025-10-01",
    "fiscalDateEnding": "2026-03-30"
  },
  {
    "date": "2026-01-15",
    "symbol": "STT",
    "eps": null,
    "epsEstimated": null,
    "time": "bmo",
    "revenue": null,
    "revenueEstimated": null,
    "updatedFromDate": "2025-10-01",
    "fiscalDateEnding": "2025-12-30"
  },
  {
    "date": "2025-10-17",
    "symbol": "STT",
    "eps": null,
    "epsEstimated": 2.59,
    "time": "bmo",
    "revenue": null,
    "revenueEstimated": 3432184760,
    "updatedFromDate": "2025-10-01",
    "fiscalDateEnding": "2025-09-30"
  },
  {
    "date": "2025-07-15",
    "symbol": "STT",
    "eps": 2.53,
    "epsEstimated": 2.35,
    "time": "bmo",
    "revenue": 5774000000,
    "revenueEstimated": 3354234434,
    "updatedFromDate": "2025-10-01",
    "fiscalDateEnding": "2025-06-30"
  },
  {
    "date": "2025-04-17",
    "symbol": "STT",
    "eps": 2.04,
    "epsEstimated": 2,
    "time": "bmo",
    "revenue": 5492000000,
    "revenueEstimated": 3320558675,
    "updatedFromDate": "2025-07-16",
    "fiscalDateEnding": "2025-03-31"
  },
  {
    "date": "2025-01-17",
    "symbol": "STT",
    "eps": 2.6,
    "epsEstimated": 2.29,
    "time": "bmo",
    "revenue": 3412000000,
    "revenueEstimated": 3326273581,
    "updatedFromDate": "2025-04-23",
    "fiscalDateEnding": "2024-12-31"
  },
  {
    "date": "2024-10-15",
    "symbol": "STT",
    "eps": 2.26,
    "epsEstimated": 2.12,
    "time": "bmo",
    "revenue": 3178000000,
    "revenueEstimated": 3193168837,
    "updatedFromDate": "2025-04-23",
    "fiscalDateEnding": "2024-09-30"
  },
  {
    "date": "2024-07-16",
    "symbol": "STT",
    "eps": 2.15,
    "epsEstimated": 2.03,
    "time": "bmo",
    "revenue": 3191000000,
    "revenueEstimated": 3146244528,
    "updatedFromDate": "2025-04-23",
    "fiscalDateEnding": "2024-06-30"
  },
  {
    "date": "2024-04-12",
    "symbol": "STT",
    "eps": 1.69,
    "epsEstimated": 1.5,
    "time": "bmo",
    "revenue": 3138000000,
    "revenueEstimated": 3060806547,
    "updatedFromDate": "2025-04-23",
    "fiscalDateEnding": "2024-03-31"
  },
  {
    "date": "2024-01-19",
    "symbol": "STT",
    "eps": 2.04,
    "epsEstimated": 1.81,
    "time": "bmo",
    "revenue": 3043000000,
    "revenueEstimated": 2949760000,
    "updatedFromDate": "2025-04-23",
    "fiscalDateEnding": "2023-12-31"
  },
  {
    "date": "2023-10-18",
    "symbol": "STT",
    "eps": 1.93,
    "epsEstimated": 1.77,
    "time": "bmo",
    "revenue": 2691000000,
    "revenueEstimated": 2923180000,
    "updatedFromDate": "2025-04-23",
    "fiscalDateEnding": "2023-09-30"
  },
  {
    "date": "2023-07-14",
    "symbol": "STT",
    "eps": 2.17,
    "epsEstimated": 2.1,
    "time": "bmo",
    "revenue": 3110000000,
    "revenueEstimated": 3135540000,
    "updatedFromDate": "2025-04-23",
    "fiscalDateEnding": "2023-06-30"
  },
  {
    "date": "2023-04-17",
    "symbol": "STT",
    "eps": 1.52,
    "epsEstimated": 1.64,
    "time": "bmo",
    "revenue": 3101000000,
    "revenueEstimated": 3124210000,
    "updatedFromDate": "2025-04-23",
    "fiscalDateEnding": "2023-03-31"
  },
  {
    "date": "2023-01-20",
    "symbol": "STT",
    "eps": 2.07,
    "epsEstimated": 1.98,
    "time": "bmo",
    "revenue": 3132000000,
    "revenueEstimated": 3036460048,
    "updatedFromDate": "2025-04-23",
    "fiscalDateEnding": "2022-12-31"
  },
  {
    "date": "2022-10-18",
    "symbol": "STT",
    "eps": 1.82,
    "epsEstimated": 1.78,
    "time": "bmo",
    "revenue": 2959000000,
    "revenueEstimated": 2969492321,
    "updatedFromDate": "2025-04-23",
    "fiscalDateEnding": "2022-09-30"
  },
  {
    "date": "2022-07-15",
    "symbol": "STT",
    "eps": 1.94,
    "epsEstimated": 1.73,
    "time": "bmo",
    "revenue": 2953000000,
    "revenueEstimated": 2992155512,
    "updatedFromDate": "2025-04-23",
    "fiscalDateEnding": "2022-06-30"
  },
  {
    "date": "2022-04-14",
    "symbol": "STT",
    "eps": 1.59,
    "epsEstimated": 1.49,
    "time": "bmo",
    "revenue": 3081000000,
    "revenueEstimated": 3040827123,
    "updatedFromDate": "2025-04-23",
    "fiscalDateEnding": "2022-03-31"
  },
  {
    "date": "2022-01-19",
    "symbol": "STT",
    "eps": 2,
    "epsEstimated": 1.88,
    "time": "bmo",
    "revenue": 2856000000,
    "revenueEstimated": 3092440000,
    "updatedFromDate": "2025-04-23",
    "fiscalDateEnding": "2021-12-31"
  },
  {
    "date": "2021-10-18",
    "symbol": "STT",
    "eps": 2,
    "epsEstimated": 1.92,
    "time": "bmo",
    "revenue": 2990000000,
    "revenueEstimated": 2948870000,
    "updatedFromDate": "2025-04-23",
    "fiscalDateEnding": "2021-09-30"
  },
  {
    "date": "2021-07-16",
    "symbol": "STT",
    "eps": 1.97,
    "epsEstimated": 1.79,
    "time": "bmo",
    "revenue": 2970000000,
    "revenueEstimated": 2919960000,
    "updatedFromDate": "2025-04-23",
    "fiscalDateEnding": "2021-06-30"
  },
  {
    "date": "2021-04-16",
    "symbol": "STT",
    "eps": 1.47,
    "epsEstimated": 1.35,
    "time": "bmo",
    "revenue": 2950000000,
    "revenueEstimated": 2831630000,
    "updatedFromDate": "2025-04-23",
    "fiscalDateEnding": "2021-03-31"
  },
  {
    "date": "2021-01-19",
    "symbol": "STT",
    "eps": 1.69,
    "epsEstimated": 1.56,
    "time": "bmo",
    "revenue": 2917000000,
    "revenueEstimated": 2422750000,
    "updatedFromDate": "2025-04-23",
    "fiscalDateEnding": "2020-12-31"
  },
  {
    "date": "2020-10-16",
    "symbol": "STT",
    "eps": 1.45,
    "epsEstimated": 1.41,
    "time": "bmo",
    "revenue": 2784000000,
    "revenueEstimated": 2470676056,
    "updatedFromDate": "2025-04-23",
    "fiscalDateEnding": "2020-09-30"
  },
  {
    "date": "2020-07-17",
    "symbol": "STT",
    "eps": 1.88,
    "epsEstimated": 1.61,
    "time": "bmo",
    "revenue": 2937000000,
    "revenueEstimated": 2515196808,
    "updatedFromDate": "2025-04-23",
    "fiscalDateEnding": "2020-06-30"
  },
  {
    "date": "2020-04-17",
    "symbol": "STT",
    "eps": 1.67,
    "epsEstimated": 1.35,
    "time": "bmo",
    "revenue": 3065000000,
    "revenueEstimated": 2477694610,
    "updatedFromDate": "2025-04-23",
    "fiscalDateEnding": "2020-03-31"
  },
  {
    "date": "2020-01-17",
    "symbol": "STT",
    "eps": 1.98,
    "epsEstimated": 1.69,
    "time": "bmo",
    "revenue": 3841000000,
    "revenueEstimated": 2616969696,
    "updatedFromDate": "2025-04-23",
    "fiscalDateEnding": "2019-12-31"
  },
  {
    "date": "2019-10-18",
    "symbol": "STT",
    "eps": 1.51,
    "epsEstimated": 1.39,
    "time": "bmo",
    "revenue": 2903000000,
    "revenueEstimated": 2672298013,
    "updatedFromDate": "2025-04-23",
    "fiscalDateEnding": "2019-09-30"
  },
  {
    "date": "2019-07-19",
    "symbol": "STT",
    "eps": 1.45,
    "epsEstimated": 1.39,
    "time": "bmo",
    "revenue": 2873000000,
    "revenueEstimated": 2754117241,
    "updatedFromDate": "2025-04-23",
    "fiscalDateEnding": "2019-06-30"
  },
  {
    "date": "2019-04-23",
    "symbol": "STT",
    "eps": 1.24,
    "epsEstimated": 1.19,
    "time": "bmo",
    "revenue": 2932000000,
    "revenueEstimated": 2813774193,
    "updatedFromDate": "2025-04-23",
    "fiscalDateEnding": "2019-03-31"
  },
  {
    "date": "2019-01-18",
    "symbol": "STT",
    "eps": 1.68,
    "epsEstimated": 1.67,
    "time": "bmo",
    "revenue": 2986000000,
    "revenueEstimated": 3005005952,
    "updatedFromDate": "2025-04-23",
    "fiscalDateEnding": "2018-12-31"
  },
  {
    "date": "2018-10-19",
    "symbol": "STT",
    "eps": 1.87,
    "epsEstimated": 1.89,
    "time": "bmo",
    "revenue": 2951000000,
    "revenueEstimated": 3020967914,
    "updatedFromDate": "2025-04-23",
    "fiscalDateEnding": "2018-09-30"
  },
  {
    "date": "2018-07-20",
    "symbol": "STT",
    "eps": 2.05,
    "epsEstimated": 2.01,
    "time": "bmo",
    "revenue": 3026000000,
    "revenueEstimated": 3003234146,
    "updatedFromDate": "2025-04-23",
    "fiscalDateEnding": "2018-06-30"
  },
  {
    "date": "2018-04-20",
    "symbol": "STT",
    "eps": 1.62,
    "epsEstimated": 1.59,
    "time": "bmo",
    "revenue": 3019000000,
    "revenueEstimated": 2999407407,
    "updatedFromDate": "2025-04-23",
    "fiscalDateEnding": "2018-03-31"
  },
  {
    "date": "2018-01-23",
    "symbol": "STT",
    "eps": 1.83,
    "epsEstimated": 1.71,
    "time": "bmo",
    "revenue": 2846000000,
    "revenueEstimated": 2643825136,
    "updatedFromDate": "2025-04-23",
    "fiscalDateEnding": "2017-12-31"
  },
  {
    "date": "2017-10-23",
    "symbol": "STT",
    "eps": 1.71,
    "epsEstimated": 1.62,
    "time": "bmo",
    "revenue": 2846000000,
    "revenueEstimated": 2696210526,
    "updatedFromDate": "2025-04-23",
    "fiscalDateEnding": "2017-09-30"
  },
  {
    "date": "2017-07-26",
    "symbol": "STT",
    "eps": 1.67,
    "epsEstimated": 1.57,
    "time": "bmo",
    "revenue": 2810000000,
    "revenueEstimated": 2641736526,
    "updatedFromDate": "2025-04-23",
    "fiscalDateEnding": "2017-06-30"
  },
  {
    "date": "2017-04-26",
    "symbol": "STT",
    "eps": 1.21,
    "epsEstimated": 1.1,
    "time": "bmo",
    "revenue": 2668000000,
    "revenueEstimated": 2425454545,
    "updatedFromDate": "2025-04-23",
    "fiscalDateEnding": "2017-03-31"
  },
  {
    "date": "2017-01-25",
    "symbol": "STT",
    "eps": 1.35,
    "epsEstimated": 1.32,
    "time": "bmo",
    "revenue": 2530000000,
    "revenueEstimated": 2473777777,
    "updatedFromDate": "2025-04-23",
    "fiscalDateEnding": "2016-12-31"
  },
  {
    "date": "2016-10-26",
    "symbol": "STT",
    "eps": 1.35,
    "epsEstimated": 1.25,
    "time": "bmo",
    "revenue": 2620000000,
    "revenueEstimated": 2425925925,
    "updatedFromDate": "2025-04-23",
    "fiscalDateEnding": "2016-09-30"
  },
  {
    "date": "2016-07-27",
    "symbol": "STT",
    "eps": 1.46,
    "epsEstimated": 1.26,
    "time": "bmo",
    "revenue": 2573000000,
    "revenueEstimated": 2220534246,
    "updatedFromDate": "2025-04-23",
    "fiscalDateEnding": "2016-06-30"
  }
]