[
  {
    "date": "2026-04-27",
    "symbol": "STX",
    "eps": null,
    "epsEstimated": null,
    "time": "amc",
    "revenue": null,
    "revenueEstimated": null,
    "updatedFromDate": "2025-10-02",
    "fiscalDateEnding": "2026-03-27"
  },
  {
    "date": "2026-01-19",
    "symbol": "STX",
    "eps": null,
    "epsEstimated": null,
    "time": "amc",
    "revenue": null,
    "revenueEstimated": null,
    "updatedFromDate": "2025-10-02",
    "fiscalDateEnding": "2025-12-27"
  },
  {
    "date": "2025-10-28",
    "symbol": "STX",
    "eps": null,
    "epsEstimated": 2.37,
    "time": "bmo",
    "revenue": null,
    "revenueEstimated": 2539980350,
    "updatedFromDate": "2025-10-02",
    "fiscalDateEnding": "2025-09-27"
  },
  {
    "date": "2025-07-29",
    "symbol": "STX",
    "eps": 2.59,
    "epsEstimated": 2.45,
    "time": "amc",
    "revenue": 2444000000,
    "revenueEstimated": 2421488502,
    "updatedFromDate": "2025-10-02",
    "fiscalDateEnding": "2025-06-27"
  },
  {
    "date": "2025-04-29",
    "symbol": "STX",
    "eps": 1.9,
    "epsEstimated": 1.74,
    "time": "amc",
    "revenue": 2160000000,
    "revenueEstimated": 2124270132,
    "updatedFromDate": "2025-09-12",
    "fiscalDateEnding": "2025-03-28"
  },
  {
    "date": "2025-01-21",
    "symbol": "STX",
    "eps": 2.03,
    "epsEstimated": 1.87,
    "time": "amc",
    "revenue": 2325000000,
    "revenueEstimated": 2319638394,
    "updatedFromDate": "2025-09-12",
    "fiscalDateEnding": "2024-12-27"
  },
  {
    "date": "2024-10-22",
    "symbol": "STX",
    "eps": 1.58,
    "epsEstimated": 1.49,
    "time": "amc",
    "revenue": 2168000000,
    "revenueEstimated": 2129489087,
    "updatedFromDate": "2025-09-12",
    "fiscalDateEnding": "2024-09-27"
  },
  {
    "date": "2024-07-23",
    "symbol": "STX",
    "eps": 1.05,
    "epsEstimated": 0.762,
    "time": "amc",
    "revenue": 1887000000,
    "revenueEstimated": 1871085223,
    "updatedFromDate": "2025-09-12",
    "fiscalDateEnding": "2024-06-28"
  },
  {
    "date": "2024-04-23",
    "symbol": "STX",
    "eps": 0.33,
    "epsEstimated": 0.2914,
    "time": "amc",
    "revenue": 1655000000,
    "revenueEstimated": 1677013098,
    "updatedFromDate": "2025-09-12",
    "fiscalDateEnding": "2024-03-29"
  },
  {
    "date": "2024-01-24",
    "symbol": "STX",
    "eps": 0.12,
    "epsEstimated": -0.07,
    "time": "amc",
    "revenue": 1555000000,
    "revenueEstimated": 1548690000,
    "updatedFromDate": "2025-09-12",
    "fiscalDateEnding": "2023-12-29"
  },
  {
    "date": "2023-10-26",
    "symbol": "STX",
    "eps": -0.22,
    "epsEstimated": -0.2,
    "time": "bmo",
    "revenue": 1454000000,
    "revenueEstimated": 1531430000,
    "updatedFromDate": "2025-09-12",
    "fiscalDateEnding": "2023-09-29"
  },
  {
    "date": "2023-07-26",
    "symbol": "STX",
    "eps": -0.18,
    "epsEstimated": -0.23,
    "time": "amc",
    "revenue": 1602000000,
    "revenueEstimated": 1685470000,
    "updatedFromDate": "2025-09-12",
    "fiscalDateEnding": "2023-06-30"
  },
  {
    "date": "2023-04-20",
    "symbol": "STX",
    "eps": -0.28,
    "epsEstimated": 0.19,
    "time": "amc",
    "revenue": 1860000000,
    "revenueEstimated": 1977200000,
    "updatedFromDate": "2025-09-12",
    "fiscalDateEnding": "2023-03-31"
  },
  {
    "date": "2023-01-25",
    "symbol": "STX",
    "eps": 0.16,
    "epsEstimated": 0.11,
    "time": "amc",
    "revenue": 1887000000,
    "revenueEstimated": 1824571306,
    "updatedFromDate": "2025-09-12",
    "fiscalDateEnding": "2022-12-30"
  },
  {
    "date": "2022-10-26",
    "symbol": "STX",
    "eps": 0.48,
    "epsEstimated": 0.68,
    "time": "bmo",
    "revenue": 2035000000,
    "revenueEstimated": 2100654034,
    "updatedFromDate": "2025-09-12",
    "fiscalDateEnding": "2022-09-30"
  },
  {
    "date": "2022-07-21",
    "symbol": "STX",
    "eps": 1.59,
    "epsEstimated": 1.9,
    "time": "amc",
    "revenue": 2628000000,
    "revenueEstimated": 2791210471,
    "updatedFromDate": "2025-09-12",
    "fiscalDateEnding": "2022-07-01"
  },
  {
    "date": "2022-04-27",
    "symbol": "STX",
    "eps": 1.81,
    "epsEstimated": 1.84,
    "time": "bmo",
    "revenue": 2802000000,
    "revenueEstimated": 2802971558,
    "updatedFromDate": "2025-09-12",
    "fiscalDateEnding": "2022-04-01"
  },
  {
    "date": "2022-01-26",
    "symbol": "STX",
    "eps": 2.41,
    "epsEstimated": 2.37,
    "time": "amc",
    "revenue": 3116000000,
    "revenueEstimated": 3113720000,
    "updatedFromDate": "2025-09-12",
    "fiscalDateEnding": "2021-12-31"
  },
  {
    "date": "2021-10-22",
    "symbol": "STX",
    "eps": 2.35,
    "epsEstimated": 2.22,
    "time": "bmo",
    "revenue": 3115000000,
    "revenueEstimated": 3106740000,
    "updatedFromDate": "2025-09-12",
    "fiscalDateEnding": "2021-10-01"
  },
  {
    "date": "2021-07-21",
    "symbol": "STX",
    "eps": 2,
    "epsEstimated": 1.89,
    "time": "bmo",
    "revenue": 3013000000,
    "revenueEstimated": 3111280000,
    "updatedFromDate": "2025-09-12",
    "fiscalDateEnding": "2021-07-02"
  },
  {
    "date": "2021-04-22",
    "symbol": "STX",
    "eps": 1.48,
    "epsEstimated": 1.32,
    "time": "amc",
    "revenue": 2731000000,
    "revenueEstimated": 2670330000,
    "updatedFromDate": "2025-09-12",
    "fiscalDateEnding": "2021-04-02"
  },
  {
    "date": "2021-01-21",
    "symbol": "STX",
    "eps": 1.29,
    "epsEstimated": 1.13,
    "time": "amc",
    "revenue": 2623000000,
    "revenueEstimated": 2559950000,
    "updatedFromDate": "2025-09-12",
    "fiscalDateEnding": "2021-01-01"
  },
  {
    "date": "2020-10-22",
    "symbol": "STX",
    "eps": 0.93,
    "epsEstimated": 0.88,
    "time": "amc",
    "revenue": 2314000000,
    "revenueEstimated": 2214473118,
    "updatedFromDate": "2025-09-12",
    "fiscalDateEnding": "2020-10-02"
  },
  {
    "date": "2020-07-28",
    "symbol": "STX",
    "eps": 1.2,
    "epsEstimated": 1.28,
    "time": "amc",
    "revenue": 2517000000,
    "revenueEstimated": 2705775000,
    "updatedFromDate": "2025-09-12",
    "fiscalDateEnding": "2020-07-03"
  },
  {
    "date": "2020-04-22",
    "symbol": "STX",
    "eps": 1.38,
    "epsEstimated": 1.3,
    "time": "amc",
    "revenue": 2718000000,
    "revenueEstimated": 2560434782,
    "updatedFromDate": "2025-09-12",
    "fiscalDateEnding": "2020-04-03"
  },
  {
    "date": "2020-02-04",
    "symbol": "STX",
    "eps": 1.35,
    "epsEstimated": 1.32,
    "time": "amc",
    "revenue": 2696000000,
    "revenueEstimated": 2636088888,
    "updatedFromDate": "2025-09-12",
    "fiscalDateEnding": "2020-01-03"
  },
  {
    "date": "2019-11-01",
    "symbol": "STX",
    "eps": 1.03,
    "epsEstimated": 1,
    "time": "bmo",
    "revenue": 2578000000,
    "revenueEstimated": 2527941747,
    "updatedFromDate": "2025-09-12",
    "fiscalDateEnding": "2019-10-04"
  },
  {
    "date": "2019-08-02",
    "symbol": "STX",
    "eps": 0.86,
    "epsEstimated": 0.83,
    "time": "bmo",
    "revenue": 2371000000,
    "revenueEstimated": 2315860465,
    "updatedFromDate": "2025-09-12",
    "fiscalDateEnding": "2019-06-28"
  },
  {
    "date": "2019-04-30",
    "symbol": "STX",
    "eps": 0.83,
    "epsEstimated": 0.71,
    "time": "bmo",
    "revenue": 2313000000,
    "revenueEstimated": 1978590361,
    "updatedFromDate": "2025-09-12",
    "fiscalDateEnding": "2019-03-29"
  },
  {
    "date": "2019-02-04",
    "symbol": "STX",
    "eps": 1.41,
    "epsEstimated": 1.27,
    "time": "amc",
    "revenue": 2715000000,
    "revenueEstimated": 2445425531,
    "updatedFromDate": "2025-09-12",
    "fiscalDateEnding": "2018-12-28"
  },
  {
    "date": "2018-11-02",
    "symbol": "STX",
    "eps": 1.7,
    "epsEstimated": 1.55,
    "time": "bmo",
    "revenue": 2991000000,
    "revenueEstimated": 2727088235,
    "updatedFromDate": "2025-09-12",
    "fiscalDateEnding": "2018-09-28"
  },
  {
    "date": "2018-07-30",
    "symbol": "STX",
    "eps": 1.62,
    "epsEstimated": 1.45,
    "time": "bmo",
    "revenue": 2835000000,
    "revenueEstimated": 2537499999,
    "updatedFromDate": "2025-09-12",
    "fiscalDateEnding": "2018-06-29"
  },
  {
    "date": "2018-05-01",
    "symbol": "STX",
    "eps": 1.46,
    "epsEstimated": 1.33,
    "time": "bmo",
    "revenue": 2803000000,
    "revenueEstimated": 2553417808,
    "updatedFromDate": "2025-09-12",
    "fiscalDateEnding": "2018-03-30"
  },
  {
    "date": "2018-01-29",
    "symbol": "STX",
    "eps": 1.48,
    "epsEstimated": 1.4,
    "time": "bmo",
    "revenue": 2914000000,
    "revenueEstimated": 2658040540,
    "updatedFromDate": "2025-09-12",
    "fiscalDateEnding": "2017-12-29"
  },
  {
    "date": "2017-10-23",
    "symbol": "STX",
    "eps": 0.96,
    "epsEstimated": 0.86,
    "time": "bmo",
    "revenue": 2632000000,
    "revenueEstimated": 2357833333,
    "updatedFromDate": "2025-09-12",
    "fiscalDateEnding": "2017-09-29"
  },
  {
    "date": "2017-07-25",
    "symbol": "STX",
    "eps": 0.65,
    "epsEstimated": 0.99,
    "time": "bmo",
    "revenue": 2406000000,
    "revenueEstimated": 3627507692,
    "updatedFromDate": "2025-09-12",
    "fiscalDateEnding": "2017-06-30"
  },
  {
    "date": "2017-04-26",
    "symbol": "STX",
    "eps": 1.1,
    "epsEstimated": 1.06,
    "time": "amc",
    "revenue": 2674000000,
    "revenueEstimated": 2601072727,
    "updatedFromDate": "2025-09-12",
    "fiscalDateEnding": "2017-03-31"
  },
  {
    "date": "2017-01-24",
    "symbol": "STX",
    "eps": 1.38,
    "epsEstimated": 1.07,
    "time": "amc",
    "revenue": 2894000000,
    "revenueEstimated": 2264869565,
    "updatedFromDate": "2025-09-12",
    "fiscalDateEnding": "2016-12-30"
  },
  {
    "date": "2016-10-19",
    "symbol": "STX",
    "eps": 0.99,
    "epsEstimated": 0.89,
    "time": "bmo",
    "revenue": 2797000000,
    "revenueEstimated": 2542727272,
    "updatedFromDate": "2025-09-12",
    "fiscalDateEnding": "2016-09-30"
  },
  {
    "date": "2016-08-02",
    "symbol": "STX",
    "eps": 0.69,
    "epsEstimated": 0.6,
    "time": "bmo",
    "revenue": 2654000000,
    "revenueEstimated": 2307826086,
    "updatedFromDate": "2025-09-12",
    "fiscalDateEnding": "2016-07-01"
  }
]