[
  {
    "date": "2026-04-07",
    "symbol": "STZ",
    "eps": null,
    "epsEstimated": null,
    "time": "bmo",
    "revenue": null,
    "revenueEstimated": null,
    "updatedFromDate": "2025-10-02",
    "fiscalDateEnding": "2026-02-28"
  },
  {
    "date": "2026-01-08",
    "symbol": "STZ",
    "eps": null,
    "epsEstimated": null,
    "time": "bmo",
    "revenue": null,
    "revenueEstimated": null,
    "updatedFromDate": "2025-10-02",
    "fiscalDateEnding": "2025-11-30"
  },
  {
    "date": "2025-10-06",
    "symbol": "STZ",
    "eps": null,
    "epsEstimated": 3.37,
    "time": "amc",
    "revenue": null,
    "revenueEstimated": 2475333580,
    "updatedFromDate": "2025-10-02",
    "fiscalDateEnding": "2025-08-31"
  },
  {
    "date": "2025-07-01",
    "symbol": "STZ",
    "eps": 3.22,
    "epsEstimated": 3.31,
    "time": "amc",
    "revenue": 2514700000,
    "revenueEstimated": 2553539266,
    "updatedFromDate": "2025-09-30",
    "fiscalDateEnding": "2025-05-31"
  },
  {
    "date": "2025-04-09",
    "symbol": "STZ",
    "eps": 2.63,
    "epsEstimated": 2.27,
    "time": "amc",
    "revenue": 2164200000,
    "revenueEstimated": 2125878016,
    "updatedFromDate": "2025-07-09",
    "fiscalDateEnding": "2025-02-28"
  },
  {
    "date": "2025-01-10",
    "symbol": "STZ",
    "eps": 3.25,
    "epsEstimated": 3.31,
    "time": "bmo",
    "revenue": 2463800000,
    "revenueEstimated": 2530658907,
    "updatedFromDate": "2025-04-25",
    "fiscalDateEnding": "2024-11-30"
  },
  {
    "date": "2024-10-03",
    "symbol": "STZ",
    "eps": 4.32,
    "epsEstimated": 4.08,
    "time": "bmo",
    "revenue": 2918900000,
    "revenueEstimated": 2946318458,
    "updatedFromDate": "2025-04-25",
    "fiscalDateEnding": "2024-08-31"
  },
  {
    "date": "2024-07-03",
    "symbol": "STZ",
    "eps": 3.57,
    "epsEstimated": 3.46,
    "time": "bmo",
    "revenue": 2661700000,
    "revenueEstimated": 2669085353,
    "updatedFromDate": "2025-04-25",
    "fiscalDateEnding": "2024-05-31"
  },
  {
    "date": "2024-04-11",
    "symbol": "STZ",
    "eps": 2.26,
    "epsEstimated": 2.08,
    "time": "bmo",
    "revenue": 2139100000,
    "revenueEstimated": 2094731033,
    "updatedFromDate": "2025-04-25",
    "fiscalDateEnding": "2024-02-29"
  },
  {
    "date": "2024-01-05",
    "symbol": "STZ",
    "eps": 3.19,
    "epsEstimated": 3,
    "time": "bmo",
    "revenue": 2470900000,
    "revenueEstimated": 2544740000,
    "updatedFromDate": "2025-04-25",
    "fiscalDateEnding": "2023-11-30"
  },
  {
    "date": "2023-10-05",
    "symbol": "STZ",
    "eps": 3.7,
    "epsEstimated": 3.36,
    "time": "bmo",
    "revenue": 2836800000,
    "revenueEstimated": 2822450000,
    "updatedFromDate": "2025-04-25",
    "fiscalDateEnding": "2023-08-31"
  },
  {
    "date": "2023-06-30",
    "symbol": "STZ",
    "eps": 2.91,
    "epsEstimated": 2.83,
    "time": "bmo",
    "revenue": 2514900000,
    "revenueEstimated": 2810560000,
    "updatedFromDate": "2025-04-25",
    "fiscalDateEnding": "2023-05-31"
  },
  {
    "date": "2023-04-06",
    "symbol": "STZ",
    "eps": 1.98,
    "epsEstimated": 1.86,
    "time": "bmo",
    "revenue": 1997800000,
    "revenueEstimated": 2016200000,
    "updatedFromDate": "2025-04-25",
    "fiscalDateEnding": "2023-02-28"
  },
  {
    "date": "2023-01-05",
    "symbol": "STZ",
    "eps": 2.83,
    "epsEstimated": 2.89,
    "time": "bmo",
    "revenue": 2436500000,
    "revenueEstimated": 2379212875,
    "updatedFromDate": "2025-04-25",
    "fiscalDateEnding": "2022-11-30"
  },
  {
    "date": "2022-10-06",
    "symbol": "STZ",
    "eps": 3.17,
    "epsEstimated": 2.88,
    "time": "bmo",
    "revenue": 2655100000,
    "revenueEstimated": 2508087871,
    "updatedFromDate": "2025-04-25",
    "fiscalDateEnding": "2022-08-31"
  },
  {
    "date": "2022-06-30",
    "symbol": "STZ",
    "eps": 2.66,
    "epsEstimated": 2.51,
    "time": "bmo",
    "revenue": 2363200000,
    "revenueEstimated": 2167863236,
    "updatedFromDate": "2025-04-25",
    "fiscalDateEnding": "2022-05-31"
  },
  {
    "date": "2022-04-07",
    "symbol": "STZ",
    "eps": 2.37,
    "epsEstimated": 2.1,
    "time": "bmo",
    "revenue": 2102500000,
    "revenueEstimated": 2016903104,
    "updatedFromDate": "2025-04-25",
    "fiscalDateEnding": "2022-02-28"
  },
  {
    "date": "2022-01-06",
    "symbol": "STZ",
    "eps": 3.12,
    "epsEstimated": 2.76,
    "time": "bmo",
    "revenue": 2320600000,
    "revenueEstimated": 2016330000,
    "updatedFromDate": "2025-04-25",
    "fiscalDateEnding": "2021-11-30"
  },
  {
    "date": "2021-10-06",
    "symbol": "STZ",
    "eps": 2.38,
    "epsEstimated": 2.78,
    "time": "bmo",
    "revenue": 2371100000,
    "revenueEstimated": 2280680000,
    "updatedFromDate": "2025-04-25",
    "fiscalDateEnding": "2021-08-31"
  },
  {
    "date": "2021-06-30",
    "symbol": "STZ",
    "eps": 2.33,
    "epsEstimated": 2.35,
    "time": "bmo",
    "revenue": 2026500000,
    "revenueEstimated": 2038100000,
    "updatedFromDate": "2025-04-25",
    "fiscalDateEnding": "2021-05-31"
  },
  {
    "date": "2021-04-08",
    "symbol": "STZ",
    "eps": 1.82,
    "epsEstimated": 1.55,
    "time": "bmo",
    "revenue": 1953000000,
    "revenueEstimated": 1863770000,
    "updatedFromDate": "2025-04-25",
    "fiscalDateEnding": "2021-02-28"
  },
  {
    "date": "2021-01-07",
    "symbol": "STZ",
    "eps": 3.09,
    "epsEstimated": 2.41,
    "time": "bmo",
    "revenue": 2438100000,
    "revenueEstimated": 1723941422,
    "updatedFromDate": "2025-04-25",
    "fiscalDateEnding": "2020-11-30"
  },
  {
    "date": "2020-10-01",
    "symbol": "STZ",
    "eps": 2.76,
    "epsEstimated": 2.51,
    "time": "bmo",
    "revenue": 2260400000,
    "revenueEstimated": 2055653623,
    "updatedFromDate": "2025-04-25",
    "fiscalDateEnding": "2020-08-31"
  },
  {
    "date": "2020-07-01",
    "symbol": "STZ",
    "eps": 2.3,
    "epsEstimated": 2.03,
    "time": "bmo",
    "revenue": 1963400000,
    "revenueEstimated": 1715840869,
    "updatedFromDate": "2025-04-25",
    "fiscalDateEnding": "2020-05-31"
  },
  {
    "date": "2020-04-03",
    "symbol": "STZ",
    "eps": 2.06,
    "epsEstimated": 1.65,
    "time": "bmo",
    "revenue": 1902900000,
    "revenueEstimated": 1524167475,
    "updatedFromDate": "2025-04-25",
    "fiscalDateEnding": "2020-02-29"
  },
  {
    "date": "2020-01-08",
    "symbol": "STZ",
    "eps": 2.14,
    "epsEstimated": 1.83,
    "time": "bmo",
    "revenue": 1999400000,
    "revenueEstimated": 1709767289,
    "updatedFromDate": "2025-04-25",
    "fiscalDateEnding": "2019-11-30"
  },
  {
    "date": "2019-10-03",
    "symbol": "STZ",
    "eps": 2.72,
    "epsEstimated": 2.61,
    "time": "bmo",
    "revenue": 2344000000,
    "revenueEstimated": 2240588235,
    "updatedFromDate": "2025-04-25",
    "fiscalDateEnding": "2019-08-31"
  },
  {
    "date": "2019-06-28",
    "symbol": "STZ",
    "eps": 2.21,
    "epsEstimated": 2.07,
    "time": "bmo",
    "revenue": 2097200000,
    "revenueEstimated": 1945366515,
    "updatedFromDate": "2025-04-25",
    "fiscalDateEnding": "2019-05-31"
  },
  {
    "date": "2019-04-04",
    "symbol": "STZ",
    "eps": 1.84,
    "epsEstimated": 1.71,
    "time": "bmo",
    "revenue": 1797200000,
    "revenueEstimated": 1670223913,
    "updatedFromDate": "2025-04-25",
    "fiscalDateEnding": "2019-02-28"
  },
  {
    "date": "2019-01-09",
    "symbol": "STZ",
    "eps": 2.37,
    "epsEstimated": 2.04,
    "time": "bmo",
    "revenue": 1972600000,
    "revenueEstimated": 1714580590,
    "updatedFromDate": "2025-04-25",
    "fiscalDateEnding": "2018-11-30"
  },
  {
    "date": "2018-10-04",
    "symbol": "STZ",
    "eps": 2.87,
    "epsEstimated": 2.58,
    "time": "bmo",
    "revenue": 2299100000,
    "revenueEstimated": 2082808362,
    "updatedFromDate": "2025-04-25",
    "fiscalDateEnding": "2018-08-31"
  },
  {
    "date": "2018-06-29",
    "symbol": "STZ",
    "eps": 2.2,
    "epsEstimated": 2.42,
    "time": "bmo",
    "revenue": 2047100000,
    "revenueEstimated": 2261115000,
    "updatedFromDate": "2025-04-25",
    "fiscalDateEnding": "2018-05-31"
  },
  {
    "date": "2018-03-29",
    "symbol": "STZ",
    "eps": 1.9,
    "epsEstimated": 1.74,
    "time": "bmo",
    "revenue": 1765900000,
    "revenueEstimated": 1622894736,
    "updatedFromDate": "2025-04-25",
    "fiscalDateEnding": "2018-02-28"
  },
  {
    "date": "2018-01-05",
    "symbol": "STZ",
    "eps": 2,
    "epsEstimated": 1.89,
    "time": "bmo",
    "revenue": 1799100000,
    "revenueEstimated": 1702795500,
    "updatedFromDate": "2025-04-25",
    "fiscalDateEnding": "2017-11-30"
  },
  {
    "date": "2017-10-05",
    "symbol": "STZ",
    "eps": 2.47,
    "epsEstimated": 2.16,
    "time": "bmo",
    "revenue": 2084500000,
    "revenueEstimated": 1834308906,
    "updatedFromDate": "2025-04-25",
    "fiscalDateEnding": "2017-08-31"
  },
  {
    "date": "2017-06-29",
    "symbol": "STZ",
    "eps": 2.34,
    "epsEstimated": 1.98,
    "time": "bmo",
    "revenue": 1935500000,
    "revenueEstimated": 1631807692,
    "updatedFromDate": "2025-04-25",
    "fiscalDateEnding": "2017-05-31"
  },
  {
    "date": "2017-04-06",
    "symbol": "STZ",
    "eps": 1.48,
    "epsEstimated": 1.37,
    "time": "bmo",
    "revenue": 1628000000,
    "revenueEstimated": 1486443243,
    "updatedFromDate": "2025-04-25",
    "fiscalDateEnding": "2017-02-28"
  },
  {
    "date": "2017-01-05",
    "symbol": "STZ",
    "eps": 1.96,
    "epsEstimated": 1.72,
    "time": "bmo",
    "revenue": 1810500000,
    "revenueEstimated": 1588806122,
    "updatedFromDate": "2025-04-25",
    "fiscalDateEnding": "2016-11-30"
  },
  {
    "date": "2016-10-05",
    "symbol": "STZ",
    "eps": 1.77,
    "epsEstimated": 1.65,
    "time": "bmo",
    "revenue": 2021200000,
    "revenueEstimated": 1884169491,
    "updatedFromDate": "2025-04-25",
    "fiscalDateEnding": "2016-08-31"
  },
  {
    "date": "2016-06-30",
    "symbol": "STZ",
    "eps": 1.54,
    "epsEstimated": 1.52,
    "time": "bmo",
    "revenue": 1871800000,
    "revenueEstimated": 1847490909,
    "updatedFromDate": "2025-04-25",
    "fiscalDateEnding": "2016-05-31"
  }
]