[
  {
    "date": "2026-02-10",
    "symbol": "SW",
    "eps": null,
    "epsEstimated": null,
    "time": "bmo",
    "revenue": null,
    "revenueEstimated": null,
    "updatedFromDate": "2025-10-02",
    "fiscalDateEnding": "2025-12-30"
  },
  {
    "date": "2025-10-29",
    "symbol": "SW",
    "eps": null,
    "epsEstimated": 0.734,
    "time": "bmo",
    "revenue": null,
    "revenueEstimated": 7887100800,
    "updatedFromDate": "2025-10-02",
    "fiscalDateEnding": "2025-09-30"
  },
  {
    "date": "2025-07-30",
    "symbol": "SW",
    "eps": 0.45,
    "epsEstimated": 0.594,
    "time": "bmo",
    "revenue": 9302723600,
    "revenueEstimated": 7896703546,
    "updatedFromDate": "2025-10-02",
    "fiscalDateEnding": "2025-06-30"
  },
  {
    "date": "2025-05-01",
    "symbol": "SW",
    "eps": 0.73,
    "epsEstimated": 0.667,
    "time": "bmo",
    "revenue": 7640635000,
    "revenueEstimated": 7750560592,
    "updatedFromDate": "2025-09-18",
    "fiscalDateEnding": "2025-03-31"
  },
  {
    "date": "2025-02-12",
    "symbol": "SW",
    "eps": 0.34,
    "epsEstimated": 0.648,
    "time": "bmo",
    "revenue": 7538794000,
    "revenueEstimated": 7713616997,
    "updatedFromDate": "2025-09-18",
    "fiscalDateEnding": "2024-12-31"
  },
  {
    "date": "2024-10-30",
    "symbol": "SW",
    "eps": 0.48,
    "epsEstimated": 0.732,
    "time": "bmo",
    "revenue": 7671829000,
    "revenueEstimated": 8105010129,
    "updatedFromDate": "2025-09-18",
    "fiscalDateEnding": "2024-09-30"
  },
  {
    "date": "2024-07-30",
    "symbol": "SW",
    "eps": 0.51,
    "epsEstimated": 0.76,
    "time": "amc",
    "revenue": 2766514200,
    "revenueEstimated": 8040920000,
    "updatedFromDate": "2025-09-18",
    "fiscalDateEnding": "2024-06-30"
  },
  {
    "date": "2024-06-07",
    "symbol": "SW",
    "eps": 0.684,
    "epsEstimated": null,
    "time": "bmo",
    "revenue": 2726365000,
    "revenueEstimated": null,
    "updatedFromDate": "2025-09-18",
    "fiscalDateEnding": "2024-03-31"
  },
  {
    "date": "2023-12-30",
    "symbol": "SW",
    "eps": 0.2347,
    "epsEstimated": null,
    "time": "bmo",
    "revenue": 3229067429,
    "revenueEstimated": null,
    "updatedFromDate": "2025-09-18",
    "fiscalDateEnding": "2023-12-31"
  },
  {
    "date": "2023-09-30",
    "symbol": "SW",
    "eps": 0.884,
    "epsEstimated": null,
    "time": "bmo",
    "revenue": 2764415958,
    "revenueEstimated": null,
    "updatedFromDate": "2025-09-18",
    "fiscalDateEnding": "2023-09-30"
  },
  {
    "date": "2023-06-29",
    "symbol": "SW",
    "eps": 1.81,
    "epsEstimated": null,
    "time": "bmo",
    "revenue": 5783168669,
    "revenueEstimated": null,
    "updatedFromDate": "2025-09-18",
    "fiscalDateEnding": "2023-06-30"
  },
  {
    "date": "2022-12-30",
    "symbol": "SW",
    "eps": 1.32,
    "epsEstimated": 1.58,
    "time": "bmo",
    "revenue": 6054326269,
    "revenueEstimated": 6688903500,
    "updatedFromDate": "2025-09-18",
    "fiscalDateEnding": "2022-12-31"
  },
  {
    "date": "2022-06-28",
    "symbol": "SW",
    "eps": 2.31,
    "epsEstimated": 1.92,
    "time": "bmo",
    "revenue": 6665533612,
    "revenueEstimated": 6348132750,
    "updatedFromDate": "2025-09-18",
    "fiscalDateEnding": "2022-06-30"
  },
  {
    "date": "2021-12-29",
    "symbol": "SW",
    "eps": 1.45,
    "epsEstimated": 1.64,
    "time": "bmo",
    "revenue": 5556091806,
    "revenueEstimated": 5799984400,
    "updatedFromDate": "2025-09-18",
    "fiscalDateEnding": "2021-12-31"
  },
  {
    "date": "2021-06-28",
    "symbol": "SW",
    "eps": 1.21,
    "epsEstimated": 1.33,
    "time": "bmo",
    "revenue": 4751968153,
    "revenueEstimated": 5341397900,
    "updatedFromDate": "2025-09-18",
    "fiscalDateEnding": "2021-06-30"
  },
  {
    "date": "2020-12-29",
    "symbol": "SW",
    "eps": 1.06,
    "epsEstimated": 1.37,
    "time": "bmo",
    "revenue": 4168809362,
    "revenueEstimated": 5084446950,
    "updatedFromDate": "2025-09-18",
    "fiscalDateEnding": "2020-12-31"
  },
  {
    "date": "2020-06-28",
    "symbol": "SW",
    "eps": 1.14,
    "epsEstimated": 1.14,
    "time": "bmo",
    "revenue": 4113174165,
    "revenueEstimated": 4853680000,
    "updatedFromDate": "2025-09-18",
    "fiscalDateEnding": "2020-06-30"
  }
]