[
  {
    "date": "2026-04-28",
    "symbol": "SWK",
    "eps": null,
    "epsEstimated": null,
    "time": "bmo",
    "revenue": null,
    "revenueEstimated": null,
    "updatedFromDate": "2025-10-02",
    "fiscalDateEnding": "2026-03-28"
  },
  {
    "date": "2026-02-03",
    "symbol": "SWK",
    "eps": null,
    "epsEstimated": null,
    "time": "bmo",
    "revenue": null,
    "revenueEstimated": null,
    "updatedFromDate": "2025-10-02",
    "fiscalDateEnding": "2025-12-28"
  },
  {
    "date": "2025-11-04",
    "symbol": "SWK",
    "eps": null,
    "epsEstimated": 1.31,
    "time": "bmo",
    "revenue": null,
    "revenueEstimated": 3765764370,
    "updatedFromDate": "2025-10-02",
    "fiscalDateEnding": "2025-09-28"
  },
  {
    "date": "2025-07-29",
    "symbol": "SWK",
    "eps": 1.08,
    "epsEstimated": 0.4603,
    "time": "bmo",
    "revenue": 3945200000,
    "revenueEstimated": 3994164958,
    "updatedFromDate": "2025-10-02",
    "fiscalDateEnding": "2025-06-28"
  },
  {
    "date": "2025-04-30",
    "symbol": "SWK",
    "eps": 0.75,
    "epsEstimated": 0.655,
    "time": "bmo",
    "revenue": 3744600000,
    "revenueEstimated": 3690620242,
    "updatedFromDate": "2025-07-30",
    "fiscalDateEnding": "2025-03-29"
  },
  {
    "date": "2025-02-05",
    "symbol": "SWK",
    "eps": 1.49,
    "epsEstimated": 1.27,
    "time": "bmo",
    "revenue": 3720500000,
    "revenueEstimated": 3578451158,
    "updatedFromDate": "2025-05-05",
    "fiscalDateEnding": "2024-12-28"
  },
  {
    "date": "2024-10-29",
    "symbol": "SWK",
    "eps": 1.22,
    "epsEstimated": 1.11,
    "time": "bmo",
    "revenue": 3751300000,
    "revenueEstimated": 3793040067,
    "updatedFromDate": "2025-04-25",
    "fiscalDateEnding": "2024-09-28"
  },
  {
    "date": "2024-07-30",
    "symbol": "SWK",
    "eps": 1.09,
    "epsEstimated": 0.837,
    "time": "bmo",
    "revenue": 4024400000,
    "revenueEstimated": 4016245542,
    "updatedFromDate": "2025-04-25",
    "fiscalDateEnding": "2024-06-29"
  },
  {
    "date": "2024-05-02",
    "symbol": "SWK",
    "eps": 0.56,
    "epsEstimated": 0.545,
    "time": "bmo",
    "revenue": 3869500000,
    "revenueEstimated": 3826795364,
    "updatedFromDate": "2025-04-25",
    "fiscalDateEnding": "2024-03-30"
  },
  {
    "date": "2024-02-01",
    "symbol": "SWK",
    "eps": 0.92,
    "epsEstimated": 0.73,
    "time": "bmo",
    "revenue": 3736500000,
    "revenueEstimated": 3838570000,
    "updatedFromDate": "2025-04-25",
    "fiscalDateEnding": "2023-12-30"
  },
  {
    "date": "2023-10-27",
    "symbol": "SWK",
    "eps": 1.05,
    "epsEstimated": 0.84,
    "time": "bmo",
    "revenue": 3953900000,
    "revenueEstimated": 3969480000,
    "updatedFromDate": "2025-04-25",
    "fiscalDateEnding": "2023-09-30"
  },
  {
    "date": "2023-08-01",
    "symbol": "SWK",
    "eps": -0.11,
    "epsEstimated": -0.38,
    "time": "bmo",
    "revenue": 4158900000,
    "revenueEstimated": 4138790000,
    "updatedFromDate": "2025-04-25",
    "fiscalDateEnding": "2023-07-01"
  },
  {
    "date": "2023-05-04",
    "symbol": "SWK",
    "eps": -0.41,
    "epsEstimated": -0.73,
    "time": "bmo",
    "revenue": 3931800000,
    "revenueEstimated": 4007940000,
    "updatedFromDate": "2025-04-25",
    "fiscalDateEnding": "2023-04-01"
  },
  {
    "date": "2023-02-02",
    "symbol": "SWK",
    "eps": -0.1,
    "epsEstimated": -0.33,
    "time": "bmo",
    "revenue": 3986800000,
    "revenueEstimated": 3880780824,
    "updatedFromDate": "2025-04-25",
    "fiscalDateEnding": "2022-12-31"
  },
  {
    "date": "2022-10-27",
    "symbol": "SWK",
    "eps": 0.76,
    "epsEstimated": 0.73,
    "time": "bmo",
    "revenue": 4119600000,
    "revenueEstimated": 3982691607,
    "updatedFromDate": "2025-04-25",
    "fiscalDateEnding": "2022-10-01"
  },
  {
    "date": "2022-07-28",
    "symbol": "SWK",
    "eps": 1.77,
    "epsEstimated": 2.12,
    "time": "bmo",
    "revenue": 4393000000,
    "revenueEstimated": 4742657427,
    "updatedFromDate": "2025-04-25",
    "fiscalDateEnding": "2022-07-02"
  },
  {
    "date": "2022-04-28",
    "symbol": "SWK",
    "eps": 2.1,
    "epsEstimated": 1.68,
    "time": "bmo",
    "revenue": 4448000000,
    "revenueEstimated": 4623160364,
    "updatedFromDate": "2025-04-25",
    "fiscalDateEnding": "2022-04-02"
  },
  {
    "date": "2022-02-01",
    "symbol": "SWK",
    "eps": 2.43,
    "epsEstimated": 2.05,
    "time": "bmo",
    "revenue": 4068300000,
    "revenueEstimated": 4442172795,
    "updatedFromDate": "2025-04-25",
    "fiscalDateEnding": "2022-01-01"
  },
  {
    "date": "2021-10-28",
    "symbol": "SWK",
    "eps": 2.77,
    "epsEstimated": 2.47,
    "time": "bmo",
    "revenue": 4263200000,
    "revenueEstimated": 4281390000,
    "updatedFromDate": "2025-04-25",
    "fiscalDateEnding": "2021-10-02"
  },
  {
    "date": "2021-07-27",
    "symbol": "SWK",
    "eps": 3.08,
    "epsEstimated": 2.9,
    "time": "bmo",
    "revenue": 4300900000,
    "revenueEstimated": 4283060000,
    "updatedFromDate": "2025-04-25",
    "fiscalDateEnding": "2021-07-03"
  },
  {
    "date": "2021-04-28",
    "symbol": "SWK",
    "eps": 3.13,
    "epsEstimated": 2.56,
    "time": "bmo",
    "revenue": 4197100000,
    "revenueEstimated": 3910010000,
    "updatedFromDate": "2025-04-25",
    "fiscalDateEnding": "2021-04-03"
  },
  {
    "date": "2021-01-28",
    "symbol": "SWK",
    "eps": 3.29,
    "epsEstimated": 2.98,
    "time": "bmo",
    "revenue": 4407600000,
    "revenueEstimated": 3949091275,
    "updatedFromDate": "2025-04-25",
    "fiscalDateEnding": "2021-01-02"
  },
  {
    "date": "2020-10-27",
    "symbol": "SWK",
    "eps": 2.89,
    "epsEstimated": 2.73,
    "time": "bmo",
    "revenue": 3850200000,
    "revenueEstimated": 3624547252,
    "updatedFromDate": "2025-04-25",
    "fiscalDateEnding": "2020-09-26"
  },
  {
    "date": "2020-07-30",
    "symbol": "SWK",
    "eps": 1.6,
    "epsEstimated": 1.23,
    "time": "bmo",
    "revenue": 3147400000,
    "revenueEstimated": 2419563750,
    "updatedFromDate": "2025-04-25",
    "fiscalDateEnding": "2020-06-27"
  },
  {
    "date": "2020-04-30",
    "symbol": "SWK",
    "eps": 1.2,
    "epsEstimated": 1.13,
    "time": "bmo",
    "revenue": 3129400000,
    "revenueEstimated": 2868616666,
    "updatedFromDate": "2025-04-25",
    "fiscalDateEnding": "2020-03-28"
  },
  {
    "date": "2020-01-29",
    "symbol": "SWK",
    "eps": 2.18,
    "epsEstimated": 2.16,
    "time": "bmo",
    "revenue": 3714200000,
    "revenueEstimated": 3714200000,
    "updatedFromDate": "2025-04-25",
    "fiscalDateEnding": "2019-12-28"
  },
  {
    "date": "2019-10-24",
    "symbol": "SWK",
    "eps": 2.13,
    "epsEstimated": 2.02,
    "time": "bmo",
    "revenue": 3633100000,
    "revenueEstimated": 3462531924,
    "updatedFromDate": "2025-04-25",
    "fiscalDateEnding": "2019-09-28"
  },
  {
    "date": "2019-07-23",
    "symbol": "SWK",
    "eps": 2.66,
    "epsEstimated": 2.54,
    "time": "bmo",
    "revenue": 3761300000,
    "revenueEstimated": 3591617293,
    "updatedFromDate": "2025-04-25",
    "fiscalDateEnding": "2019-06-29"
  },
  {
    "date": "2019-04-24",
    "symbol": "SWK",
    "eps": 1.42,
    "epsEstimated": 1.11,
    "time": "bmo",
    "revenue": 3333600000,
    "revenueEstimated": 2605842253,
    "updatedFromDate": "2025-04-25",
    "fiscalDateEnding": "2019-03-30"
  },
  {
    "date": "2019-01-22",
    "symbol": "SWK",
    "eps": 2.11,
    "epsEstimated": 2.11,
    "time": "bmo",
    "revenue": 3634700000,
    "revenueEstimated": 3617473933,
    "updatedFromDate": "2025-04-25",
    "fiscalDateEnding": "2018-12-29"
  },
  {
    "date": "2018-10-25",
    "symbol": "SWK",
    "eps": 2.08,
    "epsEstimated": 2.03,
    "time": "bmo",
    "revenue": 3494800000,
    "revenueEstimated": 3427592307,
    "updatedFromDate": "2025-04-25",
    "fiscalDateEnding": "2018-09-29"
  },
  {
    "date": "2018-07-20",
    "symbol": "SWK",
    "eps": 2.57,
    "epsEstimated": 2.03,
    "time": "bmo",
    "revenue": 3643600000,
    "revenueEstimated": 2863841245,
    "updatedFromDate": "2025-04-25",
    "fiscalDateEnding": "2018-06-30"
  },
  {
    "date": "2018-04-20",
    "symbol": "SWK",
    "eps": 1.39,
    "epsEstimated": 1.35,
    "time": "bmo",
    "revenue": 3209300000,
    "revenueEstimated": 3116946043,
    "updatedFromDate": "2025-04-25",
    "fiscalDateEnding": "2018-03-31"
  },
  {
    "date": "2018-01-24",
    "symbol": "SWK",
    "eps": 2.18,
    "epsEstimated": 2.14,
    "time": "bmo",
    "revenue": 3413500000,
    "revenueEstimated": 3400636697,
    "updatedFromDate": "2025-04-25",
    "fiscalDateEnding": "2017-12-30"
  },
  {
    "date": "2017-10-24",
    "symbol": "SWK",
    "eps": 1.95,
    "epsEstimated": 1.87,
    "time": "bmo",
    "revenue": 3298600000,
    "revenueEstimated": 3221578461,
    "updatedFromDate": "2025-04-25",
    "fiscalDateEnding": "2017-09-30"
  },
  {
    "date": "2017-07-24",
    "symbol": "SWK",
    "eps": 2.01,
    "epsEstimated": 1.97,
    "time": "bmo",
    "revenue": 3229500000,
    "revenueEstimated": 3221293034,
    "updatedFromDate": "2025-04-25",
    "fiscalDateEnding": "2017-07-01"
  },
  {
    "date": "2017-04-21",
    "symbol": "SWK",
    "eps": 1.29,
    "epsEstimated": 1.19,
    "time": "bmo",
    "revenue": 2805600000,
    "revenueEstimated": 2634881395,
    "updatedFromDate": "2025-04-25",
    "fiscalDateEnding": "2017-04-01"
  },
  {
    "date": "2017-01-26",
    "symbol": "SWK",
    "eps": 1.71,
    "epsEstimated": 1.68,
    "time": "bmo",
    "revenue": 2920400000,
    "revenueEstimated": 2869164912,
    "updatedFromDate": "2025-04-25",
    "fiscalDateEnding": "2016-12-31"
  },
  {
    "date": "2016-10-27",
    "symbol": "SWK",
    "eps": 1.68,
    "epsEstimated": 1.62,
    "time": "bmo",
    "revenue": 2882000000,
    "revenueEstimated": 2779071428,
    "updatedFromDate": "2025-04-25",
    "fiscalDateEnding": "2016-10-01"
  },
  {
    "date": "2016-07-22",
    "symbol": "SWK",
    "eps": 1.84,
    "epsEstimated": 1.72,
    "time": "bmo",
    "revenue": 2932400000,
    "revenueEstimated": 2741156521,
    "updatedFromDate": "2025-04-25",
    "fiscalDateEnding": "2016-07-02"
  }
]