[
  {
    "date": "2026-04-20",
    "symbol": "SYF",
    "eps": null,
    "epsEstimated": null,
    "time": "bmo",
    "revenue": null,
    "revenueEstimated": null,
    "updatedFromDate": "2025-10-02",
    "fiscalDateEnding": "2026-03-30"
  },
  {
    "date": "2026-01-26",
    "symbol": "SYF",
    "eps": null,
    "epsEstimated": null,
    "time": "bmo",
    "revenue": null,
    "revenueEstimated": null,
    "updatedFromDate": "2025-10-02",
    "fiscalDateEnding": "2025-12-30"
  },
  {
    "date": "2025-10-15",
    "symbol": "SYF",
    "eps": null,
    "epsEstimated": 2.16,
    "time": "bmo",
    "revenue": null,
    "revenueEstimated": 3786128910,
    "updatedFromDate": "2025-10-02",
    "fiscalDateEnding": "2025-09-30"
  },
  {
    "date": "2025-07-22",
    "symbol": "SYF",
    "eps": 2.5,
    "epsEstimated": 1.82,
    "time": "bmo",
    "revenue": 4712000000,
    "revenueEstimated": 3706552281,
    "updatedFromDate": "2025-10-02",
    "fiscalDateEnding": "2025-06-30"
  },
  {
    "date": "2025-04-22",
    "symbol": "SYF",
    "eps": 1.89,
    "epsEstimated": 1.67,
    "time": "bmo",
    "revenue": 5699000000,
    "revenueEstimated": 3775156037,
    "updatedFromDate": "2025-07-22",
    "fiscalDateEnding": "2025-03-31"
  },
  {
    "date": "2025-01-28",
    "symbol": "SYF",
    "eps": 1.91,
    "epsEstimated": 1.93,
    "time": "bmo",
    "revenue": 3801000000,
    "revenueEstimated": 3828991800,
    "updatedFromDate": "2025-04-28",
    "fiscalDateEnding": "2024-12-31"
  },
  {
    "date": "2024-10-16",
    "symbol": "SYF",
    "eps": 1.94,
    "epsEstimated": 1.79,
    "time": "bmo",
    "revenue": 3814000000,
    "revenueEstimated": 3761062634,
    "updatedFromDate": "2025-04-25",
    "fiscalDateEnding": "2024-09-30"
  },
  {
    "date": "2024-07-17",
    "symbol": "SYF",
    "eps": 1.55,
    "epsEstimated": 1.35,
    "time": "bmo",
    "revenue": 4889000000,
    "revenueEstimated": 3674519098,
    "updatedFromDate": "2025-04-25",
    "fiscalDateEnding": "2024-06-30"
  },
  {
    "date": "2024-04-24",
    "symbol": "SYF",
    "eps": 1.18,
    "epsEstimated": 1.34,
    "time": "bmo",
    "revenue": 5961000000,
    "revenueEstimated": 3893757429,
    "updatedFromDate": "2025-04-25",
    "fiscalDateEnding": "2024-03-31"
  },
  {
    "date": "2024-01-23",
    "symbol": "SYF",
    "eps": 1.03,
    "epsEstimated": 0.93,
    "time": "bmo",
    "revenue": 3659000000,
    "revenueEstimated": 4468500000,
    "updatedFromDate": "2025-04-25",
    "fiscalDateEnding": "2023-12-31"
  },
  {
    "date": "2023-10-24",
    "symbol": "SYF",
    "eps": 1.48,
    "epsEstimated": 1.43,
    "time": "bmo",
    "revenue": 5354000000,
    "revenueEstimated": 4299030000,
    "updatedFromDate": "2025-04-25",
    "fiscalDateEnding": "2023-09-30"
  },
  {
    "date": "2023-07-18",
    "symbol": "SYF",
    "eps": 1.32,
    "epsEstimated": 1.24,
    "time": "bmo",
    "revenue": 3294000000,
    "revenueEstimated": 4288940000,
    "updatedFromDate": "2025-04-25",
    "fiscalDateEnding": "2023-06-30"
  },
  {
    "date": "2023-04-19",
    "symbol": "SYF",
    "eps": 1.35,
    "epsEstimated": 1.46,
    "time": "bmo",
    "revenue": 3199000000,
    "revenueEstimated": 3973940000,
    "updatedFromDate": "2025-04-25",
    "fiscalDateEnding": "2023-03-31"
  },
  {
    "date": "2023-01-23",
    "symbol": "SYF",
    "eps": 1.26,
    "epsEstimated": 1.11,
    "time": "bmo",
    "revenue": 3093000000,
    "revenueEstimated": 3050477174,
    "updatedFromDate": "2025-04-25",
    "fiscalDateEnding": "2022-12-31"
  },
  {
    "date": "2022-10-25",
    "symbol": "SYF",
    "eps": 1.47,
    "epsEstimated": 1.38,
    "time": "bmo",
    "revenue": 3972000000,
    "revenueEstimated": 2804313556,
    "updatedFromDate": "2025-04-25",
    "fiscalDateEnding": "2022-09-30"
  },
  {
    "date": "2022-07-18",
    "symbol": "SYF",
    "eps": 1.6,
    "epsEstimated": 1.43,
    "time": "bmo",
    "revenue": 4000000000,
    "revenueEstimated": 2740299614,
    "updatedFromDate": "2025-04-25",
    "fiscalDateEnding": "2022-06-30"
  },
  {
    "date": "2022-04-18",
    "symbol": "SYF",
    "eps": 1.77,
    "epsEstimated": 1.54,
    "time": "bmo",
    "revenue": 3897000000,
    "revenueEstimated": 2663313775,
    "updatedFromDate": "2025-04-25",
    "fiscalDateEnding": "2022-03-31"
  },
  {
    "date": "2022-01-28",
    "symbol": "SYF",
    "eps": 1.48,
    "epsEstimated": 1.48,
    "time": "bmo",
    "revenue": 2730000000,
    "revenueEstimated": 3596640000,
    "updatedFromDate": "2025-04-25",
    "fiscalDateEnding": "2021-12-31"
  },
  {
    "date": "2021-10-19",
    "symbol": "SYF",
    "eps": 2,
    "epsEstimated": 1.51,
    "time": "bmo",
    "revenue": 2486000000,
    "revenueEstimated": 3429020000,
    "updatedFromDate": "2025-04-25",
    "fiscalDateEnding": "2021-09-30"
  },
  {
    "date": "2021-07-20",
    "symbol": "SYF",
    "eps": 2.12,
    "epsEstimated": 1.43,
    "time": "bmo",
    "revenue": 2395000000,
    "revenueEstimated": 3418370000,
    "updatedFromDate": "2025-04-25",
    "fiscalDateEnding": "2021-06-30"
  },
  {
    "date": "2021-04-27",
    "symbol": "SYF",
    "eps": 1.73,
    "epsEstimated": 1.38,
    "time": "bmo",
    "revenue": 2581000000,
    "revenueEstimated": 3619210000,
    "updatedFromDate": "2025-04-25",
    "fiscalDateEnding": "2021-03-31"
  },
  {
    "date": "2021-01-29",
    "symbol": "SYF",
    "eps": 1.24,
    "epsEstimated": 0.91,
    "time": "bmo",
    "revenue": 2694000000,
    "revenueEstimated": 3769681318,
    "updatedFromDate": "2025-04-25",
    "fiscalDateEnding": "2020-12-31"
  },
  {
    "date": "2020-10-20",
    "symbol": "SYF",
    "eps": 0.63,
    "epsEstimated": 0.72,
    "time": "bmo",
    "revenue": 2689000000,
    "revenueEstimated": 4210875000,
    "updatedFromDate": "2025-04-25",
    "fiscalDateEnding": "2020-09-30"
  },
  {
    "date": "2020-07-21",
    "symbol": "SYF",
    "eps": 0.06,
    "epsEstimated": 0.15,
    "time": "bmo",
    "revenue": 2718000000,
    "revenueEstimated": 8727500000,
    "updatedFromDate": "2025-04-25",
    "fiscalDateEnding": "2020-06-30"
  },
  {
    "date": "2020-04-21",
    "symbol": "SYF",
    "eps": 0.45,
    "epsEstimated": -0.1,
    "time": "bmo",
    "revenue": 3061000000,
    "revenueEstimated": 886000000,
    "updatedFromDate": "2025-04-25",
    "fiscalDateEnding": "2020-03-31"
  },
  {
    "date": "2020-01-24",
    "symbol": "SYF",
    "eps": 1.1,
    "epsEstimated": 1.08,
    "time": "bmo",
    "revenue": 3104000000,
    "revenueEstimated": 4057854545,
    "updatedFromDate": "2025-04-25",
    "fiscalDateEnding": "2019-12-31"
  },
  {
    "date": "2019-10-18",
    "symbol": "SYF",
    "eps": 1.22,
    "epsEstimated": 1.13,
    "time": "bmo",
    "revenue": 3458000000,
    "revenueEstimated": 4143950819,
    "updatedFromDate": "2025-04-25",
    "fiscalDateEnding": "2019-09-30"
  },
  {
    "date": "2019-07-19",
    "symbol": "SYF",
    "eps": 0.97,
    "epsEstimated": 0.95,
    "time": "bmo",
    "revenue": 3386000000,
    "revenueEstimated": 4157474226,
    "updatedFromDate": "2025-04-25",
    "fiscalDateEnding": "2019-06-30"
  },
  {
    "date": "2019-04-18",
    "symbol": "SYF",
    "eps": 1,
    "epsEstimated": 0.88,
    "time": "bmo",
    "revenue": 3364000000,
    "revenueEstimated": 4015740000,
    "updatedFromDate": "2025-04-25",
    "fiscalDateEnding": "2019-03-31"
  },
  {
    "date": "2019-01-23",
    "symbol": "SYF",
    "eps": 1.09,
    "epsEstimated": 0.93,
    "time": "bmo",
    "revenue": 3542000000,
    "revenueEstimated": 3751568807,
    "updatedFromDate": "2025-04-25",
    "fiscalDateEnding": "2018-12-31"
  },
  {
    "date": "2018-10-19",
    "symbol": "SYF",
    "eps": 0.91,
    "epsEstimated": 0.8,
    "time": "bmo",
    "revenue": 3398000000,
    "revenueEstimated": 3752967032,
    "updatedFromDate": "2025-04-25",
    "fiscalDateEnding": "2018-09-30"
  },
  {
    "date": "2018-07-27",
    "symbol": "SYF",
    "eps": 0.92,
    "epsEstimated": 0.82,
    "time": "bmo",
    "revenue": 3800000000,
    "revenueEstimated": 3386956521,
    "updatedFromDate": "2025-04-25",
    "fiscalDateEnding": "2018-06-30"
  },
  {
    "date": "2018-04-20",
    "symbol": "SYF",
    "eps": 0.83,
    "epsEstimated": 0.75,
    "time": "bmo",
    "revenue": 3197000000,
    "revenueEstimated": 3539457831,
    "updatedFromDate": "2025-04-25",
    "fiscalDateEnding": "2018-03-31"
  },
  {
    "date": "2018-01-19",
    "symbol": "SYF",
    "eps": 0.7,
    "epsEstimated": 0.63,
    "time": "bmo",
    "revenue": 3199000000,
    "revenueEstimated": 3580200000,
    "updatedFromDate": "2025-04-25",
    "fiscalDateEnding": "2017-12-31"
  },
  {
    "date": "2017-10-20",
    "symbol": "SYF",
    "eps": 0.7,
    "epsEstimated": 0.64,
    "time": "bmo",
    "revenue": 3147000000,
    "revenueEstimated": 3613257142,
    "updatedFromDate": "2025-04-25",
    "fiscalDateEnding": "2017-09-30"
  },
  {
    "date": "2017-07-21",
    "symbol": "SYF",
    "eps": 0.61,
    "epsEstimated": 0.57,
    "time": "bmo",
    "revenue": 3025000000,
    "revenueEstimated": 3451770491,
    "updatedFromDate": "2025-04-25",
    "fiscalDateEnding": "2017-06-30"
  },
  {
    "date": "2017-04-28",
    "symbol": "SYF",
    "eps": 0.61,
    "epsEstimated": 0.73,
    "time": "bmo",
    "revenue": 2996000000,
    "revenueEstimated": 4403934426,
    "updatedFromDate": "2025-04-25",
    "fiscalDateEnding": "2017-03-31"
  },
  {
    "date": "2017-01-20",
    "symbol": "SYF",
    "eps": 0.7,
    "epsEstimated": 0.67,
    "time": "bmo",
    "revenue": 2902000000,
    "revenueEstimated": 3553871428,
    "updatedFromDate": "2025-04-25",
    "fiscalDateEnding": "2016-12-31"
  },
  {
    "date": "2016-10-21",
    "symbol": "SYF",
    "eps": 0.73,
    "epsEstimated": 0.67,
    "time": "bmo",
    "revenue": 2808000000,
    "revenueEstimated": 3271986301,
    "updatedFromDate": "2025-04-25",
    "fiscalDateEnding": "2016-09-30"
  },
  {
    "date": "2016-07-22",
    "symbol": "SYF",
    "eps": 0.58,
    "epsEstimated": 0.54,
    "time": "bmo",
    "revenue": 2631000000,
    "revenueEstimated": 3067758620,
    "updatedFromDate": "2025-04-25",
    "fiscalDateEnding": "2016-06-30"
  }
]