[
  {
    "date": "2026-04-29",
    "symbol": "SYK",
    "eps": null,
    "epsEstimated": null,
    "time": "amc",
    "revenue": null,
    "revenueEstimated": null,
    "updatedFromDate": "2025-10-02",
    "fiscalDateEnding": "2026-03-30"
  },
  {
    "date": "2026-01-26",
    "symbol": "SYK",
    "eps": null,
    "epsEstimated": null,
    "time": "amc",
    "revenue": null,
    "revenueEstimated": null,
    "updatedFromDate": "2025-10-02",
    "fiscalDateEnding": "2025-12-30"
  },
  {
    "date": "2025-11-04",
    "symbol": "SYK",
    "eps": null,
    "epsEstimated": 3.14,
    "time": "amc",
    "revenue": null,
    "revenueEstimated": 6043353800,
    "updatedFromDate": "2025-10-02",
    "fiscalDateEnding": "2025-09-30"
  },
  {
    "date": "2025-07-31",
    "symbol": "SYK",
    "eps": 3.13,
    "epsEstimated": 3.07,
    "time": "amc",
    "revenue": 6022000000,
    "revenueEstimated": 5936119843,
    "updatedFromDate": "2025-10-02",
    "fiscalDateEnding": "2025-06-30"
  },
  {
    "date": "2025-05-01",
    "symbol": "SYK",
    "eps": 2.84,
    "epsEstimated": 2.71,
    "time": "amc",
    "revenue": 5866000000,
    "revenueEstimated": 5691202906,
    "updatedFromDate": "2025-08-01",
    "fiscalDateEnding": "2025-03-31"
  },
  {
    "date": "2025-01-28",
    "symbol": "SYK",
    "eps": 4.01,
    "epsEstimated": 3.87,
    "time": "amc",
    "revenue": 6436000000,
    "revenueEstimated": 6360907788,
    "updatedFromDate": "2025-04-28",
    "fiscalDateEnding": "2024-12-31"
  },
  {
    "date": "2024-10-29",
    "symbol": "SYK",
    "eps": 2.87,
    "epsEstimated": 2.77,
    "time": "amc",
    "revenue": 5494000000,
    "revenueEstimated": 5372588781,
    "updatedFromDate": "2025-04-25",
    "fiscalDateEnding": "2024-09-30"
  },
  {
    "date": "2024-07-30",
    "symbol": "SYK",
    "eps": 2.81,
    "epsEstimated": 2.79,
    "time": "amc",
    "revenue": 5422000000,
    "revenueEstimated": 5404883627,
    "updatedFromDate": "2025-04-25",
    "fiscalDateEnding": "2024-06-30"
  },
  {
    "date": "2024-04-30",
    "symbol": "SYK",
    "eps": 2.5,
    "epsEstimated": 2.35,
    "time": "amc",
    "revenue": 5243000000,
    "revenueEstimated": 5104534155,
    "updatedFromDate": "2025-04-25",
    "fiscalDateEnding": "2024-03-31"
  },
  {
    "date": "2024-01-30",
    "symbol": "SYK",
    "eps": 3.46,
    "epsEstimated": 3.27,
    "time": "amc",
    "revenue": 5815000000,
    "revenueEstimated": 5597560000,
    "updatedFromDate": "2025-04-25",
    "fiscalDateEnding": "2023-12-31"
  },
  {
    "date": "2023-11-02",
    "symbol": "SYK",
    "eps": 2.46,
    "epsEstimated": 2.44,
    "time": "amc",
    "revenue": 4909000000,
    "revenueEstimated": 4862040000,
    "updatedFromDate": "2025-04-25",
    "fiscalDateEnding": "2023-09-30"
  },
  {
    "date": "2023-08-03",
    "symbol": "SYK",
    "eps": 2.54,
    "epsEstimated": 2.38,
    "time": "amc",
    "revenue": 4996000000,
    "revenueEstimated": 4824890000,
    "updatedFromDate": "2025-04-25",
    "fiscalDateEnding": "2023-06-30"
  },
  {
    "date": "2023-05-01",
    "symbol": "SYK",
    "eps": 2.14,
    "epsEstimated": 2,
    "time": "amc",
    "revenue": 4778000000,
    "revenueEstimated": 4560260000,
    "updatedFromDate": "2025-04-25",
    "fiscalDateEnding": "2023-03-31"
  },
  {
    "date": "2023-01-31",
    "symbol": "SYK",
    "eps": 3,
    "epsEstimated": 2.84,
    "time": "amc",
    "revenue": 5202000000,
    "revenueEstimated": 4964107702,
    "updatedFromDate": "2025-04-25",
    "fiscalDateEnding": "2022-12-31"
  },
  {
    "date": "2022-10-31",
    "symbol": "SYK",
    "eps": 2.12,
    "epsEstimated": 2.23,
    "time": "amc",
    "revenue": 4479000000,
    "revenueEstimated": 4467121048,
    "updatedFromDate": "2025-04-25",
    "fiscalDateEnding": "2022-09-30"
  },
  {
    "date": "2022-07-26",
    "symbol": "SYK",
    "eps": 2.25,
    "epsEstimated": 2.27,
    "time": "amc",
    "revenue": 4493000000,
    "revenueEstimated": 4528332623,
    "updatedFromDate": "2025-04-25",
    "fiscalDateEnding": "2022-06-30"
  },
  {
    "date": "2022-04-28",
    "symbol": "SYK",
    "eps": 1.97,
    "epsEstimated": 1.93,
    "time": "amc",
    "revenue": 4275000000,
    "revenueEstimated": 4184710826,
    "updatedFromDate": "2025-04-25",
    "fiscalDateEnding": "2022-03-31"
  },
  {
    "date": "2022-01-27",
    "symbol": "SYK",
    "eps": 2.71,
    "epsEstimated": 2.72,
    "time": "amc",
    "revenue": 4701000000,
    "revenueEstimated": 4649911853,
    "updatedFromDate": "2025-04-25",
    "fiscalDateEnding": "2021-12-31"
  },
  {
    "date": "2021-10-28",
    "symbol": "SYK",
    "eps": 2.2,
    "epsEstimated": 2.28,
    "time": "amc",
    "revenue": 4160000000,
    "revenueEstimated": 4273400000,
    "updatedFromDate": "2025-04-25",
    "fiscalDateEnding": "2021-09-30"
  },
  {
    "date": "2021-07-27",
    "symbol": "SYK",
    "eps": 2.25,
    "epsEstimated": 2.12,
    "time": "amc",
    "revenue": 4294000000,
    "revenueEstimated": 4283600000,
    "updatedFromDate": "2025-04-25",
    "fiscalDateEnding": "2021-06-30"
  },
  {
    "date": "2021-04-27",
    "symbol": "SYK",
    "eps": 1.93,
    "epsEstimated": 1.98,
    "time": "amc",
    "revenue": 3953000000,
    "revenueEstimated": 3967080000,
    "updatedFromDate": "2025-04-25",
    "fiscalDateEnding": "2021-03-31"
  },
  {
    "date": "2021-01-27",
    "symbol": "SYK",
    "eps": 2.81,
    "epsEstimated": 2.55,
    "time": "amc",
    "revenue": 4262000000,
    "revenueEstimated": 3827443137,
    "updatedFromDate": "2025-04-25",
    "fiscalDateEnding": "2020-12-31"
  },
  {
    "date": "2020-10-29",
    "symbol": "SYK",
    "eps": 2.14,
    "epsEstimated": 1.41,
    "time": "amc",
    "revenue": 3737000000,
    "revenueEstimated": 2462228971,
    "updatedFromDate": "2025-04-25",
    "fiscalDateEnding": "2020-09-30"
  },
  {
    "date": "2020-07-30",
    "symbol": "SYK",
    "eps": 0.64,
    "epsEstimated": 0.62,
    "time": "amc",
    "revenue": 2764000000,
    "revenueEstimated": 2375312500,
    "updatedFromDate": "2025-04-25",
    "fiscalDateEnding": "2020-06-30"
  },
  {
    "date": "2020-04-30",
    "symbol": "SYK",
    "eps": 1.84,
    "epsEstimated": 1.69,
    "time": "amc",
    "revenue": 3588000000,
    "revenueEstimated": 3295500000,
    "updatedFromDate": "2025-04-25",
    "fiscalDateEnding": "2020-03-31"
  },
  {
    "date": "2020-01-28",
    "symbol": "SYK",
    "eps": 2.49,
    "epsEstimated": 2.46,
    "time": "amc",
    "revenue": 4131000000,
    "revenueEstimated": 4081228915,
    "updatedFromDate": "2025-04-25",
    "fiscalDateEnding": "2019-12-31"
  },
  {
    "date": "2019-10-29",
    "symbol": "SYK",
    "eps": 1.91,
    "epsEstimated": 1.91,
    "time": "amc",
    "revenue": 3587000000,
    "revenueEstimated": 3568219895,
    "updatedFromDate": "2025-04-25",
    "fiscalDateEnding": "2019-09-30"
  },
  {
    "date": "2019-07-25",
    "symbol": "SYK",
    "eps": 1.98,
    "epsEstimated": 1.93,
    "time": "amc",
    "revenue": 3650000000,
    "revenueEstimated": 3576262626,
    "updatedFromDate": "2025-04-25",
    "fiscalDateEnding": "2019-06-30"
  },
  {
    "date": "2019-04-23",
    "symbol": "SYK",
    "eps": 1.88,
    "epsEstimated": 1.84,
    "time": "amc",
    "revenue": 3516000000,
    "revenueEstimated": 3441191489,
    "updatedFromDate": "2025-04-25",
    "fiscalDateEnding": "2019-03-31"
  },
  {
    "date": "2019-01-29",
    "symbol": "SYK",
    "eps": 2.18,
    "epsEstimated": 2.15,
    "time": "amc",
    "revenue": 3796000000,
    "revenueEstimated": 3743761467,
    "updatedFromDate": "2025-04-25",
    "fiscalDateEnding": "2018-12-31"
  },
  {
    "date": "2018-10-25",
    "symbol": "SYK",
    "eps": 1.69,
    "epsEstimated": 1.68,
    "time": "amc",
    "revenue": 3242000000,
    "revenueEstimated": 3222816568,
    "updatedFromDate": "2025-04-25",
    "fiscalDateEnding": "2018-09-30"
  },
  {
    "date": "2018-07-24",
    "symbol": "SYK",
    "eps": 1.76,
    "epsEstimated": 1.73,
    "time": "amc",
    "revenue": 3322000000,
    "revenueEstimated": 3265375000,
    "updatedFromDate": "2025-04-25",
    "fiscalDateEnding": "2018-06-30"
  },
  {
    "date": "2018-04-26",
    "symbol": "SYK",
    "eps": 1.68,
    "epsEstimated": 1.6,
    "time": "amc",
    "revenue": 3241000000,
    "revenueEstimated": 3086666666,
    "updatedFromDate": "2025-04-25",
    "fiscalDateEnding": "2018-03-31"
  },
  {
    "date": "2018-01-30",
    "symbol": "SYK",
    "eps": 1.96,
    "epsEstimated": 1.95,
    "time": "amc",
    "revenue": 3471000000,
    "revenueEstimated": 3453290816,
    "updatedFromDate": "2025-04-25",
    "fiscalDateEnding": "2017-12-31"
  },
  {
    "date": "2017-10-26",
    "symbol": "SYK",
    "eps": 1.52,
    "epsEstimated": 1.5,
    "time": "amc",
    "revenue": 3006000000,
    "revenueEstimated": 2966447368,
    "updatedFromDate": "2025-04-25",
    "fiscalDateEnding": "2017-09-30"
  },
  {
    "date": "2017-07-27",
    "symbol": "SYK",
    "eps": 1.53,
    "epsEstimated": 1.51,
    "time": "amc",
    "revenue": 3012000000,
    "revenueEstimated": 2972627450,
    "updatedFromDate": "2025-04-25",
    "fiscalDateEnding": "2017-06-30"
  },
  {
    "date": "2017-04-25",
    "symbol": "SYK",
    "eps": 1.48,
    "epsEstimated": 1.43,
    "time": "amc",
    "revenue": 2955000000,
    "revenueEstimated": 2855168918,
    "updatedFromDate": "2025-04-25",
    "fiscalDateEnding": "2017-03-31"
  },
  {
    "date": "2017-01-24",
    "symbol": "SYK",
    "eps": 1.78,
    "epsEstimated": 1.76,
    "time": "amc",
    "revenue": 3157000000,
    "revenueEstimated": 3121528089,
    "updatedFromDate": "2025-04-25",
    "fiscalDateEnding": "2016-12-31"
  },
  {
    "date": "2016-10-27",
    "symbol": "SYK",
    "eps": 1.39,
    "epsEstimated": 1.37,
    "time": "amc",
    "revenue": 2833000000,
    "revenueEstimated": 2792237410,
    "updatedFromDate": "2025-04-25",
    "fiscalDateEnding": "2016-09-30"
  },
  {
    "date": "2016-07-21",
    "symbol": "SYK",
    "eps": 1.39,
    "epsEstimated": 1.36,
    "time": "amc",
    "revenue": 2840000000,
    "revenueEstimated": 2799136690,
    "updatedFromDate": "2025-04-25",
    "fiscalDateEnding": "2016-06-30"
  }
]