[
  {
    "date": "2026-04-27",
    "symbol": "SYY",
    "eps": null,
    "epsEstimated": null,
    "time": "bmo",
    "revenue": null,
    "revenueEstimated": null,
    "updatedFromDate": "2025-10-02",
    "fiscalDateEnding": "2026-03-28"
  },
  {
    "date": "2026-01-26",
    "symbol": "SYY",
    "eps": null,
    "epsEstimated": null,
    "time": "bmo",
    "revenue": null,
    "revenueEstimated": null,
    "updatedFromDate": "2025-10-02",
    "fiscalDateEnding": "2025-12-28"
  },
  {
    "date": "2025-11-04",
    "symbol": "SYY",
    "eps": null,
    "epsEstimated": 1.12,
    "time": "bmo",
    "revenue": null,
    "revenueEstimated": null,
    "updatedFromDate": "2025-10-02",
    "fiscalDateEnding": "2025-09-28"
  },
  {
    "date": "2025-07-29",
    "symbol": "SYY",
    "eps": 1.48,
    "epsEstimated": 1.39,
    "time": "bmo",
    "revenue": 21138000000,
    "revenueEstimated": 21031719212,
    "updatedFromDate": "2025-10-02",
    "fiscalDateEnding": "2025-06-28"
  },
  {
    "date": "2025-04-29",
    "symbol": "SYY",
    "eps": 0.96,
    "epsEstimated": 1.02,
    "time": "bmo",
    "revenue": 19598000000,
    "revenueEstimated": 20037851963,
    "updatedFromDate": "2025-07-29",
    "fiscalDateEnding": "2025-03-29"
  },
  {
    "date": "2025-01-28",
    "symbol": "SYY",
    "eps": 0.93,
    "epsEstimated": 0.93,
    "time": "bmo",
    "revenue": 20151000000,
    "revenueEstimated": 20096502199,
    "updatedFromDate": "2025-04-27",
    "fiscalDateEnding": "2024-12-28"
  },
  {
    "date": "2024-10-29",
    "symbol": "SYY",
    "eps": 1.09,
    "epsEstimated": 1.13,
    "time": "bmo",
    "revenue": 20484000000,
    "revenueEstimated": 20468251372,
    "updatedFromDate": "2025-04-25",
    "fiscalDateEnding": "2024-09-28"
  },
  {
    "date": "2024-07-30",
    "symbol": "SYY",
    "eps": 1.39,
    "epsEstimated": 1.38,
    "time": "bmo",
    "revenue": 20556104000,
    "revenueEstimated": 20514396008,
    "updatedFromDate": "2025-04-25",
    "fiscalDateEnding": "2024-06-29"
  },
  {
    "date": "2024-04-30",
    "symbol": "SYY",
    "eps": 0.96,
    "epsEstimated": 0.95,
    "time": "bmo",
    "revenue": 19379500000,
    "revenueEstimated": 19735162376,
    "updatedFromDate": "2025-04-25",
    "fiscalDateEnding": "2024-03-31"
  },
  {
    "date": "2024-01-30",
    "symbol": "SYY",
    "eps": 0.89,
    "epsEstimated": 0.88,
    "time": "bmo",
    "revenue": 19287942000,
    "revenueEstimated": 19318400000,
    "updatedFromDate": "2025-04-25",
    "fiscalDateEnding": "2023-12-30"
  },
  {
    "date": "2023-10-31",
    "symbol": "SYY",
    "eps": 1.07,
    "epsEstimated": 1.04,
    "time": "bmo",
    "revenue": 19620454000,
    "revenueEstimated": 19782500000,
    "updatedFromDate": "2025-04-25",
    "fiscalDateEnding": "2023-09-30"
  },
  {
    "date": "2023-08-01",
    "symbol": "SYY",
    "eps": 1.34,
    "epsEstimated": 1.33,
    "time": "bmo",
    "revenue": 19728216000,
    "revenueEstimated": 19988000000,
    "updatedFromDate": "2025-04-25",
    "fiscalDateEnding": "2023-07-01"
  },
  {
    "date": "2023-05-02",
    "symbol": "SYY",
    "eps": 0.9,
    "epsEstimated": 0.92,
    "time": "bmo",
    "revenue": 18875676000,
    "revenueEstimated": 19949800000,
    "updatedFromDate": "2025-04-25",
    "fiscalDateEnding": "2023-04-01"
  },
  {
    "date": "2023-01-31",
    "symbol": "SYY",
    "eps": 0.8,
    "epsEstimated": 0.83,
    "time": "bmo",
    "revenue": 18593953000,
    "revenueEstimated": 18590491668,
    "updatedFromDate": "2025-04-25",
    "fiscalDateEnding": "2022-12-31"
  },
  {
    "date": "2022-11-01",
    "symbol": "SYY",
    "eps": 0.97,
    "epsEstimated": 0.99,
    "time": "bmo",
    "revenue": 19126830000,
    "revenueEstimated": 18700033420,
    "updatedFromDate": "2025-04-25",
    "fiscalDateEnding": "2022-10-01"
  },
  {
    "date": "2022-08-09",
    "symbol": "SYY",
    "eps": 1.15,
    "epsEstimated": 1.11,
    "time": "bmo",
    "revenue": 18957258000,
    "revenueEstimated": 18291027178,
    "updatedFromDate": "2025-04-25",
    "fiscalDateEnding": "2022-07-02"
  },
  {
    "date": "2022-05-10",
    "symbol": "SYY",
    "eps": 0.71,
    "epsEstimated": 0.55,
    "time": "bmo",
    "revenue": 16902139000,
    "revenueEstimated": 15994971140,
    "updatedFromDate": "2025-04-25",
    "fiscalDateEnding": "2022-04-02"
  },
  {
    "date": "2022-02-08",
    "symbol": "SYY",
    "eps": 0.57,
    "epsEstimated": 0.69,
    "time": "bmo",
    "revenue": 16320203000,
    "revenueEstimated": 15884821148,
    "updatedFromDate": "2025-04-25",
    "fiscalDateEnding": "2022-01-01"
  },
  {
    "date": "2021-11-09",
    "symbol": "SYY",
    "eps": 0.83,
    "epsEstimated": 0.86,
    "time": "bmo",
    "revenue": 16456546000,
    "revenueEstimated": 15933700000,
    "updatedFromDate": "2025-04-25",
    "fiscalDateEnding": "2021-10-02"
  },
  {
    "date": "2021-08-10",
    "symbol": "SYY",
    "eps": 0.71,
    "epsEstimated": 0.57,
    "time": "bmo",
    "revenue": 16136893000,
    "revenueEstimated": 16136900000,
    "updatedFromDate": "2025-04-25",
    "fiscalDateEnding": "2021-07-03"
  },
  {
    "date": "2021-05-04",
    "symbol": "SYY",
    "eps": 0.22,
    "epsEstimated": 0.2,
    "time": "bmo",
    "revenue": 11824589000,
    "revenueEstimated": 12372400000,
    "updatedFromDate": "2025-04-25",
    "fiscalDateEnding": "2021-03-27"
  },
  {
    "date": "2021-02-02",
    "symbol": "SYY",
    "eps": 0.17,
    "epsEstimated": 0.35,
    "time": "bmo",
    "revenue": 11558982000,
    "revenueEstimated": 12462600000,
    "updatedFromDate": "2025-04-25",
    "fiscalDateEnding": "2020-12-26"
  },
  {
    "date": "2020-11-03",
    "symbol": "SYY",
    "eps": 0.34,
    "epsEstimated": 0.25,
    "time": "bmo",
    "revenue": 11777379000,
    "revenueEstimated": 8659837500,
    "updatedFromDate": "2025-04-25",
    "fiscalDateEnding": "2020-09-26"
  },
  {
    "date": "2020-08-11",
    "symbol": "SYY",
    "eps": -0.29,
    "epsEstimated": -0.39,
    "time": "bmo",
    "revenue": 8866564000,
    "revenueEstimated": 9172307586,
    "updatedFromDate": "2025-04-25",
    "fiscalDateEnding": "2020-06-27"
  },
  {
    "date": "2020-05-05",
    "symbol": "SYY",
    "eps": 0.45,
    "epsEstimated": 0.53,
    "time": "bmo",
    "revenue": 13698699000,
    "revenueEstimated": 17656100933,
    "updatedFromDate": "2025-04-25",
    "fiscalDateEnding": "2020-03-28"
  },
  {
    "date": "2020-02-03",
    "symbol": "SYY",
    "eps": 0.85,
    "epsEstimated": 0.84,
    "time": "bmo",
    "revenue": 15025042000,
    "revenueEstimated": 14848276800,
    "updatedFromDate": "2025-04-25",
    "fiscalDateEnding": "2019-12-28"
  },
  {
    "date": "2019-11-04",
    "symbol": "SYY",
    "eps": 0.98,
    "epsEstimated": 0.97,
    "time": "bmo",
    "revenue": 15303005000,
    "revenueEstimated": 15146851887,
    "updatedFromDate": "2025-04-25",
    "fiscalDateEnding": "2019-09-28"
  },
  {
    "date": "2019-08-12",
    "symbol": "SYY",
    "eps": 1.1,
    "epsEstimated": 1.06,
    "time": "bmo",
    "revenue": 15474862000,
    "revenueEstimated": 14912139745,
    "updatedFromDate": "2025-04-25",
    "fiscalDateEnding": "2019-06-29"
  },
  {
    "date": "2019-05-06",
    "symbol": "SYY",
    "eps": 0.79,
    "epsEstimated": 0.7,
    "time": "bmo",
    "revenue": 14658074000,
    "revenueEstimated": 12988166835,
    "updatedFromDate": "2025-04-25",
    "fiscalDateEnding": "2019-03-30"
  },
  {
    "date": "2019-02-04",
    "symbol": "SYY",
    "eps": 0.75,
    "epsEstimated": 0.72,
    "time": "bmo",
    "revenue": 14765707000,
    "revenueEstimated": 14371954813,
    "updatedFromDate": "2025-04-25",
    "fiscalDateEnding": "2018-12-29"
  },
  {
    "date": "2018-11-05",
    "symbol": "SYY",
    "eps": 0.91,
    "epsEstimated": 0.92,
    "time": "bmo",
    "revenue": 15215279000,
    "revenueEstimated": 15382197802,
    "updatedFromDate": "2025-04-25",
    "fiscalDateEnding": "2018-09-29"
  },
  {
    "date": "2018-08-13",
    "symbol": "SYY",
    "eps": 0.94,
    "epsEstimated": 0.93,
    "time": "bmo",
    "revenue": 15315906000,
    "revenueEstimated": 15153063829,
    "updatedFromDate": "2025-04-25",
    "fiscalDateEnding": "2018-06-30"
  },
  {
    "date": "2018-05-07",
    "symbol": "SYY",
    "eps": 0.67,
    "epsEstimated": 0.63,
    "time": "bmo",
    "revenue": 14349504000,
    "revenueEstimated": 13493283582,
    "updatedFromDate": "2025-04-25",
    "fiscalDateEnding": "2018-03-31"
  },
  {
    "date": "2018-02-05",
    "symbol": "SYY",
    "eps": 0.66,
    "epsEstimated": 0.65,
    "time": "bmo",
    "revenue": 14411490000,
    "revenueEstimated": 14192651515,
    "updatedFromDate": "2025-04-25",
    "fiscalDateEnding": "2017-12-30"
  },
  {
    "date": "2017-11-06",
    "symbol": "SYY",
    "eps": 0.74,
    "epsEstimated": 0.72,
    "time": "bmo",
    "revenue": 14650424000,
    "revenueEstimated": 14254054054,
    "updatedFromDate": "2025-04-25",
    "fiscalDateEnding": "2017-09-30"
  },
  {
    "date": "2017-08-14",
    "symbol": "SYY",
    "eps": 0.72,
    "epsEstimated": 0.71,
    "time": "bmo",
    "revenue": 14421045000,
    "revenueEstimated": 14421000000,
    "updatedFromDate": "2025-04-25",
    "fiscalDateEnding": "2017-07-01"
  },
  {
    "date": "2017-05-08",
    "symbol": "SYY",
    "eps": 0.51,
    "epsEstimated": 0.52,
    "time": "bmo",
    "revenue": 13524172000,
    "revenueEstimated": 13789176470,
    "updatedFromDate": "2025-04-25",
    "fiscalDateEnding": "2017-04-01"
  },
  {
    "date": "2017-02-06",
    "symbol": "SYY",
    "eps": 0.58,
    "epsEstimated": 0.54,
    "time": "bmo",
    "revenue": 13457268000,
    "revenueEstimated": 12528931034,
    "updatedFromDate": "2025-04-25",
    "fiscalDateEnding": "2016-12-31"
  },
  {
    "date": "2016-11-07",
    "symbol": "SYY",
    "eps": 0.63,
    "epsEstimated": 0.58,
    "time": "bmo",
    "revenue": 13968654000,
    "revenueEstimated": 12092567164,
    "updatedFromDate": "2025-04-25",
    "fiscalDateEnding": "2016-10-01"
  },
  {
    "date": "2016-08-15",
    "symbol": "SYY",
    "eps": 0.64,
    "epsEstimated": 0.6,
    "time": "bmo",
    "revenue": 13647891000,
    "revenueEstimated": 13008250000,
    "updatedFromDate": "2025-04-25",
    "fiscalDateEnding": "2016-07-02"
  }
]