[
  {
    "date": "2026-04-21",
    "symbol": "T",
    "eps": null,
    "epsEstimated": null,
    "time": "bmo",
    "revenue": null,
    "revenueEstimated": null,
    "updatedFromDate": "2025-10-01",
    "fiscalDateEnding": "2026-03-30"
  },
  {
    "date": "2026-01-26",
    "symbol": "T",
    "eps": null,
    "epsEstimated": null,
    "time": "bmo",
    "revenue": null,
    "revenueEstimated": null,
    "updatedFromDate": "2025-10-01",
    "fiscalDateEnding": "2025-12-30"
  },
  {
    "date": "2025-10-22",
    "symbol": "T",
    "eps": null,
    "epsEstimated": 0.54,
    "time": "bmo",
    "revenue": null,
    "revenueEstimated": 30866795340,
    "updatedFromDate": "2025-10-01",
    "fiscalDateEnding": "2025-09-30"
  },
  {
    "date": "2025-07-23",
    "symbol": "T",
    "eps": 0.54,
    "epsEstimated": 0.53,
    "time": "bmo",
    "revenue": 30847000000,
    "revenueEstimated": 30457351062,
    "updatedFromDate": "2025-10-01",
    "fiscalDateEnding": "2025-06-30"
  },
  {
    "date": "2025-04-23",
    "symbol": "T",
    "eps": 0.51,
    "epsEstimated": 0.509,
    "time": "bmo",
    "revenue": 30626000000,
    "revenueEstimated": 30355502821,
    "updatedFromDate": "2025-07-23",
    "fiscalDateEnding": "2025-03-31"
  },
  {
    "date": "2025-01-27",
    "symbol": "T",
    "eps": 0.54,
    "epsEstimated": 0.4982,
    "time": "bmo",
    "revenue": 32298000000,
    "revenueEstimated": 32020776163,
    "updatedFromDate": "2025-04-27",
    "fiscalDateEnding": "2024-12-31"
  },
  {
    "date": "2024-10-23",
    "symbol": "T",
    "eps": 0.6,
    "epsEstimated": 0.569,
    "time": "bmo",
    "revenue": 30213000000,
    "revenueEstimated": 30447227469,
    "updatedFromDate": "2025-04-22",
    "fiscalDateEnding": "2024-09-30"
  },
  {
    "date": "2024-07-24",
    "symbol": "T",
    "eps": 0.57,
    "epsEstimated": 0.57,
    "time": "bmo",
    "revenue": 29797000000,
    "revenueEstimated": 29983871239,
    "updatedFromDate": "2025-04-22",
    "fiscalDateEnding": "2024-06-30"
  },
  {
    "date": "2024-04-24",
    "symbol": "T",
    "eps": 0.55,
    "epsEstimated": 0.54,
    "time": "bmo",
    "revenue": 30028000000,
    "revenueEstimated": 30532612608,
    "updatedFromDate": "2025-04-22",
    "fiscalDateEnding": "2024-03-31"
  },
  {
    "date": "2024-01-24",
    "symbol": "T",
    "eps": 0.54,
    "epsEstimated": 0.55,
    "time": "bmo",
    "revenue": 32022000000,
    "revenueEstimated": 31475100000,
    "updatedFromDate": "2025-04-22",
    "fiscalDateEnding": "2023-12-31"
  },
  {
    "date": "2023-10-19",
    "symbol": "T",
    "eps": 0.64,
    "epsEstimated": 0.63,
    "time": "bmo",
    "revenue": 30350000000,
    "revenueEstimated": 30188300000,
    "updatedFromDate": "2025-04-22",
    "fiscalDateEnding": "2023-09-30"
  },
  {
    "date": "2023-07-26",
    "symbol": "T",
    "eps": 0.63,
    "epsEstimated": 0.6,
    "time": "bmo",
    "revenue": 29917000000,
    "revenueEstimated": 27061500000,
    "updatedFromDate": "2025-04-22",
    "fiscalDateEnding": "2023-06-30"
  },
  {
    "date": "2023-04-20",
    "symbol": "T",
    "eps": 0.6,
    "epsEstimated": 0.59,
    "time": "bmo",
    "revenue": 30139000000,
    "revenueEstimated": 30287000000,
    "updatedFromDate": "2025-04-22",
    "fiscalDateEnding": "2023-03-31"
  },
  {
    "date": "2023-01-25",
    "symbol": "T",
    "eps": 0.61,
    "epsEstimated": 0.59,
    "time": "bmo",
    "revenue": 31343000000,
    "revenueEstimated": 31419839134,
    "updatedFromDate": "2025-04-22",
    "fiscalDateEnding": "2022-12-31"
  },
  {
    "date": "2022-10-20",
    "symbol": "T",
    "eps": 0.68,
    "epsEstimated": 0.61,
    "time": "bmo",
    "revenue": 30043000000,
    "revenueEstimated": 29847738900,
    "updatedFromDate": "2025-04-22",
    "fiscalDateEnding": "2022-09-30"
  },
  {
    "date": "2022-07-21",
    "symbol": "T",
    "eps": 0.65,
    "epsEstimated": 0.61,
    "time": "bmo",
    "revenue": 29643000000,
    "revenueEstimated": 29519509647,
    "updatedFromDate": "2025-04-22",
    "fiscalDateEnding": "2022-06-30"
  },
  {
    "date": "2022-04-21",
    "symbol": "T",
    "eps": 0.77,
    "epsEstimated": 0.75,
    "time": "bmo",
    "revenue": 29712000000,
    "revenueEstimated": 38242373225,
    "updatedFromDate": "2025-04-22",
    "fiscalDateEnding": "2022-03-31"
  },
  {
    "date": "2022-01-26",
    "symbol": "T",
    "eps": 0.78,
    "epsEstimated": 0.76,
    "time": "bmo",
    "revenue": 40958000000,
    "revenueEstimated": 38294100000,
    "updatedFromDate": "2025-04-22",
    "fiscalDateEnding": "2021-12-31"
  },
  {
    "date": "2021-10-21",
    "symbol": "T",
    "eps": 0.87,
    "epsEstimated": 0.78,
    "time": "bmo",
    "revenue": 31326000000,
    "revenueEstimated": 42601200000,
    "updatedFromDate": "2025-04-22",
    "fiscalDateEnding": "2021-09-30"
  },
  {
    "date": "2021-07-22",
    "symbol": "T",
    "eps": 0.89,
    "epsEstimated": 0.78,
    "time": "bmo",
    "revenue": 35740000000,
    "revenueEstimated": 43166400000,
    "updatedFromDate": "2025-04-22",
    "fiscalDateEnding": "2021-06-30"
  },
  {
    "date": "2021-04-22",
    "symbol": "T",
    "eps": 0.86,
    "epsEstimated": 0.78,
    "time": "bmo",
    "revenue": 43939000000,
    "revenueEstimated": 39432435897,
    "updatedFromDate": "2025-04-22",
    "fiscalDateEnding": "2021-03-31"
  },
  {
    "date": "2021-01-27",
    "symbol": "T",
    "eps": 0.75,
    "epsEstimated": 0.73,
    "time": "bmo",
    "revenue": 45691000000,
    "revenueEstimated": 44439191780,
    "updatedFromDate": "2025-04-22",
    "fiscalDateEnding": "2020-12-31"
  },
  {
    "date": "2020-10-22",
    "symbol": "T",
    "eps": 0.76,
    "epsEstimated": 0.77,
    "time": "bmo",
    "revenue": 42340000000,
    "revenueEstimated": 42340000000,
    "updatedFromDate": "2025-04-22",
    "fiscalDateEnding": "2020-09-30"
  },
  {
    "date": "2020-07-23",
    "symbol": "T",
    "eps": 0.83,
    "epsEstimated": 0.78,
    "time": "bmo",
    "revenue": 40950000000,
    "revenueEstimated": 38976506024,
    "updatedFromDate": "2025-04-22",
    "fiscalDateEnding": "2020-06-30"
  },
  {
    "date": "2020-04-22",
    "symbol": "T",
    "eps": 0.84,
    "epsEstimated": 0.84,
    "time": "bmo",
    "revenue": 42779000000,
    "revenueEstimated": 43288273809,
    "updatedFromDate": "2025-04-22",
    "fiscalDateEnding": "2020-03-31"
  },
  {
    "date": "2020-01-29",
    "symbol": "T",
    "eps": 0.89,
    "epsEstimated": 0.88,
    "time": "bmo",
    "revenue": 46821000000,
    "revenueEstimated": 45768842696,
    "updatedFromDate": "2025-04-22",
    "fiscalDateEnding": "2019-12-31"
  },
  {
    "date": "2019-10-28",
    "symbol": "T",
    "eps": 0.94,
    "epsEstimated": 0.93,
    "time": "bmo",
    "revenue": 44588000000,
    "revenueEstimated": 44113659574,
    "updatedFromDate": "2025-04-22",
    "fiscalDateEnding": "2019-09-30"
  },
  {
    "date": "2019-07-24",
    "symbol": "T",
    "eps": 0.89,
    "epsEstimated": 0.89,
    "time": "bmo",
    "revenue": 44957000000,
    "revenueEstimated": 44957000000,
    "updatedFromDate": "2025-04-22",
    "fiscalDateEnding": "2019-06-30"
  },
  {
    "date": "2019-04-24",
    "symbol": "T",
    "eps": 0.86,
    "epsEstimated": 0.85,
    "time": "bmo",
    "revenue": 44827000000,
    "revenueEstimated": 44827000000,
    "updatedFromDate": "2025-04-22",
    "fiscalDateEnding": "2019-03-31"
  },
  {
    "date": "2019-01-30",
    "symbol": "T",
    "eps": 0.86,
    "epsEstimated": 0.85,
    "time": "bmo",
    "revenue": 47993000000,
    "revenueEstimated": 47993000000,
    "updatedFromDate": "2025-04-22",
    "fiscalDateEnding": "2018-12-31"
  },
  {
    "date": "2018-10-24",
    "symbol": "T",
    "eps": 0.9,
    "epsEstimated": 0.93,
    "time": "bmo",
    "revenue": 45739000000,
    "revenueEstimated": 47771844444,
    "updatedFromDate": "2025-04-22",
    "fiscalDateEnding": "2018-09-30"
  },
  {
    "date": "2018-07-24",
    "symbol": "T",
    "eps": 0.91,
    "epsEstimated": 0.85,
    "time": "amc",
    "revenue": 38986000000,
    "revenueEstimated": 36415494505,
    "updatedFromDate": "2025-04-22",
    "fiscalDateEnding": "2018-06-30"
  },
  {
    "date": "2018-04-25",
    "symbol": "T",
    "eps": 0.85,
    "epsEstimated": 0.87,
    "time": "amc",
    "revenue": 38038000000,
    "revenueEstimated": 38933011764,
    "updatedFromDate": "2025-04-22",
    "fiscalDateEnding": "2018-03-31"
  },
  {
    "date": "2018-01-31",
    "symbol": "T",
    "eps": 0.78,
    "epsEstimated": 0.65,
    "time": "amc",
    "revenue": 41676000000,
    "revenueEstimated": 34730000000,
    "updatedFromDate": "2025-04-22",
    "fiscalDateEnding": "2017-12-31"
  },
  {
    "date": "2017-10-24",
    "symbol": "T",
    "eps": 0.74,
    "epsEstimated": 0.75,
    "time": "amc",
    "revenue": 39668000000,
    "revenueEstimated": 40204054054,
    "updatedFromDate": "2025-04-22",
    "fiscalDateEnding": "2017-09-30"
  },
  {
    "date": "2017-07-25",
    "symbol": "T",
    "eps": 0.79,
    "epsEstimated": 0.73,
    "time": "amc",
    "revenue": 39837000000,
    "revenueEstimated": 36811405063,
    "updatedFromDate": "2025-04-22",
    "fiscalDateEnding": "2017-06-30"
  },
  {
    "date": "2017-04-25",
    "symbol": "T",
    "eps": 0.74,
    "epsEstimated": 0.74,
    "time": "amc",
    "revenue": 39365000000,
    "revenueEstimated": 39365000000,
    "updatedFromDate": "2025-04-22",
    "fiscalDateEnding": "2017-03-31"
  },
  {
    "date": "2017-01-25",
    "symbol": "T",
    "eps": 0.66,
    "epsEstimated": 0.66,
    "time": "amc",
    "revenue": 41841000000,
    "revenueEstimated": 41841000000,
    "updatedFromDate": "2025-04-22",
    "fiscalDateEnding": "2016-12-31"
  },
  {
    "date": "2016-10-22",
    "symbol": "T",
    "eps": 0.74,
    "epsEstimated": 0.74,
    "time": "amc",
    "revenue": 40890000000,
    "revenueEstimated": 40890000000,
    "updatedFromDate": "2025-04-22",
    "fiscalDateEnding": "2016-09-30"
  },
  {
    "date": "2016-07-21",
    "symbol": "T",
    "eps": 0.72,
    "epsEstimated": 0.72,
    "time": "amc",
    "revenue": 40520000000,
    "revenueEstimated": 40520000000,
    "updatedFromDate": "2025-04-22",
    "fiscalDateEnding": "2016-06-30"
  }
]