[
  {
    "date": "2026-05-06",
    "symbol": "TAP",
    "eps": null,
    "epsEstimated": null,
    "time": "bmo",
    "revenue": null,
    "revenueEstimated": null,
    "updatedFromDate": "2025-10-01",
    "fiscalDateEnding": "2026-03-30"
  },
  {
    "date": "2026-02-11",
    "symbol": "TAP",
    "eps": null,
    "epsEstimated": null,
    "time": "bmo",
    "revenue": null,
    "revenueEstimated": null,
    "updatedFromDate": "2025-10-01",
    "fiscalDateEnding": "2025-12-30"
  },
  {
    "date": "2025-11-06",
    "symbol": "TAP",
    "eps": null,
    "epsEstimated": 1.81,
    "time": "bmo",
    "revenue": null,
    "revenueEstimated": 3023655030,
    "updatedFromDate": "2025-10-01",
    "fiscalDateEnding": "2025-09-30"
  },
  {
    "date": "2025-08-05",
    "symbol": "TAP",
    "eps": 2.05,
    "epsEstimated": 1.83,
    "time": "bmo",
    "revenue": 3200800000,
    "revenueEstimated": 3015124770,
    "updatedFromDate": "2025-10-01",
    "fiscalDateEnding": "2025-06-30"
  },
  {
    "date": "2025-05-08",
    "symbol": "TAP",
    "eps": 0.5,
    "epsEstimated": 0.783,
    "time": "bmo",
    "revenue": 2304100000,
    "revenueEstimated": 2393911897,
    "updatedFromDate": "2025-08-07",
    "fiscalDateEnding": "2025-03-31"
  },
  {
    "date": "2025-02-13",
    "symbol": "TAP",
    "eps": 1.3,
    "epsEstimated": 1.17,
    "time": "bmo",
    "revenue": 2735600000,
    "revenueEstimated": 2550900000,
    "updatedFromDate": "2025-05-13",
    "fiscalDateEnding": "2024-12-31"
  },
  {
    "date": "2024-11-07",
    "symbol": "TAP",
    "eps": 1.8,
    "epsEstimated": 1.67,
    "time": "bmo",
    "revenue": 3042700000,
    "revenueEstimated": 3131873257,
    "updatedFromDate": "2025-04-25",
    "fiscalDateEnding": "2024-09-30"
  },
  {
    "date": "2024-08-06",
    "symbol": "TAP",
    "eps": 1.92,
    "epsEstimated": 1.68,
    "time": "bmo",
    "revenue": 3252300000,
    "revenueEstimated": 3181437663,
    "updatedFromDate": "2025-04-25",
    "fiscalDateEnding": "2024-06-30"
  },
  {
    "date": "2024-04-30",
    "symbol": "TAP",
    "eps": 0.95,
    "epsEstimated": 0.74,
    "time": "bmo",
    "revenue": 2596400000,
    "revenueEstimated": 2496250000,
    "updatedFromDate": "2025-04-25",
    "fiscalDateEnding": "2024-03-31"
  },
  {
    "date": "2024-02-13",
    "symbol": "TAP",
    "eps": 1.19,
    "epsEstimated": 1.12,
    "time": "bmo",
    "revenue": 2790800000,
    "revenueEstimated": 2773490000,
    "updatedFromDate": "2025-04-25",
    "fiscalDateEnding": "2023-12-31"
  },
  {
    "date": "2023-11-02",
    "symbol": "TAP",
    "eps": 1.92,
    "epsEstimated": 1.58,
    "time": "bmo",
    "revenue": 3298400000,
    "revenueEstimated": 3241800000,
    "updatedFromDate": "2025-04-25",
    "fiscalDateEnding": "2023-09-30"
  },
  {
    "date": "2023-08-01",
    "symbol": "TAP",
    "eps": 1.78,
    "epsEstimated": 1.63,
    "time": "bmo",
    "revenue": 3266600000,
    "revenueEstimated": 3288210000,
    "updatedFromDate": "2025-04-25",
    "fiscalDateEnding": "2023-06-30"
  },
  {
    "date": "2023-05-02",
    "symbol": "TAP",
    "eps": 0.54,
    "epsEstimated": 0.26,
    "time": "bmo",
    "revenue": 2346300000,
    "revenueEstimated": 2224580000,
    "updatedFromDate": "2025-04-25",
    "fiscalDateEnding": "2023-03-31"
  },
  {
    "date": "2023-02-21",
    "symbol": "TAP",
    "eps": 1.3,
    "epsEstimated": 1.06,
    "time": "bmo",
    "revenue": 2629500000,
    "revenueEstimated": 2643530762,
    "updatedFromDate": "2025-04-25",
    "fiscalDateEnding": "2022-12-31"
  },
  {
    "date": "2022-11-01",
    "symbol": "TAP",
    "eps": 1.32,
    "epsEstimated": 1.36,
    "time": "bmo",
    "revenue": 2935200000,
    "revenueEstimated": 2887843569,
    "updatedFromDate": "2025-04-25",
    "fiscalDateEnding": "2022-09-30"
  },
  {
    "date": "2022-08-02",
    "symbol": "TAP",
    "eps": 1.19,
    "epsEstimated": 1.18,
    "time": "bmo",
    "revenue": 2921700000,
    "revenueEstimated": 2939528322,
    "updatedFromDate": "2025-04-25",
    "fiscalDateEnding": "2022-06-30"
  },
  {
    "date": "2022-05-03",
    "symbol": "TAP",
    "eps": 0.29,
    "epsEstimated": 0.18,
    "time": "bmo",
    "revenue": 2214600000,
    "revenueEstimated": 2142670932,
    "updatedFromDate": "2025-04-25",
    "fiscalDateEnding": "2022-03-31"
  },
  {
    "date": "2022-02-23",
    "symbol": "TAP",
    "eps": 0.81,
    "epsEstimated": 0.9,
    "time": "bmo",
    "revenue": 2619200000,
    "revenueEstimated": 2546990251,
    "updatedFromDate": "2025-04-25",
    "fiscalDateEnding": "2021-12-31"
  },
  {
    "date": "2021-10-28",
    "symbol": "TAP",
    "eps": 1.75,
    "epsEstimated": 1.53,
    "time": "bmo",
    "revenue": 2822700000,
    "revenueEstimated": 2944110000,
    "updatedFromDate": "2025-04-25",
    "fiscalDateEnding": "2021-09-30"
  },
  {
    "date": "2021-07-29",
    "symbol": "TAP",
    "eps": 1.58,
    "epsEstimated": 1.34,
    "time": "bmo",
    "revenue": 2939400000,
    "revenueEstimated": 2802020000,
    "updatedFromDate": "2025-04-25",
    "fiscalDateEnding": "2021-06-30"
  },
  {
    "date": "2021-04-29",
    "symbol": "TAP",
    "eps": 0.01,
    "epsEstimated": -0.12,
    "time": "bmo",
    "revenue": 1898400000,
    "revenueEstimated": 2111060000,
    "updatedFromDate": "2025-04-25",
    "fiscalDateEnding": "2021-03-31"
  },
  {
    "date": "2021-02-11",
    "symbol": "TAP",
    "eps": 0.4,
    "epsEstimated": 0.76,
    "time": "bmo",
    "revenue": 2294300000,
    "revenueEstimated": 3057080259,
    "updatedFromDate": "2025-04-25",
    "fiscalDateEnding": "2020-12-31"
  },
  {
    "date": "2020-10-29",
    "symbol": "TAP",
    "eps": 1.62,
    "epsEstimated": 1.02,
    "time": "bmo",
    "revenue": 2753500000,
    "revenueEstimated": 1870760293,
    "updatedFromDate": "2025-04-25",
    "fiscalDateEnding": "2020-09-30"
  },
  {
    "date": "2020-07-30",
    "symbol": "TAP",
    "eps": 1.55,
    "epsEstimated": 0.65,
    "time": "bmo",
    "revenue": 2503400000,
    "revenueEstimated": 1731211542,
    "updatedFromDate": "2025-04-25",
    "fiscalDateEnding": "2020-06-30"
  },
  {
    "date": "2020-04-30",
    "symbol": "TAP",
    "eps": 0.35,
    "epsEstimated": 0.3,
    "time": "bmo",
    "revenue": 2102800000,
    "revenueEstimated": 1982640000,
    "updatedFromDate": "2025-04-25",
    "fiscalDateEnding": "2020-03-31"
  },
  {
    "date": "2020-02-12",
    "symbol": "TAP",
    "eps": 1.02,
    "epsEstimated": 0.76,
    "time": "bmo",
    "revenue": 2486200000,
    "revenueEstimated": 1901211764,
    "updatedFromDate": "2025-04-25",
    "fiscalDateEnding": "2019-12-31"
  },
  {
    "date": "2019-10-30",
    "symbol": "TAP",
    "eps": 1.48,
    "epsEstimated": 1.46,
    "time": "bmo",
    "revenue": 2841600000,
    "revenueEstimated": 2860800000,
    "updatedFromDate": "2025-04-25",
    "fiscalDateEnding": "2019-09-30"
  },
  {
    "date": "2019-07-31",
    "symbol": "TAP",
    "eps": 1.52,
    "epsEstimated": 1.65,
    "time": "bmo",
    "revenue": 2948300000,
    "revenueEstimated": 3200457236,
    "updatedFromDate": "2025-04-25",
    "fiscalDateEnding": "2019-06-30"
  },
  {
    "date": "2019-05-01",
    "symbol": "TAP",
    "eps": 0.52,
    "epsEstimated": 0.58,
    "time": "bmo",
    "revenue": 2303300000,
    "revenueEstimated": 2569065384,
    "updatedFromDate": "2025-04-25",
    "fiscalDateEnding": "2019-03-31"
  },
  {
    "date": "2019-02-12",
    "symbol": "TAP",
    "eps": 0.84,
    "epsEstimated": 0.78,
    "time": "bmo",
    "revenue": 2418700000,
    "revenueEstimated": 2274729761,
    "updatedFromDate": "2025-04-25",
    "fiscalDateEnding": "2018-12-31"
  },
  {
    "date": "2018-10-31",
    "symbol": "TAP",
    "eps": 1.84,
    "epsEstimated": 1.59,
    "time": "bmo",
    "revenue": 2934200000,
    "revenueEstimated": 2535531521,
    "updatedFromDate": "2025-04-25",
    "fiscalDateEnding": "2018-09-30"
  },
  {
    "date": "2018-08-01",
    "symbol": "TAP",
    "eps": 1.88,
    "epsEstimated": 1.83,
    "time": "bmo",
    "revenue": 3085200000,
    "revenueEstimated": 3003146808,
    "updatedFromDate": "2025-04-25",
    "fiscalDateEnding": "2018-06-30"
  },
  {
    "date": "2018-05-02",
    "symbol": "TAP",
    "eps": 0.48,
    "epsEstimated": 0.8,
    "time": "bmo",
    "revenue": 2331500000,
    "revenueEstimated": 3788687500,
    "updatedFromDate": "2025-04-25",
    "fiscalDateEnding": "2018-03-31"
  },
  {
    "date": "2018-02-14",
    "symbol": "TAP",
    "eps": 0.62,
    "epsEstimated": 0.56,
    "time": "bmo",
    "revenue": 2579600000,
    "revenueEstimated": 2329961290,
    "updatedFromDate": "2025-04-25",
    "fiscalDateEnding": "2017-12-31"
  },
  {
    "date": "2017-11-01",
    "symbol": "TAP",
    "eps": 1.34,
    "epsEstimated": 1.34,
    "time": "bmo",
    "revenue": 2883200000,
    "revenueEstimated": 2883200000,
    "updatedFromDate": "2025-04-25",
    "fiscalDateEnding": "2017-09-30"
  },
  {
    "date": "2017-08-02",
    "symbol": "TAP",
    "eps": 1.66,
    "epsEstimated": 2.11,
    "time": "bmo",
    "revenue": 3091300000,
    "revenueEstimated": 3966547590,
    "updatedFromDate": "2025-04-25",
    "fiscalDateEnding": "2017-06-30"
  },
  {
    "date": "2017-05-03",
    "symbol": "TAP",
    "eps": 0.76,
    "epsEstimated": 1.31,
    "time": "bmo",
    "revenue": 2448700000,
    "revenueEstimated": 4188565789,
    "updatedFromDate": "2025-04-25",
    "fiscalDateEnding": "2017-03-31"
  },
  {
    "date": "2017-02-14",
    "symbol": "TAP",
    "eps": 0.46,
    "epsEstimated": 0.88,
    "time": "bmo",
    "revenue": 2294000000,
    "revenueEstimated": 4288782608,
    "updatedFromDate": "2025-04-25",
    "fiscalDateEnding": "2016-12-31"
  },
  {
    "date": "2016-11-01",
    "symbol": "TAP",
    "eps": 1.03,
    "epsEstimated": 0.95,
    "time": "bmo",
    "revenue": 947600000,
    "revenueEstimated": 873999999,
    "updatedFromDate": "2025-04-25",
    "fiscalDateEnding": "2016-09-30"
  },
  {
    "date": "2016-08-02",
    "symbol": "TAP",
    "eps": 1.11,
    "epsEstimated": 1.14,
    "time": "bmo",
    "revenue": 986200000,
    "revenueEstimated": 1208317117,
    "updatedFromDate": "2025-04-25",
    "fiscalDateEnding": "2016-06-30"
  }
]