[
  {
    "date": "2026-05-04",
    "symbol": "TDG",
    "eps": null,
    "epsEstimated": null,
    "time": "bmo",
    "revenue": null,
    "revenueEstimated": null,
    "updatedFromDate": "2025-10-02",
    "fiscalDateEnding": "2026-03-28"
  },
  {
    "date": "2026-02-02",
    "symbol": "TDG",
    "eps": null,
    "epsEstimated": null,
    "time": "bmo",
    "revenue": null,
    "revenueEstimated": null,
    "updatedFromDate": "2025-10-02",
    "fiscalDateEnding": "2025-12-28"
  },
  {
    "date": "2025-11-06",
    "symbol": "TDG",
    "eps": null,
    "epsEstimated": 10.33,
    "time": "bmo",
    "revenue": null,
    "revenueEstimated": 2403886020,
    "updatedFromDate": "2025-10-02",
    "fiscalDateEnding": "2025-09-28"
  },
  {
    "date": "2025-08-05",
    "symbol": "TDG",
    "eps": 9.6,
    "epsEstimated": 9.89,
    "time": "bmo",
    "revenue": 2236000000,
    "revenueEstimated": 2297925689,
    "updatedFromDate": "2025-10-02",
    "fiscalDateEnding": "2025-06-28"
  },
  {
    "date": "2025-05-06",
    "symbol": "TDG",
    "eps": 9.11,
    "epsEstimated": 8.96,
    "time": "bmo",
    "revenue": 2150000000,
    "revenueEstimated": 2167504560,
    "updatedFromDate": "2025-08-06",
    "fiscalDateEnding": "2025-03-29"
  },
  {
    "date": "2025-02-04",
    "symbol": "TDG",
    "eps": 7.83,
    "epsEstimated": 7.83,
    "time": "bmo",
    "revenue": 2006000000,
    "revenueEstimated": 2031921211,
    "updatedFromDate": "2025-05-04",
    "fiscalDateEnding": "2024-12-28"
  },
  {
    "date": "2024-11-07",
    "symbol": "TDG",
    "eps": 9.83,
    "epsEstimated": 9.26,
    "time": "bmo",
    "revenue": 2186000000,
    "revenueEstimated": 2162331821,
    "updatedFromDate": "2025-04-25",
    "fiscalDateEnding": "2024-09-30"
  },
  {
    "date": "2024-08-06",
    "symbol": "TDG",
    "eps": 9,
    "epsEstimated": 8.56,
    "time": "bmo",
    "revenue": 2045000000,
    "revenueEstimated": 2005172967,
    "updatedFromDate": "2025-04-25",
    "fiscalDateEnding": "2024-06-29"
  },
  {
    "date": "2024-05-07",
    "symbol": "TDG",
    "eps": 7.99,
    "epsEstimated": 7.42,
    "time": "bmo",
    "revenue": 1918000000,
    "revenueEstimated": 1878079593,
    "updatedFromDate": "2025-04-25",
    "fiscalDateEnding": "2024-03-30"
  },
  {
    "date": "2024-02-08",
    "symbol": "TDG",
    "eps": 7.16,
    "epsEstimated": 6.41,
    "time": "bmo",
    "revenue": 1789000000,
    "revenueEstimated": 1677057757,
    "updatedFromDate": "2025-04-25",
    "fiscalDateEnding": "2023-12-30"
  },
  {
    "date": "2023-11-09",
    "symbol": "TDG",
    "eps": 8.03,
    "epsEstimated": 7.54,
    "time": "bmo",
    "revenue": 1852000000,
    "revenueEstimated": 1834850000,
    "updatedFromDate": "2025-04-25",
    "fiscalDateEnding": "2023-09-30"
  },
  {
    "date": "2023-08-08",
    "symbol": "TDG",
    "eps": 7.25,
    "epsEstimated": 6.39,
    "time": "bmo",
    "revenue": 1744000000,
    "revenueEstimated": 1686660000,
    "updatedFromDate": "2025-04-25",
    "fiscalDateEnding": "2023-07-01"
  },
  {
    "date": "2023-05-09",
    "symbol": "TDG",
    "eps": 5.98,
    "epsEstimated": 5.45,
    "time": "bmo",
    "revenue": 1592000000,
    "revenueEstimated": 1523310000,
    "updatedFromDate": "2025-04-25",
    "fiscalDateEnding": "2023-04-01"
  },
  {
    "date": "2023-02-07",
    "symbol": "TDG",
    "eps": 4.58,
    "epsEstimated": 4.31,
    "time": "bmo",
    "revenue": 1397000000,
    "revenueEstimated": 1374883571,
    "updatedFromDate": "2025-04-25",
    "fiscalDateEnding": "2022-12-31"
  },
  {
    "date": "2022-11-10",
    "symbol": "TDG",
    "eps": 5.5,
    "epsEstimated": 5.2,
    "time": "bmo",
    "revenue": 1510000000,
    "revenueEstimated": 1504159296,
    "updatedFromDate": "2025-04-25",
    "fiscalDateEnding": "2022-09-30"
  },
  {
    "date": "2022-08-09",
    "symbol": "TDG",
    "eps": 4.85,
    "epsEstimated": 4.39,
    "time": "bmo",
    "revenue": 1398000000,
    "revenueEstimated": 1403448722,
    "updatedFromDate": "2025-04-25",
    "fiscalDateEnding": "2022-07-02"
  },
  {
    "date": "2022-05-10",
    "symbol": "TDG",
    "eps": 3.86,
    "epsEstimated": 3.69,
    "time": "bmo",
    "revenue": 1327000000,
    "revenueEstimated": 1310848762,
    "updatedFromDate": "2025-04-25",
    "fiscalDateEnding": "2022-04-02"
  },
  {
    "date": "2022-02-08",
    "symbol": "TDG",
    "eps": 3,
    "epsEstimated": 3.14,
    "time": "bmo",
    "revenue": 1194000000,
    "revenueEstimated": 1233327577,
    "updatedFromDate": "2025-04-25",
    "fiscalDateEnding": "2022-01-01"
  },
  {
    "date": "2021-11-16",
    "symbol": "TDG",
    "eps": 4.25,
    "epsEstimated": 3.7,
    "time": "bmo",
    "revenue": 1279000000,
    "revenueEstimated": 1233750000,
    "updatedFromDate": "2025-04-25",
    "fiscalDateEnding": "2021-09-30"
  },
  {
    "date": "2021-08-10",
    "symbol": "TDG",
    "eps": 3.33,
    "epsEstimated": 2.99,
    "time": "bmo",
    "revenue": 1218000000,
    "revenueEstimated": 1222490000,
    "updatedFromDate": "2025-04-25",
    "fiscalDateEnding": "2021-07-03"
  },
  {
    "date": "2021-05-11",
    "symbol": "TDG",
    "eps": 2.58,
    "epsEstimated": 2.52,
    "time": "bmo",
    "revenue": 1194000000,
    "revenueEstimated": 1176900000,
    "updatedFromDate": "2025-04-25",
    "fiscalDateEnding": "2021-04-03"
  },
  {
    "date": "2021-02-09",
    "symbol": "TDG",
    "eps": 1.97,
    "epsEstimated": 2.09,
    "time": "bmo",
    "revenue": 1108000000,
    "revenueEstimated": 1119080000,
    "updatedFromDate": "2025-04-25",
    "fiscalDateEnding": "2021-01-02"
  },
  {
    "date": "2020-11-12",
    "symbol": "TDG",
    "eps": 2.89,
    "epsEstimated": 1.9,
    "time": "bmo",
    "revenue": 1173000000,
    "revenueEstimated": 3529996873,
    "updatedFromDate": "2025-04-25",
    "fiscalDateEnding": "2020-09-30"
  },
  {
    "date": "2020-08-04",
    "symbol": "TDG",
    "eps": 1.54,
    "epsEstimated": 0.99,
    "time": "bmo",
    "revenue": 1022000000,
    "revenueEstimated": 643727272,
    "updatedFromDate": "2025-04-25",
    "fiscalDateEnding": "2020-06-27"
  },
  {
    "date": "2020-05-05",
    "symbol": "TDG",
    "eps": 5.1,
    "epsEstimated": 4.36,
    "time": "bmo",
    "revenue": 1443000000,
    "revenueEstimated": 1233623529,
    "updatedFromDate": "2025-04-25",
    "fiscalDateEnding": "2020-03-28"
  },
  {
    "date": "2020-02-04",
    "symbol": "TDG",
    "eps": 4.93,
    "epsEstimated": 4.65,
    "time": "bmo",
    "revenue": 1465000000,
    "revenueEstimated": 1381795131,
    "updatedFromDate": "2025-04-25",
    "fiscalDateEnding": "2019-12-28"
  },
  {
    "date": "2019-11-19",
    "symbol": "TDG",
    "eps": 5.62,
    "epsEstimated": 5.31,
    "time": "bmo",
    "revenue": 1541320000,
    "revenueEstimated": 1299763281,
    "updatedFromDate": "2025-04-25",
    "fiscalDateEnding": "2019-09-30"
  },
  {
    "date": "2019-08-06",
    "symbol": "TDG",
    "eps": 4.95,
    "epsEstimated": 4.31,
    "time": "bmo",
    "revenue": 1658319000,
    "revenueEstimated": 1321272727,
    "updatedFromDate": "2025-04-25",
    "fiscalDateEnding": "2019-06-29"
  },
  {
    "date": "2019-05-07",
    "symbol": "TDG",
    "eps": 4.21,
    "epsEstimated": 3.89,
    "time": "bmo",
    "revenue": 1195938000,
    "revenueEstimated": 2022836959,
    "updatedFromDate": "2025-04-25",
    "fiscalDateEnding": "2019-03-30"
  },
  {
    "date": "2019-02-05",
    "symbol": "TDG",
    "eps": 3.85,
    "epsEstimated": 3.43,
    "time": "bmo",
    "revenue": 993302000,
    "revenueEstimated": 884941781,
    "updatedFromDate": "2025-04-25",
    "fiscalDateEnding": "2018-12-29"
  },
  {
    "date": "2018-11-06",
    "symbol": "TDG",
    "eps": 4.44,
    "epsEstimated": 4.3,
    "time": "bmo",
    "revenue": 1049434000,
    "revenueEstimated": 1016310810,
    "updatedFromDate": "2025-04-25",
    "fiscalDateEnding": "2018-09-30"
  },
  {
    "date": "2018-08-07",
    "symbol": "TDG",
    "eps": 4.01,
    "epsEstimated": 4.07,
    "time": "bmo",
    "revenue": 980662000,
    "revenueEstimated": 995373815,
    "updatedFromDate": "2025-04-25",
    "fiscalDateEnding": "2018-06-30"
  },
  {
    "date": "2018-05-01",
    "symbol": "TDG",
    "eps": 3.79,
    "epsEstimated": 3.66,
    "time": "bmo",
    "revenue": 933070000,
    "revenueEstimated": 901093931,
    "updatedFromDate": "2025-04-25",
    "fiscalDateEnding": "2018-03-31"
  },
  {
    "date": "2018-02-06",
    "symbol": "TDG",
    "eps": 2.62,
    "epsEstimated": 2.76,
    "time": "bmo",
    "revenue": 847960000,
    "revenueEstimated": 424000000,
    "updatedFromDate": "2025-04-25",
    "fiscalDateEnding": "2017-12-30"
  },
  {
    "date": "2017-11-09",
    "symbol": "TDG",
    "eps": 3.48,
    "epsEstimated": 3.41,
    "time": "bmo",
    "revenue": 923885000,
    "revenueEstimated": 891107471,
    "updatedFromDate": "2025-04-25",
    "fiscalDateEnding": "2017-09-30"
  },
  {
    "date": "2017-08-08",
    "symbol": "TDG",
    "eps": 3.3,
    "epsEstimated": 3.16,
    "time": "bmo",
    "revenue": 907667000,
    "revenueEstimated": 869191515,
    "updatedFromDate": "2025-04-25",
    "fiscalDateEnding": "2017-06-30"
  },
  {
    "date": "2017-05-09",
    "symbol": "TDG",
    "eps": 3.02,
    "epsEstimated": 3.01,
    "time": "bmo",
    "revenue": 873232000,
    "revenueEstimated": 870308609,
    "updatedFromDate": "2025-04-25",
    "fiscalDateEnding": "2017-04-01"
  },
  {
    "date": "2017-02-07",
    "symbol": "TDG",
    "eps": 2.57,
    "epsEstimated": 2.49,
    "time": "bmo",
    "revenue": 814018000,
    "revenueEstimated": 788661478,
    "updatedFromDate": "2025-04-25",
    "fiscalDateEnding": "2016-12-31"
  },
  {
    "date": "2016-11-14",
    "symbol": "TDG",
    "eps": 3.29,
    "epsEstimated": 3.2,
    "time": "bmo",
    "revenue": 875223000,
    "revenueEstimated": 851258358,
    "updatedFromDate": "2025-04-25",
    "fiscalDateEnding": "2016-09-30"
  },
  {
    "date": "2016-08-09",
    "symbol": "TDG",
    "eps": 3.09,
    "epsEstimated": 2.82,
    "time": "bmo",
    "revenue": 797692000,
    "revenueEstimated": 727998058,
    "updatedFromDate": "2025-04-25",
    "fiscalDateEnding": "2016-07-02"
  }
]