[
  {
    "date": "2026-05-05",
    "symbol": "TECH",
    "eps": null,
    "epsEstimated": null,
    "time": "bmo",
    "revenue": null,
    "revenueEstimated": null,
    "updatedFromDate": "2025-10-02",
    "fiscalDateEnding": "2026-03-30"
  },
  {
    "date": "2026-02-03",
    "symbol": "TECH",
    "eps": null,
    "epsEstimated": null,
    "time": "bmo",
    "revenue": null,
    "revenueEstimated": null,
    "updatedFromDate": "2025-10-02",
    "fiscalDateEnding": "2025-12-30"
  },
  {
    "date": "2025-10-29",
    "symbol": "TECH",
    "eps": null,
    "epsEstimated": 0.42,
    "time": "bmo",
    "revenue": null,
    "revenueEstimated": null,
    "updatedFromDate": "2025-10-02",
    "fiscalDateEnding": "2025-09-30"
  },
  {
    "date": "2025-08-06",
    "symbol": "TECH",
    "eps": 0.53,
    "epsEstimated": 0.5,
    "time": "bmo",
    "revenue": 316964000,
    "revenueEstimated": 294629170,
    "updatedFromDate": "2025-10-02",
    "fiscalDateEnding": "2025-06-30"
  },
  {
    "date": "2025-05-07",
    "symbol": "TECH",
    "eps": 0.56,
    "epsEstimated": 0.51,
    "time": "bmo",
    "revenue": 316181000,
    "revenueEstimated": 325451860,
    "updatedFromDate": "2025-08-07",
    "fiscalDateEnding": "2025-03-31"
  },
  {
    "date": "2025-02-05",
    "symbol": "TECH",
    "eps": 0.42,
    "epsEstimated": 0.38,
    "time": "bmo",
    "revenue": 297031000,
    "revenueEstimated": 317527800,
    "updatedFromDate": "2025-05-05",
    "fiscalDateEnding": "2024-12-31"
  },
  {
    "date": "2024-10-30",
    "symbol": "TECH",
    "eps": 0.42,
    "epsEstimated": 0.38,
    "time": "bmo",
    "revenue": 289500000,
    "revenueEstimated": 280260000,
    "updatedFromDate": "2024-10-31",
    "fiscalDateEnding": "2024-09-30"
  },
  {
    "date": "2024-08-07",
    "symbol": "TECH",
    "eps": 0.49,
    "epsEstimated": 0.4949,
    "time": "bmo",
    "revenue": 306098000,
    "revenueEstimated": 306486920,
    "updatedFromDate": "2025-04-25",
    "fiscalDateEnding": "2024-06-30"
  },
  {
    "date": "2024-05-01",
    "symbol": "TECH",
    "eps": 0.48,
    "epsEstimated": 0.46,
    "time": "bmo",
    "revenue": 303428000,
    "revenueEstimated": 306070000,
    "updatedFromDate": "2025-04-25",
    "fiscalDateEnding": "2024-03-31"
  },
  {
    "date": "2024-02-01",
    "symbol": "TECH",
    "eps": 0.4,
    "epsEstimated": 0.42,
    "time": "bmo",
    "revenue": 272598000,
    "revenueEstimated": 277770000,
    "updatedFromDate": "2025-04-25",
    "fiscalDateEnding": "2023-12-31"
  },
  {
    "date": "2023-10-31",
    "symbol": "TECH",
    "eps": 0.41,
    "epsEstimated": 0.44,
    "time": "bmo",
    "revenue": 276935000,
    "revenueEstimated": 291390000,
    "updatedFromDate": "2025-04-25",
    "fiscalDateEnding": "2023-09-30"
  },
  {
    "date": "2023-08-08",
    "symbol": "TECH",
    "eps": 0.55,
    "epsEstimated": 0.55,
    "time": "bmo",
    "revenue": 301320000,
    "revenueEstimated": 307250000,
    "updatedFromDate": "2025-04-25",
    "fiscalDateEnding": "2023-06-30"
  },
  {
    "date": "2023-05-03",
    "symbol": "TECH",
    "eps": 0.53,
    "epsEstimated": 0.53,
    "time": "bmo",
    "revenue": 294146000,
    "revenueEstimated": 296660000,
    "updatedFromDate": "2025-04-25",
    "fiscalDateEnding": "2023-03-31"
  },
  {
    "date": "2023-02-02",
    "symbol": "TECH",
    "eps": 0.47,
    "epsEstimated": 0.49,
    "time": "bmo",
    "revenue": 271581000,
    "revenueEstimated": 288797689,
    "updatedFromDate": "2025-04-25",
    "fiscalDateEnding": "2022-12-31"
  },
  {
    "date": "2022-11-01",
    "symbol": "TECH",
    "eps": 0.45,
    "epsEstimated": 0.59,
    "time": "bmo",
    "revenue": 269655000,
    "revenueEstimated": 281830267,
    "updatedFromDate": "2025-04-25",
    "fiscalDateEnding": "2022-09-30"
  },
  {
    "date": "2022-08-04",
    "symbol": "TECH",
    "eps": 0.51,
    "epsEstimated": 0.52,
    "time": "bmo",
    "revenue": 288229000,
    "revenueEstimated": 286710333,
    "updatedFromDate": "2025-04-25",
    "fiscalDateEnding": "2022-06-30"
  },
  {
    "date": "2022-05-04",
    "symbol": "TECH",
    "eps": 0.54,
    "epsEstimated": 0.5,
    "time": "bmo",
    "revenue": 290376000,
    "revenueEstimated": 279270778,
    "updatedFromDate": "2025-04-25",
    "fiscalDateEnding": "2022-03-31"
  },
  {
    "date": "2022-02-01",
    "symbol": "TECH",
    "eps": 0.47,
    "epsEstimated": 0.45,
    "time": "bmo",
    "revenue": 269276000,
    "revenueEstimated": 266439221,
    "updatedFromDate": "2025-04-25",
    "fiscalDateEnding": "2021-12-31"
  },
  {
    "date": "2021-11-02",
    "symbol": "TECH",
    "eps": 0.46,
    "epsEstimated": 0.43,
    "time": "bmo",
    "revenue": 257719000,
    "revenueEstimated": 252800000,
    "updatedFromDate": "2025-04-25",
    "fiscalDateEnding": "2021-09-30"
  },
  {
    "date": "2021-08-05",
    "symbol": "TECH",
    "eps": 0.47,
    "epsEstimated": 0.42,
    "time": "bmo",
    "revenue": 259028000,
    "revenueEstimated": 259028000,
    "updatedFromDate": "2025-04-25",
    "fiscalDateEnding": "2021-06-30"
  },
  {
    "date": "2021-05-06",
    "symbol": "TECH",
    "eps": 0.45,
    "epsEstimated": 0.38,
    "time": "bmo",
    "revenue": 243552000,
    "revenueEstimated": 228220000,
    "updatedFromDate": "2025-04-25",
    "fiscalDateEnding": "2021-03-31"
  },
  {
    "date": "2021-02-02",
    "symbol": "TECH",
    "eps": 0.41,
    "epsEstimated": 0.34,
    "time": "bmo",
    "revenue": 224253000,
    "revenueEstimated": 206480000,
    "updatedFromDate": "2025-04-25",
    "fiscalDateEnding": "2020-12-31"
  },
  {
    "date": "2020-11-05",
    "symbol": "TECH",
    "eps": 0.36,
    "epsEstimated": 0.29,
    "time": "bmo",
    "revenue": 204199000,
    "revenueEstimated": 155648188,
    "updatedFromDate": "2025-04-25",
    "fiscalDateEnding": "2020-09-30"
  },
  {
    "date": "2020-08-04",
    "symbol": "TECH",
    "eps": 0.25,
    "epsEstimated": 0.19,
    "time": "bmo",
    "revenue": 175834000,
    "revenueEstimated": 131875500,
    "updatedFromDate": "2025-04-25",
    "fiscalDateEnding": "2020-06-30"
  },
  {
    "date": "2020-04-30",
    "symbol": "TECH",
    "eps": 0.35,
    "epsEstimated": 0.28,
    "time": "bmo",
    "revenue": 194680000,
    "revenueEstimated": 161066187,
    "updatedFromDate": "2025-04-25",
    "fiscalDateEnding": "2020-03-31"
  },
  {
    "date": "2020-02-04",
    "symbol": "TECH",
    "eps": 0.27,
    "epsEstimated": 0.29,
    "time": "bmo",
    "revenue": 184934000,
    "revenueEstimated": 193495759,
    "updatedFromDate": "2025-04-25",
    "fiscalDateEnding": "2019-12-31"
  },
  {
    "date": "2019-10-29",
    "symbol": "TECH",
    "eps": 0.27,
    "epsEstimated": 0.27,
    "time": "bmo",
    "revenue": 183243000,
    "revenueEstimated": 181514292,
    "updatedFromDate": "2025-04-25",
    "fiscalDateEnding": "2019-09-30"
  },
  {
    "date": "2019-08-06",
    "symbol": "TECH",
    "eps": 0.31,
    "epsEstimated": 0.33,
    "time": "bmo",
    "revenue": 191664000,
    "revenueEstimated": 203931560,
    "updatedFromDate": "2025-04-25",
    "fiscalDateEnding": "2019-06-30"
  },
  {
    "date": "2019-04-30",
    "symbol": "TECH",
    "eps": 0.3,
    "epsEstimated": 0.29,
    "time": "bmo",
    "revenue": 184861000,
    "revenueEstimated": 174166561,
    "updatedFromDate": "2025-04-25",
    "fiscalDateEnding": "2019-03-31"
  },
  {
    "date": "2019-02-05",
    "symbol": "TECH",
    "eps": 0.27,
    "epsEstimated": 0.25,
    "time": "bmo",
    "revenue": 174510000,
    "revenueEstimated": 161339433,
    "updatedFromDate": "2025-04-25",
    "fiscalDateEnding": "2018-12-31"
  },
  {
    "date": "2018-10-30",
    "symbol": "TECH",
    "eps": 0.25,
    "epsEstimated": 0.24,
    "time": "bmo",
    "revenue": 162970000,
    "revenueEstimated": 158010204,
    "updatedFromDate": "2025-04-25",
    "fiscalDateEnding": "2018-09-30"
  },
  {
    "date": "2018-08-07",
    "symbol": "TECH",
    "eps": 0.34,
    "epsEstimated": 0.32,
    "time": "bmo",
    "revenue": 180254000,
    "revenueEstimated": 173572388,
    "updatedFromDate": "2025-04-25",
    "fiscalDateEnding": "2018-06-30"
  },
  {
    "date": "2018-05-02",
    "symbol": "TECH",
    "eps": 0.3,
    "epsEstimated": 0.29,
    "time": "bmo",
    "revenue": 163973000,
    "revenueEstimated": 154512396,
    "updatedFromDate": "2025-04-25",
    "fiscalDateEnding": "2018-03-31"
  },
  {
    "date": "2018-02-06",
    "symbol": "TECH",
    "eps": 0.26,
    "epsEstimated": 0.23,
    "time": "bmo",
    "revenue": 154153000,
    "revenueEstimated": 139082352,
    "updatedFromDate": "2025-04-25",
    "fiscalDateEnding": "2017-12-31"
  },
  {
    "date": "2017-10-31",
    "symbol": "TECH",
    "eps": 0.23,
    "epsEstimated": 0.22,
    "time": "bmo",
    "revenue": 144613000,
    "revenueEstimated": 141386666,
    "updatedFromDate": "2025-04-25",
    "fiscalDateEnding": "2017-09-30"
  },
  {
    "date": "2017-08-08",
    "symbol": "TECH",
    "eps": 0.27,
    "epsEstimated": 0.25,
    "time": "bmo",
    "revenue": 156578000,
    "revenueEstimated": 142233027,
    "updatedFromDate": "2025-04-25",
    "fiscalDateEnding": "2017-06-30"
  },
  {
    "date": "2017-05-02",
    "symbol": "TECH",
    "eps": 0.24,
    "epsEstimated": 0.23,
    "time": "bmo",
    "revenue": 144037000,
    "revenueEstimated": 138061855,
    "updatedFromDate": "2025-04-25",
    "fiscalDateEnding": "2017-03-31"
  },
  {
    "date": "2017-02-07",
    "symbol": "TECH",
    "eps": 0.2,
    "epsEstimated": 0.21,
    "time": "bmo",
    "revenue": 131807000,
    "revenueEstimated": 138308641,
    "updatedFromDate": "2025-04-25",
    "fiscalDateEnding": "2016-12-31"
  },
  {
    "date": "2016-10-31",
    "symbol": "TECH",
    "eps": 0.21,
    "epsEstimated": 0.2,
    "time": "bmo",
    "revenue": 130581000,
    "revenueEstimated": 122826190,
    "updatedFromDate": "2025-04-25",
    "fiscalDateEnding": "2016-09-30"
  },
  {
    "date": "2016-08-17",
    "symbol": "TECH",
    "eps": 0.23,
    "epsEstimated": 0.24,
    "time": "bmo",
    "revenue": 134762000,
    "revenueEstimated": 140660869,
    "updatedFromDate": "2025-04-25",
    "fiscalDateEnding": "2016-06-30"
  }
]