[
  {
    "date": "2026-04-21",
    "symbol": "TEL",
    "eps": null,
    "epsEstimated": null,
    "time": "bmo",
    "revenue": null,
    "revenueEstimated": null,
    "updatedFromDate": "2025-10-02",
    "fiscalDateEnding": "2026-03-27"
  },
  {
    "date": "2026-01-20",
    "symbol": "TEL",
    "eps": null,
    "epsEstimated": null,
    "time": "bmo",
    "revenue": null,
    "revenueEstimated": null,
    "updatedFromDate": "2025-10-02",
    "fiscalDateEnding": "2025-12-27"
  },
  {
    "date": "2025-10-29",
    "symbol": "TEL",
    "eps": null,
    "epsEstimated": 2.28,
    "time": "bmo",
    "revenue": null,
    "revenueEstimated": 4571498360,
    "updatedFromDate": "2025-10-02",
    "fiscalDateEnding": "2025-09-27"
  },
  {
    "date": "2025-07-23",
    "symbol": "TEL",
    "eps": 2.27,
    "epsEstimated": 2.08,
    "time": "bmo",
    "revenue": 4534000000,
    "revenueEstimated": 4323275674,
    "updatedFromDate": "2025-10-02",
    "fiscalDateEnding": "2025-06-27"
  },
  {
    "date": "2025-04-23",
    "symbol": "TEL",
    "eps": 2.1,
    "epsEstimated": 1.96,
    "time": "bmo",
    "revenue": 4143000000,
    "revenueEstimated": 3969794806,
    "updatedFromDate": "2025-07-22",
    "fiscalDateEnding": "2025-03-28"
  },
  {
    "date": "2025-01-22",
    "symbol": "TEL",
    "eps": 1.95,
    "epsEstimated": 1.89,
    "time": "bmo",
    "revenue": 3836000000,
    "revenueEstimated": 3904657473,
    "updatedFromDate": "2025-04-25",
    "fiscalDateEnding": "2024-12-27"
  },
  {
    "date": "2024-10-30",
    "symbol": "TEL",
    "eps": 1.95,
    "epsEstimated": 1.94,
    "time": "bmo",
    "revenue": 4068000000,
    "revenueEstimated": 3996142978,
    "updatedFromDate": "2025-04-25",
    "fiscalDateEnding": "2024-09-27"
  },
  {
    "date": "2024-07-24",
    "symbol": "TEL",
    "eps": 1.91,
    "epsEstimated": 1.86,
    "time": "bmo",
    "revenue": 3979000000,
    "revenueEstimated": 4013234887,
    "updatedFromDate": "2025-04-25",
    "fiscalDateEnding": "2024-06-28"
  },
  {
    "date": "2024-04-24",
    "symbol": "TEL",
    "eps": 1.86,
    "epsEstimated": 1.83,
    "time": "bmo",
    "revenue": 3967000000,
    "revenueEstimated": 3957780800,
    "updatedFromDate": "2025-04-25",
    "fiscalDateEnding": "2024-03-29"
  },
  {
    "date": "2024-01-24",
    "symbol": "TEL",
    "eps": 1.84,
    "epsEstimated": 1.72,
    "time": "bmo",
    "revenue": 3831000000,
    "revenueEstimated": 3862950000,
    "updatedFromDate": "2025-04-25",
    "fiscalDateEnding": "2023-12-29"
  },
  {
    "date": "2023-11-01",
    "symbol": "TEL",
    "eps": 1.78,
    "epsEstimated": 1.76,
    "time": "bmo",
    "revenue": 4035000000,
    "revenueEstimated": 3855340000,
    "updatedFromDate": "2025-04-25",
    "fiscalDateEnding": "2023-09-29"
  },
  {
    "date": "2023-07-26",
    "symbol": "TEL",
    "eps": 1.77,
    "epsEstimated": 1.66,
    "time": "bmo",
    "revenue": 3998000000,
    "revenueEstimated": 4006370000,
    "updatedFromDate": "2025-04-25",
    "fiscalDateEnding": "2023-06-30"
  },
  {
    "date": "2023-04-26",
    "symbol": "TEL",
    "eps": 1.65,
    "epsEstimated": 1.58,
    "time": "bmo",
    "revenue": 4160000000,
    "revenueEstimated": 3918020000,
    "updatedFromDate": "2025-04-25",
    "fiscalDateEnding": "2023-03-31"
  },
  {
    "date": "2023-01-25",
    "symbol": "TEL",
    "eps": 1.53,
    "epsEstimated": 1.51,
    "time": "bmo",
    "revenue": 3841000000,
    "revenueEstimated": 3909400000,
    "updatedFromDate": "2025-04-25",
    "fiscalDateEnding": "2022-12-30"
  },
  {
    "date": "2022-11-02",
    "symbol": "TEL",
    "eps": 1.88,
    "epsEstimated": 1.87,
    "time": "bmo",
    "revenue": 4359000000,
    "revenueEstimated": 4212904773,
    "updatedFromDate": "2025-04-25",
    "fiscalDateEnding": "2022-09-30"
  },
  {
    "date": "2022-07-27",
    "symbol": "TEL",
    "eps": 1.86,
    "epsEstimated": 1.75,
    "time": "bmo",
    "revenue": 4097000000,
    "revenueEstimated": 3896646682,
    "updatedFromDate": "2025-04-25",
    "fiscalDateEnding": "2022-06-24"
  },
  {
    "date": "2022-04-27",
    "symbol": "TEL",
    "eps": 1.81,
    "epsEstimated": 1.7,
    "time": "bmo",
    "revenue": 4007000000,
    "revenueEstimated": 3804570652,
    "updatedFromDate": "2025-04-25",
    "fiscalDateEnding": "2022-03-25"
  },
  {
    "date": "2022-01-26",
    "symbol": "TEL",
    "eps": 1.76,
    "epsEstimated": 1.61,
    "time": "bmo",
    "revenue": 3818000000,
    "revenueEstimated": 3742920000,
    "updatedFromDate": "2025-04-25",
    "fiscalDateEnding": "2021-12-24"
  },
  {
    "date": "2021-10-27",
    "symbol": "TEL",
    "eps": 1.69,
    "epsEstimated": 1.65,
    "time": "bmo",
    "revenue": 3818000000,
    "revenueEstimated": 3808970000,
    "updatedFromDate": "2025-04-25",
    "fiscalDateEnding": "2021-09-24"
  },
  {
    "date": "2021-07-28",
    "symbol": "TEL",
    "eps": 1.79,
    "epsEstimated": 1.58,
    "time": "bmo",
    "revenue": 3845000000,
    "revenueEstimated": 3813950000,
    "updatedFromDate": "2025-04-25",
    "fiscalDateEnding": "2021-06-25"
  },
  {
    "date": "2021-04-21",
    "symbol": "TEL",
    "eps": 1.57,
    "epsEstimated": 1.48,
    "time": "bmo",
    "revenue": 3738000000,
    "revenueEstimated": 3519140000,
    "updatedFromDate": "2025-04-25",
    "fiscalDateEnding": "2021-03-26"
  },
  {
    "date": "2021-01-27",
    "symbol": "TEL",
    "eps": 1.47,
    "epsEstimated": 1.28,
    "time": "bmo",
    "revenue": 3522000000,
    "revenueEstimated": 2999203125,
    "updatedFromDate": "2025-04-25",
    "fiscalDateEnding": "2020-12-25"
  },
  {
    "date": "2020-10-28",
    "symbol": "TEL",
    "eps": 1.16,
    "epsEstimated": 0.86,
    "time": "bmo",
    "revenue": 3261000000,
    "revenueEstimated": 7218000000,
    "updatedFromDate": "2025-04-25",
    "fiscalDateEnding": "2020-09-25"
  },
  {
    "date": "2020-07-29",
    "symbol": "TEL",
    "eps": 0.59,
    "epsEstimated": 0.42,
    "time": "bmo",
    "revenue": 2548000000,
    "revenueEstimated": 1727457627,
    "updatedFromDate": "2025-04-25",
    "fiscalDateEnding": "2020-06-26"
  },
  {
    "date": "2020-04-28",
    "symbol": "TEL",
    "eps": 1.29,
    "epsEstimated": 0.99,
    "time": "bmo",
    "revenue": 3195000000,
    "revenueEstimated": 2476744186,
    "updatedFromDate": "2025-04-25",
    "fiscalDateEnding": "2020-03-27"
  },
  {
    "date": "2020-01-29",
    "symbol": "TEL",
    "eps": 1.21,
    "epsEstimated": 1.14,
    "time": "bmo",
    "revenue": 3168000000,
    "revenueEstimated": 2984727272,
    "updatedFromDate": "2025-04-25",
    "fiscalDateEnding": "2019-12-27"
  },
  {
    "date": "2019-10-30",
    "symbol": "TEL",
    "eps": 1.33,
    "epsEstimated": 1.31,
    "time": "bmo",
    "revenue": 3300000000,
    "revenueEstimated": 3250375939,
    "updatedFromDate": "2025-04-25",
    "fiscalDateEnding": "2019-09-27"
  },
  {
    "date": "2019-07-24",
    "symbol": "TEL",
    "eps": 1.5,
    "epsEstimated": 1.42,
    "time": "bmo",
    "revenue": 3389000000,
    "revenueEstimated": 3208253333,
    "updatedFromDate": "2025-04-25",
    "fiscalDateEnding": "2019-06-28"
  },
  {
    "date": "2019-04-24",
    "symbol": "TEL",
    "eps": 1.42,
    "epsEstimated": 1.28,
    "time": "bmo",
    "revenue": 3412000000,
    "revenueEstimated": 3051577464,
    "updatedFromDate": "2025-04-25",
    "fiscalDateEnding": "2019-03-29"
  },
  {
    "date": "2019-01-23",
    "symbol": "TEL",
    "eps": 1.29,
    "epsEstimated": 1.27,
    "time": "bmo",
    "revenue": 3347000000,
    "revenueEstimated": 3321054263,
    "updatedFromDate": "2025-04-25",
    "fiscalDateEnding": "2018-12-28"
  },
  {
    "date": "2018-10-31",
    "symbol": "TEL",
    "eps": 1.35,
    "epsEstimated": 1.33,
    "time": "bmo",
    "revenue": 3509000000,
    "revenueEstimated": 2954570370,
    "updatedFromDate": "2025-04-25",
    "fiscalDateEnding": "2018-09-28"
  },
  {
    "date": "2018-07-25",
    "symbol": "TEL",
    "eps": 1.43,
    "epsEstimated": 1.37,
    "time": "bmo",
    "revenue": 3764000000,
    "revenueEstimated": 3606069930,
    "updatedFromDate": "2025-04-25",
    "fiscalDateEnding": "2018-06-29"
  },
  {
    "date": "2018-04-25",
    "symbol": "TEL",
    "eps": 1.42,
    "epsEstimated": 1.36,
    "time": "bmo",
    "revenue": 3745000000,
    "revenueEstimated": 3411492957,
    "updatedFromDate": "2025-04-25",
    "fiscalDateEnding": "2018-03-30"
  },
  {
    "date": "2018-01-24",
    "symbol": "TEL",
    "eps": 1.4,
    "epsEstimated": 1.25,
    "time": "bmo",
    "revenue": 3480000000,
    "revenueEstimated": 2978571428,
    "updatedFromDate": "2025-04-25",
    "fiscalDateEnding": "2017-12-29"
  },
  {
    "date": "2017-11-01",
    "symbol": "TEL",
    "eps": 1.25,
    "epsEstimated": 1.16,
    "time": "bmo",
    "revenue": 3456000000,
    "revenueEstimated": 2345984000,
    "updatedFromDate": "2025-04-25",
    "fiscalDateEnding": "2017-09-29"
  },
  {
    "date": "2017-07-26",
    "symbol": "TEL",
    "eps": 1.24,
    "epsEstimated": 1.17,
    "time": "bmo",
    "revenue": 3367000000,
    "revenueEstimated": 3176927419,
    "updatedFromDate": "2025-04-25",
    "fiscalDateEnding": "2017-06-30"
  },
  {
    "date": "2017-04-26",
    "symbol": "TEL",
    "eps": 1.19,
    "epsEstimated": 1.08,
    "time": "bmo",
    "revenue": 3227000000,
    "revenueEstimated": 2928705882,
    "updatedFromDate": "2025-04-25",
    "fiscalDateEnding": "2017-03-31"
  },
  {
    "date": "2017-01-25",
    "symbol": "TEL",
    "eps": 1.15,
    "epsEstimated": 1,
    "time": "bmo",
    "revenue": 3063000000,
    "revenueEstimated": 2663478260,
    "updatedFromDate": "2025-04-25",
    "fiscalDateEnding": "2016-12-30"
  },
  {
    "date": "2016-11-02",
    "symbol": "TEL",
    "eps": 1.27,
    "epsEstimated": 1.2,
    "time": "bmo",
    "revenue": 3332000000,
    "revenueEstimated": 2311181102,
    "updatedFromDate": "2025-04-25",
    "fiscalDateEnding": "2016-09-30"
  },
  {
    "date": "2016-07-20",
    "symbol": "TEL",
    "eps": 1.08,
    "epsEstimated": 1.04,
    "time": "bmo",
    "revenue": 3121000000,
    "revenueEstimated": 2976509259,
    "updatedFromDate": "2025-04-25",
    "fiscalDateEnding": "2016-06-24"
  }
]