[
  {
    "date": "2026-04-27",
    "symbol": "TER",
    "eps": null,
    "epsEstimated": null,
    "time": "amc",
    "revenue": null,
    "revenueEstimated": null,
    "updatedFromDate": "2025-10-02",
    "fiscalDateEnding": "2026-03-29"
  },
  {
    "date": "2026-01-27",
    "symbol": "TER",
    "eps": null,
    "epsEstimated": null,
    "time": "amc",
    "revenue": null,
    "revenueEstimated": null,
    "updatedFromDate": "2025-10-02",
    "fiscalDateEnding": "2025-12-29"
  },
  {
    "date": "2025-10-22",
    "symbol": "TER",
    "eps": null,
    "epsEstimated": 0.78,
    "time": "bmo",
    "revenue": null,
    "revenueEstimated": 744200080,
    "updatedFromDate": "2025-10-02",
    "fiscalDateEnding": "2025-09-29"
  },
  {
    "date": "2025-07-29",
    "symbol": "TER",
    "eps": 0.57,
    "epsEstimated": 0.542,
    "time": "amc",
    "revenue": 651797000,
    "revenueEstimated": 650593694,
    "updatedFromDate": "2025-10-02",
    "fiscalDateEnding": "2025-06-29"
  },
  {
    "date": "2025-04-28",
    "symbol": "TER",
    "eps": 0.75,
    "epsEstimated": 0.619,
    "time": "amc",
    "revenue": 685680000,
    "revenueEstimated": 680503011,
    "updatedFromDate": "2025-07-28",
    "fiscalDateEnding": "2025-03-30"
  },
  {
    "date": "2025-01-29",
    "symbol": "TER",
    "eps": 0.95,
    "epsEstimated": 0.91,
    "time": "amc",
    "revenue": 752884000,
    "revenueEstimated": 740905350,
    "updatedFromDate": "2025-04-29",
    "fiscalDateEnding": "2024-12-31"
  },
  {
    "date": "2024-10-23",
    "symbol": "TER",
    "eps": 0.9,
    "epsEstimated": 0.79,
    "time": "amc",
    "revenue": 737298000,
    "revenueEstimated": 716399650,
    "updatedFromDate": "2025-04-25",
    "fiscalDateEnding": "2024-09-29"
  },
  {
    "date": "2024-07-24",
    "symbol": "TER",
    "eps": 0.86,
    "epsEstimated": 0.77,
    "time": "amc",
    "revenue": 729879000,
    "revenueEstimated": 701204129,
    "updatedFromDate": "2025-04-25",
    "fiscalDateEnding": "2024-06-30"
  },
  {
    "date": "2024-04-24",
    "symbol": "TER",
    "eps": 0.51,
    "epsEstimated": 0.33,
    "time": "amc",
    "revenue": 597539000,
    "revenueEstimated": 566404179,
    "updatedFromDate": "2025-04-25",
    "fiscalDateEnding": "2024-03-31"
  },
  {
    "date": "2024-01-30",
    "symbol": "TER",
    "eps": 0.79,
    "epsEstimated": 0.71,
    "time": "amc",
    "revenue": 670600000,
    "revenueEstimated": 674660000,
    "updatedFromDate": "2025-04-25",
    "fiscalDateEnding": "2023-12-31"
  },
  {
    "date": "2023-10-25",
    "symbol": "TER",
    "eps": 0.8,
    "epsEstimated": 0.73,
    "time": "amc",
    "revenue": 699772000,
    "revenueEstimated": 684580000,
    "updatedFromDate": "2025-04-25",
    "fiscalDateEnding": "2023-10-01"
  },
  {
    "date": "2023-07-26",
    "symbol": "TER",
    "eps": 0.79,
    "epsEstimated": 0.66,
    "time": "amc",
    "revenue": 684023000,
    "revenueEstimated": 658190000,
    "updatedFromDate": "2025-04-25",
    "fiscalDateEnding": "2023-07-02"
  },
  {
    "date": "2023-04-26",
    "symbol": "TER",
    "eps": 0.55,
    "epsEstimated": 0.43,
    "time": "amc",
    "revenue": 615991000,
    "revenueEstimated": 597550000,
    "updatedFromDate": "2025-04-25",
    "fiscalDateEnding": "2023-04-02"
  },
  {
    "date": "2023-01-25",
    "symbol": "TER",
    "eps": 0.92,
    "epsEstimated": 0.75,
    "time": "amc",
    "revenue": 731836000,
    "revenueEstimated": 711953013,
    "updatedFromDate": "2025-04-25",
    "fiscalDateEnding": "2022-12-31"
  },
  {
    "date": "2022-10-25",
    "symbol": "TER",
    "eps": 1.15,
    "epsEstimated": 1.04,
    "time": "amc",
    "revenue": 827073000,
    "revenueEstimated": 800532104,
    "updatedFromDate": "2025-04-25",
    "fiscalDateEnding": "2022-10-02"
  },
  {
    "date": "2022-07-26",
    "symbol": "TER",
    "eps": 1.21,
    "epsEstimated": 1.14,
    "time": "amc",
    "revenue": 840766000,
    "revenueEstimated": 829108500,
    "updatedFromDate": "2025-04-25",
    "fiscalDateEnding": "2022-07-03"
  },
  {
    "date": "2022-04-26",
    "symbol": "TER",
    "eps": 0.98,
    "epsEstimated": 0.88,
    "time": "amc",
    "revenue": 755370000,
    "revenueEstimated": 741328374,
    "updatedFromDate": "2025-04-25",
    "fiscalDateEnding": "2022-04-03"
  },
  {
    "date": "2022-01-26",
    "symbol": "TER",
    "eps": 1.37,
    "epsEstimated": 1.29,
    "time": "amc",
    "revenue": 885047000,
    "revenueEstimated": 867608224,
    "updatedFromDate": "2025-04-25",
    "fiscalDateEnding": "2021-12-31"
  },
  {
    "date": "2021-10-26",
    "symbol": "TER",
    "eps": 1.59,
    "epsEstimated": 1.43,
    "time": "amc",
    "revenue": 950501000,
    "revenueEstimated": 933220000,
    "updatedFromDate": "2025-04-25",
    "fiscalDateEnding": "2021-10-03"
  },
  {
    "date": "2021-07-27",
    "symbol": "TER",
    "eps": 1.91,
    "epsEstimated": 1.76,
    "time": "amc",
    "revenue": 1085728000,
    "revenueEstimated": 931810000,
    "updatedFromDate": "2025-04-25",
    "fiscalDateEnding": "2021-07-04"
  },
  {
    "date": "2021-04-27",
    "symbol": "TER",
    "eps": 1.11,
    "epsEstimated": 1.05,
    "time": "amc",
    "revenue": 781606000,
    "revenueEstimated": 760110000,
    "updatedFromDate": "2025-04-25",
    "fiscalDateEnding": "2021-04-04"
  },
  {
    "date": "2021-01-27",
    "symbol": "TER",
    "eps": 1.1,
    "epsEstimated": 1.01,
    "time": "amc",
    "revenue": 758968000,
    "revenueEstimated": 715610000,
    "updatedFromDate": "2025-04-25",
    "fiscalDateEnding": "2020-12-31"
  },
  {
    "date": "2020-10-20",
    "symbol": "TER",
    "eps": 1.18,
    "epsEstimated": 1.12,
    "time": "amc",
    "revenue": 819484000,
    "revenueEstimated": 777815322,
    "updatedFromDate": "2025-04-25",
    "fiscalDateEnding": "2020-09-27"
  },
  {
    "date": "2020-07-21",
    "symbol": "TER",
    "eps": 1.33,
    "epsEstimated": 1.03,
    "time": "amc",
    "revenue": 838661000,
    "revenueEstimated": 649489345,
    "updatedFromDate": "2025-04-25",
    "fiscalDateEnding": "2020-06-28"
  },
  {
    "date": "2020-04-21",
    "symbol": "TER",
    "eps": 1,
    "epsEstimated": 0.88,
    "time": "amc",
    "revenue": 704355000,
    "revenueEstimated": 619832400,
    "updatedFromDate": "2025-04-25",
    "fiscalDateEnding": "2020-03-29"
  },
  {
    "date": "2020-01-22",
    "symbol": "TER",
    "eps": 0.88,
    "epsEstimated": 0.79,
    "time": "amc",
    "revenue": 654650000,
    "revenueEstimated": 580069620,
    "updatedFromDate": "2025-04-25",
    "fiscalDateEnding": "2019-12-31"
  },
  {
    "date": "2019-10-22",
    "symbol": "TER",
    "eps": 0.77,
    "epsEstimated": 0.7,
    "time": "amc",
    "revenue": 582038000,
    "revenueEstimated": 529125454,
    "updatedFromDate": "2025-04-25",
    "fiscalDateEnding": "2019-09-29"
  },
  {
    "date": "2019-07-23",
    "symbol": "TER",
    "eps": 0.66,
    "epsEstimated": 0.62,
    "time": "amc",
    "revenue": 564178000,
    "revenueEstimated": 529985393,
    "updatedFromDate": "2025-04-25",
    "fiscalDateEnding": "2019-06-30"
  },
  {
    "date": "2019-04-23",
    "symbol": "TER",
    "eps": 0.54,
    "epsEstimated": 0.44,
    "time": "amc",
    "revenue": 494099000,
    "revenueEstimated": 402599185,
    "updatedFromDate": "2025-04-25",
    "fiscalDateEnding": "2019-03-31"
  },
  {
    "date": "2019-01-23",
    "symbol": "TER",
    "eps": 0.63,
    "epsEstimated": 0.5,
    "time": "amc",
    "revenue": 519558000,
    "revenueEstimated": 384472920,
    "updatedFromDate": "2025-04-25",
    "fiscalDateEnding": "2018-12-31"
  },
  {
    "date": "2018-10-23",
    "symbol": "TER",
    "eps": 0.71,
    "epsEstimated": 0.63,
    "time": "amc",
    "revenue": 566848000,
    "revenueEstimated": 502935211,
    "updatedFromDate": "2025-04-25",
    "fiscalDateEnding": "2018-09-30"
  },
  {
    "date": "2018-07-24",
    "symbol": "TER",
    "eps": 0.59,
    "epsEstimated": 0.49,
    "time": "amc",
    "revenue": 526929000,
    "revenueEstimated": 437594915,
    "updatedFromDate": "2025-04-25",
    "fiscalDateEnding": "2018-07-01"
  },
  {
    "date": "2018-04-24",
    "symbol": "TER",
    "eps": 0.45,
    "epsEstimated": 0.42,
    "time": "amc",
    "revenue": 487467000,
    "revenueEstimated": 454999999,
    "updatedFromDate": "2025-04-25",
    "fiscalDateEnding": "2018-04-01"
  },
  {
    "date": "2018-01-24",
    "symbol": "TER",
    "eps": 0.46,
    "epsEstimated": 0.34,
    "time": "amc",
    "revenue": 479415000,
    "revenueEstimated": 465314557,
    "updatedFromDate": "2025-04-25",
    "fiscalDateEnding": "2017-12-31"
  },
  {
    "date": "2017-10-25",
    "symbol": "TER",
    "eps": 0.54,
    "epsEstimated": 0.43,
    "time": "amc",
    "revenue": 503378000,
    "revenueEstimated": 400855555,
    "updatedFromDate": "2025-04-25",
    "fiscalDateEnding": "2017-10-01"
  },
  {
    "date": "2017-07-26",
    "symbol": "TER",
    "eps": 0.9,
    "epsEstimated": 0.86,
    "time": "amc",
    "revenue": 696901000,
    "revenueEstimated": 665926666,
    "updatedFromDate": "2025-04-25",
    "fiscalDateEnding": "2017-07-02"
  },
  {
    "date": "2017-04-26",
    "symbol": "TER",
    "eps": 0.44,
    "epsEstimated": 0.38,
    "time": "amc",
    "revenue": 456913000,
    "revenueEstimated": 394595454,
    "updatedFromDate": "2025-04-25",
    "fiscalDateEnding": "2017-04-02"
  },
  {
    "date": "2017-01-25",
    "symbol": "TER",
    "eps": 0.32,
    "epsEstimated": 0.22,
    "time": "amc",
    "revenue": 379989000,
    "revenueEstimated": 341990100,
    "updatedFromDate": "2025-04-25",
    "fiscalDateEnding": "2016-12-31"
  },
  {
    "date": "2016-10-26",
    "symbol": "TER",
    "eps": 0.33,
    "epsEstimated": 0.28,
    "time": "amc",
    "revenue": 410475000,
    "revenueEstimated": 348303030,
    "updatedFromDate": "2025-04-25",
    "fiscalDateEnding": "2016-10-02"
  },
  {
    "date": "2016-07-27",
    "symbol": "TER",
    "eps": 0.55,
    "epsEstimated": 0.5,
    "time": "amc",
    "revenue": 531792000,
    "revenueEstimated": 483454545,
    "updatedFromDate": "2025-04-25",
    "fiscalDateEnding": "2016-07-03"
  }
]