[
  {
    "date": "2026-05-19",
    "symbol": "TGT",
    "eps": null,
    "epsEstimated": null,
    "time": "bmo",
    "revenue": null,
    "revenueEstimated": null,
    "updatedFromDate": "2025-10-02",
    "fiscalDateEnding": "2026-05-02"
  },
  {
    "date": "2026-03-02",
    "symbol": "TGT",
    "eps": null,
    "epsEstimated": null,
    "time": "bmo",
    "revenue": null,
    "revenueEstimated": null,
    "updatedFromDate": "2025-10-02",
    "fiscalDateEnding": "2026-02-02"
  },
  {
    "date": "2025-11-19",
    "symbol": "TGT",
    "eps": null,
    "epsEstimated": 1.8,
    "time": "bmo",
    "revenue": null,
    "revenueEstimated": 25484446820,
    "updatedFromDate": "2025-10-02",
    "fiscalDateEnding": "2025-11-02"
  },
  {
    "date": "2025-08-20",
    "symbol": "TGT",
    "eps": 2.05,
    "epsEstimated": 2.04,
    "time": "bmo",
    "revenue": 25211000000,
    "revenueEstimated": 24936136860,
    "updatedFromDate": "2025-10-02",
    "fiscalDateEnding": "2025-08-02"
  },
  {
    "date": "2025-05-21",
    "symbol": "TGT",
    "eps": 1.3,
    "epsEstimated": 1.56,
    "time": "bmo",
    "revenue": 23846000000,
    "revenueEstimated": 24140952779,
    "updatedFromDate": "2025-09-19",
    "fiscalDateEnding": "2025-05-03"
  },
  {
    "date": "2025-03-04",
    "symbol": "TGT",
    "eps": 2.41,
    "epsEstimated": 2.27,
    "time": "bmo",
    "revenue": 30915000000,
    "revenueEstimated": 30763184600,
    "updatedFromDate": "2025-09-19",
    "fiscalDateEnding": "2025-02-01"
  },
  {
    "date": "2024-11-20",
    "symbol": "TGT",
    "eps": 1.85,
    "epsEstimated": 2.3,
    "time": "bmo",
    "revenue": 25668000000,
    "revenueEstimated": 25868194689,
    "updatedFromDate": "2025-09-19",
    "fiscalDateEnding": "2024-11-02"
  },
  {
    "date": "2024-08-21",
    "symbol": "TGT",
    "eps": 2.57,
    "epsEstimated": 2.18,
    "time": "bmo",
    "revenue": 25452000000,
    "revenueEstimated": 25187712467,
    "updatedFromDate": "2025-09-19",
    "fiscalDateEnding": "2024-08-03"
  },
  {
    "date": "2024-05-22",
    "symbol": "TGT",
    "eps": 2.03,
    "epsEstimated": 2.06,
    "time": "bmo",
    "revenue": 24531000000,
    "revenueEstimated": 24511268779,
    "updatedFromDate": "2025-09-19",
    "fiscalDateEnding": "2024-05-04"
  },
  {
    "date": "2024-03-05",
    "symbol": "TGT",
    "eps": 2.98,
    "epsEstimated": 2.42,
    "time": "bmo",
    "revenue": 31919000000,
    "revenueEstimated": 31885816344,
    "updatedFromDate": "2025-09-19",
    "fiscalDateEnding": "2024-02-03"
  },
  {
    "date": "2023-11-15",
    "symbol": "TGT",
    "eps": 2.1,
    "epsEstimated": 1.48,
    "time": "bmo",
    "revenue": 25398000000,
    "revenueEstimated": 29175900000,
    "updatedFromDate": "2025-09-19",
    "fiscalDateEnding": "2023-10-28"
  },
  {
    "date": "2023-08-16",
    "symbol": "TGT",
    "eps": 1.8,
    "epsEstimated": 1.39,
    "time": "bmo",
    "revenue": 24773000000,
    "revenueEstimated": 25176500000,
    "updatedFromDate": "2025-09-19",
    "fiscalDateEnding": "2023-07-29"
  },
  {
    "date": "2023-05-17",
    "symbol": "TGT",
    "eps": 2.05,
    "epsEstimated": 1.76,
    "time": "bmo",
    "revenue": 25322000000,
    "revenueEstimated": 25289300000,
    "updatedFromDate": "2025-09-19",
    "fiscalDateEnding": "2023-04-29"
  },
  {
    "date": "2023-02-28",
    "symbol": "TGT",
    "eps": 1.89,
    "epsEstimated": 1.4,
    "time": "bmo",
    "revenue": 31395000000,
    "revenueEstimated": 30705293242,
    "updatedFromDate": "2025-09-19",
    "fiscalDateEnding": "2023-01-28"
  },
  {
    "date": "2022-11-16",
    "symbol": "TGT",
    "eps": 1.54,
    "epsEstimated": 2.13,
    "time": "bmo",
    "revenue": 26518000000,
    "revenueEstimated": 26404586916,
    "updatedFromDate": "2025-09-19",
    "fiscalDateEnding": "2022-10-29"
  },
  {
    "date": "2022-08-17",
    "symbol": "TGT",
    "eps": 0.39,
    "epsEstimated": 0.72,
    "time": "bmo",
    "revenue": 26037000000,
    "revenueEstimated": 26032085149,
    "updatedFromDate": "2025-09-19",
    "fiscalDateEnding": "2022-07-30"
  },
  {
    "date": "2022-05-18",
    "symbol": "TGT",
    "eps": 2.19,
    "epsEstimated": 3.07,
    "time": "bmo",
    "revenue": 25170000000,
    "revenueEstimated": 24475211309,
    "updatedFromDate": "2025-09-19",
    "fiscalDateEnding": "2022-04-30"
  },
  {
    "date": "2022-03-01",
    "symbol": "TGT",
    "eps": 3.19,
    "epsEstimated": 2.86,
    "time": "bmo",
    "revenue": 30996000000,
    "revenueEstimated": 31342999626,
    "updatedFromDate": "2025-09-19",
    "fiscalDateEnding": "2022-01-29"
  },
  {
    "date": "2021-11-17",
    "symbol": "TGT",
    "eps": 3.03,
    "epsEstimated": 2.83,
    "time": "bmo",
    "revenue": 25652000000,
    "revenueEstimated": 31561500000,
    "updatedFromDate": "2025-09-19",
    "fiscalDateEnding": "2021-10-30"
  },
  {
    "date": "2021-08-18",
    "symbol": "TGT",
    "eps": 3.64,
    "epsEstimated": 3.49,
    "time": "bmo",
    "revenue": 25160000000,
    "revenueEstimated": 24567900000,
    "updatedFromDate": "2025-09-19",
    "fiscalDateEnding": "2021-07-31"
  },
  {
    "date": "2021-05-19",
    "symbol": "TGT",
    "eps": 3.69,
    "epsEstimated": 2.25,
    "time": "bmo",
    "revenue": 24197000000,
    "revenueEstimated": null,
    "updatedFromDate": "2025-09-19",
    "fiscalDateEnding": "2021-05-01"
  },
  {
    "date": "2021-03-02",
    "symbol": "TGT",
    "eps": 2.67,
    "epsEstimated": 2.54,
    "time": "bmo",
    "revenue": 28339000000,
    "revenueEstimated": 90748953247,
    "updatedFromDate": "2025-09-19",
    "fiscalDateEnding": "2021-01-30"
  },
  {
    "date": "2020-11-18",
    "symbol": "TGT",
    "eps": 2.79,
    "epsEstimated": 1.61,
    "time": "bmo",
    "revenue": 22632000000,
    "revenueEstimated": 21530458125,
    "updatedFromDate": "2025-09-19",
    "fiscalDateEnding": "2020-10-31"
  },
  {
    "date": "2020-08-19",
    "symbol": "TGT",
    "eps": 3.38,
    "epsEstimated": 1.62,
    "time": "bmo",
    "revenue": 22975000000,
    "revenueEstimated": 11011686390,
    "updatedFromDate": "2025-09-19",
    "fiscalDateEnding": "2020-08-01"
  },
  {
    "date": "2020-05-20",
    "symbol": "TGT",
    "eps": 0.59,
    "epsEstimated": 0.4,
    "time": "bmo",
    "revenue": 19615000000,
    "revenueEstimated": 13298305084,
    "updatedFromDate": "2025-09-19",
    "fiscalDateEnding": "2020-05-02"
  },
  {
    "date": "2020-03-03",
    "symbol": "TGT",
    "eps": 1.69,
    "epsEstimated": 1.66,
    "time": "bmo",
    "revenue": 23399000000,
    "revenueEstimated": 22983633136,
    "updatedFromDate": "2025-09-19",
    "fiscalDateEnding": "2020-02-01"
  },
  {
    "date": "2019-11-20",
    "symbol": "TGT",
    "eps": 1.36,
    "epsEstimated": 1.19,
    "time": "bmo",
    "revenue": 18665000000,
    "revenueEstimated": 16331874999,
    "updatedFromDate": "2025-09-19",
    "fiscalDateEnding": "2019-11-02"
  },
  {
    "date": "2019-08-21",
    "symbol": "TGT",
    "eps": 1.82,
    "epsEstimated": 1.62,
    "time": "bmo",
    "revenue": 18422000000,
    "revenueEstimated": 16397604395,
    "updatedFromDate": "2025-09-19",
    "fiscalDateEnding": "2019-08-03"
  },
  {
    "date": "2019-05-22",
    "symbol": "TGT",
    "eps": 1.53,
    "epsEstimated": 1.43,
    "time": "bmo",
    "revenue": 17627000000,
    "revenueEstimated": 16474908496,
    "updatedFromDate": "2025-09-19",
    "fiscalDateEnding": "2019-05-04"
  },
  {
    "date": "2019-03-05",
    "symbol": "TGT",
    "eps": 1.53,
    "epsEstimated": 1.52,
    "time": "bmo",
    "revenue": 22977000000,
    "revenueEstimated": 22826823529,
    "updatedFromDate": "2025-09-19",
    "fiscalDateEnding": "2019-02-02"
  },
  {
    "date": "2018-11-20",
    "symbol": "TGT",
    "eps": 1.09,
    "epsEstimated": 1.12,
    "time": "bmo",
    "revenue": 17821000000,
    "revenueEstimated": 18311486238,
    "updatedFromDate": "2025-09-19",
    "fiscalDateEnding": "2018-11-03"
  },
  {
    "date": "2018-08-22",
    "symbol": "TGT",
    "eps": 1.47,
    "epsEstimated": 1.4,
    "time": "bmo",
    "revenue": 17776000000,
    "revenueEstimated": 16929523809,
    "updatedFromDate": "2025-09-19",
    "fiscalDateEnding": "2018-08-04"
  },
  {
    "date": "2018-05-23",
    "symbol": "TGT",
    "eps": 1.32,
    "epsEstimated": 1.39,
    "time": "bmo",
    "revenue": 16781000000,
    "revenueEstimated": 17670901515,
    "updatedFromDate": "2025-09-19",
    "fiscalDateEnding": "2018-05-05"
  },
  {
    "date": "2018-03-06",
    "symbol": "TGT",
    "eps": 1.37,
    "epsEstimated": 1.39,
    "time": "bmo",
    "revenue": 22766000000,
    "revenueEstimated": 23150759124,
    "updatedFromDate": "2025-09-19",
    "fiscalDateEnding": "2018-02-03"
  },
  {
    "date": "2017-11-15",
    "symbol": "TGT",
    "eps": 0.91,
    "epsEstimated": 0.86,
    "time": "bmo",
    "revenue": 16874000000,
    "revenueEstimated": 15946857142,
    "updatedFromDate": "2025-09-19",
    "fiscalDateEnding": "2017-10-28"
  },
  {
    "date": "2017-08-16",
    "symbol": "TGT",
    "eps": 1.23,
    "epsEstimated": 1.19,
    "time": "bmo",
    "revenue": 16634000000,
    "revenueEstimated": 16093056910,
    "updatedFromDate": "2025-09-19",
    "fiscalDateEnding": "2017-07-29"
  },
  {
    "date": "2017-05-17",
    "symbol": "TGT",
    "eps": 1.21,
    "epsEstimated": 0.91,
    "time": "bmo",
    "revenue": 16223000000,
    "revenueEstimated": 12200768595,
    "updatedFromDate": "2025-09-19",
    "fiscalDateEnding": "2017-04-29"
  },
  {
    "date": "2017-02-28",
    "symbol": "TGT",
    "eps": 1.45,
    "epsEstimated": 1.51,
    "time": "bmo",
    "revenue": 20690000000,
    "revenueEstimated": 22354248275,
    "updatedFromDate": "2025-09-19",
    "fiscalDateEnding": "2017-01-28"
  },
  {
    "date": "2016-11-16",
    "symbol": "TGT",
    "eps": 1.04,
    "epsEstimated": 0.83,
    "time": "bmo",
    "revenue": 16441000000,
    "revenueEstimated": 13121182692,
    "updatedFromDate": "2025-09-19",
    "fiscalDateEnding": "2016-10-29"
  },
  {
    "date": "2016-08-17",
    "symbol": "TGT",
    "eps": 1.23,
    "epsEstimated": 1.12,
    "time": "bmo",
    "revenue": 16169000000,
    "revenueEstimated": 14722991869,
    "updatedFromDate": "2025-09-19",
    "fiscalDateEnding": "2016-07-30"
  }
]