[
  {
    "date": "2026-05-19",
    "symbol": "TJX",
    "eps": null,
    "epsEstimated": null,
    "time": "bmo",
    "revenue": null,
    "revenueEstimated": null,
    "updatedFromDate": "2025-10-02",
    "fiscalDateEnding": "2026-05-02"
  },
  {
    "date": "2026-02-25",
    "symbol": "TJX",
    "eps": null,
    "epsEstimated": null,
    "time": "bmo",
    "revenue": null,
    "revenueEstimated": null,
    "updatedFromDate": "2025-10-02",
    "fiscalDateEnding": "2026-02-02"
  },
  {
    "date": "2025-11-19",
    "symbol": "TJX",
    "eps": null,
    "epsEstimated": 1.21,
    "time": "bmo",
    "revenue": null,
    "revenueEstimated": 14815855280,
    "updatedFromDate": "2025-10-02",
    "fiscalDateEnding": "2025-11-02"
  },
  {
    "date": "2025-08-20",
    "symbol": "TJX",
    "eps": 1.1,
    "epsEstimated": 1.01,
    "time": "bmo",
    "revenue": 14401000000,
    "revenueEstimated": 14140484065,
    "updatedFromDate": "2025-10-02",
    "fiscalDateEnding": "2025-08-02"
  },
  {
    "date": "2025-05-21",
    "symbol": "TJX",
    "eps": 0.92,
    "epsEstimated": 0.915,
    "time": "bmo",
    "revenue": 13111000000,
    "revenueEstimated": 13015394338,
    "updatedFromDate": "2025-08-21",
    "fiscalDateEnding": "2025-05-03"
  },
  {
    "date": "2025-02-26",
    "symbol": "TJX",
    "eps": 1.23,
    "epsEstimated": 1.16,
    "time": "bmo",
    "revenue": 16350000000,
    "revenueEstimated": 16211831988,
    "updatedFromDate": "2025-05-26",
    "fiscalDateEnding": "2025-02-01"
  },
  {
    "date": "2024-11-20",
    "symbol": "TJX",
    "eps": 1.14,
    "epsEstimated": 1.1,
    "time": "bmo",
    "revenue": 14063000000,
    "revenueEstimated": 13952348470,
    "updatedFromDate": "2025-04-25",
    "fiscalDateEnding": "2024-11-02"
  },
  {
    "date": "2024-08-21",
    "symbol": "TJX",
    "eps": 0.96,
    "epsEstimated": 0.92,
    "time": "bmo",
    "revenue": 13468000000,
    "revenueEstimated": 13313094123,
    "updatedFromDate": "2025-04-25",
    "fiscalDateEnding": "2024-08-03"
  },
  {
    "date": "2024-05-22",
    "symbol": "TJX",
    "eps": 0.93,
    "epsEstimated": 0.87,
    "time": "bmo",
    "revenue": 12479000000,
    "revenueEstimated": 12489908139,
    "updatedFromDate": "2025-04-25",
    "fiscalDateEnding": "2024-05-04"
  },
  {
    "date": "2024-02-28",
    "symbol": "TJX",
    "eps": 1.22,
    "epsEstimated": 1.12,
    "time": "bmo",
    "revenue": 16411000000,
    "revenueEstimated": 16202061461,
    "updatedFromDate": "2025-04-25",
    "fiscalDateEnding": "2024-02-03"
  },
  {
    "date": "2023-11-15",
    "symbol": "TJX",
    "eps": 1.03,
    "epsEstimated": 0.99,
    "time": "bmo",
    "revenue": 13265000000,
    "revenueEstimated": 13046300000,
    "updatedFromDate": "2025-04-25",
    "fiscalDateEnding": "2023-10-28"
  },
  {
    "date": "2023-08-16",
    "symbol": "TJX",
    "eps": 0.85,
    "epsEstimated": 0.77,
    "time": "bmo",
    "revenue": 12758000000,
    "revenueEstimated": 12403000000,
    "updatedFromDate": "2025-04-25",
    "fiscalDateEnding": "2023-07-29"
  },
  {
    "date": "2023-05-17",
    "symbol": "TJX",
    "eps": 0.76,
    "epsEstimated": 0.71,
    "time": "bmo",
    "revenue": 11783000000,
    "revenueEstimated": 11823500000,
    "updatedFromDate": "2025-04-25",
    "fiscalDateEnding": "2023-04-29"
  },
  {
    "date": "2023-02-22",
    "symbol": "TJX",
    "eps": 0.89,
    "epsEstimated": 0.89,
    "time": "bmo",
    "revenue": 14520232000,
    "revenueEstimated": 14066552431,
    "updatedFromDate": "2025-04-25",
    "fiscalDateEnding": "2023-01-28"
  },
  {
    "date": "2022-11-16",
    "symbol": "TJX",
    "eps": 0.86,
    "epsEstimated": 0.8,
    "time": "bmo",
    "revenue": 12167000000,
    "revenueEstimated": 12298468382,
    "updatedFromDate": "2025-04-25",
    "fiscalDateEnding": "2022-10-29"
  },
  {
    "date": "2022-08-17",
    "symbol": "TJX",
    "eps": 0.69,
    "epsEstimated": 0.66,
    "time": "bmo",
    "revenue": 11843008000,
    "revenueEstimated": 12036335543,
    "updatedFromDate": "2025-04-25",
    "fiscalDateEnding": "2022-07-30"
  },
  {
    "date": "2022-05-18",
    "symbol": "TJX",
    "eps": 0.68,
    "epsEstimated": 0.6,
    "time": "bmo",
    "revenue": 11406474000,
    "revenueEstimated": 11585944355,
    "updatedFromDate": "2025-04-25",
    "fiscalDateEnding": "2022-04-30"
  },
  {
    "date": "2022-02-23",
    "symbol": "TJX",
    "eps": 0.78,
    "epsEstimated": 0.91,
    "time": "bmo",
    "revenue": 13854368000,
    "revenueEstimated": 14218223368,
    "updatedFromDate": "2025-04-25",
    "fiscalDateEnding": "2022-01-29"
  },
  {
    "date": "2021-11-17",
    "symbol": "TJX",
    "eps": 0.84,
    "epsEstimated": 0.81,
    "time": "bmo",
    "revenue": 12531890000,
    "revenueEstimated": 14218100000,
    "updatedFromDate": "2025-04-25",
    "fiscalDateEnding": "2021-10-30"
  },
  {
    "date": "2021-08-18",
    "symbol": "TJX",
    "eps": 0.79,
    "epsEstimated": 0.57,
    "time": "bmo",
    "revenue": 12077063000,
    "revenueEstimated": 12289500000,
    "updatedFromDate": "2025-04-25",
    "fiscalDateEnding": "2021-07-31"
  },
  {
    "date": "2021-05-19",
    "symbol": "TJX",
    "eps": 0.44,
    "epsEstimated": 0.31,
    "time": "bmo",
    "revenue": 10086661000,
    "revenueEstimated": 8363360000,
    "updatedFromDate": "2025-04-25",
    "fiscalDateEnding": "2021-05-01"
  },
  {
    "date": "2021-02-24",
    "symbol": "TJX",
    "eps": 0.5,
    "epsEstimated": 0.61,
    "time": "bmo",
    "revenue": 10943210000,
    "revenueEstimated": 13061250645,
    "updatedFromDate": "2025-04-25",
    "fiscalDateEnding": "2021-01-30"
  },
  {
    "date": "2020-11-18",
    "symbol": "TJX",
    "eps": 0.71,
    "epsEstimated": 0.4,
    "time": "bmo",
    "revenue": 10117289000,
    "revenueEstimated": 8451097966,
    "updatedFromDate": "2025-04-25",
    "fiscalDateEnding": "2020-10-31"
  },
  {
    "date": "2020-08-19",
    "symbol": "TJX",
    "eps": -0.18,
    "epsEstimated": -0.08,
    "time": "bmo",
    "revenue": 6667575000,
    "revenueEstimated": 3704208333,
    "updatedFromDate": "2025-04-25",
    "fiscalDateEnding": "2020-08-01"
  },
  {
    "date": "2020-05-21",
    "symbol": "TJX",
    "eps": -0.74,
    "epsEstimated": -0.19,
    "time": "bmo",
    "revenue": 4408888000,
    "revenueEstimated": 1072432216,
    "updatedFromDate": "2025-04-25",
    "fiscalDateEnding": "2020-05-02"
  },
  {
    "date": "2020-02-26",
    "symbol": "TJX",
    "eps": 0.81,
    "epsEstimated": 0.77,
    "time": "bmo",
    "revenue": 12206462000,
    "revenueEstimated": 11603673753,
    "updatedFromDate": "2025-04-25",
    "fiscalDateEnding": "2020-02-01"
  },
  {
    "date": "2019-11-19",
    "symbol": "TJX",
    "eps": 0.68,
    "epsEstimated": 0.66,
    "time": "bmo",
    "revenue": 10451334000,
    "revenueEstimated": 10143941823,
    "updatedFromDate": "2025-04-25",
    "fiscalDateEnding": "2019-11-02"
  },
  {
    "date": "2019-08-20",
    "symbol": "TJX",
    "eps": 0.62,
    "epsEstimated": 0.62,
    "time": "bmo",
    "revenue": 9781596000,
    "revenueEstimated": 9781596000,
    "updatedFromDate": "2025-04-25",
    "fiscalDateEnding": "2019-08-03"
  },
  {
    "date": "2019-05-21",
    "symbol": "TJX",
    "eps": 0.57,
    "epsEstimated": 0.55,
    "time": "bmo",
    "revenue": 9277585000,
    "revenueEstimated": 8952055701,
    "updatedFromDate": "2025-04-25",
    "fiscalDateEnding": "2019-05-04"
  },
  {
    "date": "2019-02-27",
    "symbol": "TJX",
    "eps": 0.68,
    "epsEstimated": 0.68,
    "time": "bmo",
    "revenue": 11127340000,
    "revenueEstimated": null,
    "updatedFromDate": "2025-04-25",
    "fiscalDateEnding": "2019-02-02"
  },
  {
    "date": "2018-11-20",
    "symbol": "TJX",
    "eps": 0.63,
    "epsEstimated": 0.61,
    "time": "bmo",
    "revenue": 9825759000,
    "revenueEstimated": 9825759000,
    "updatedFromDate": "2025-04-25",
    "fiscalDateEnding": "2018-11-03"
  },
  {
    "date": "2018-08-21",
    "symbol": "TJX",
    "eps": 0.59,
    "epsEstimated": 0.53,
    "time": "bmo",
    "revenue": 9331115000,
    "revenueEstimated": 8382084745,
    "updatedFromDate": "2025-04-25",
    "fiscalDateEnding": "2018-08-04"
  },
  {
    "date": "2018-05-22",
    "symbol": "TJX",
    "eps": 0.48,
    "epsEstimated": 0.51,
    "time": "bmo",
    "revenue": 8688720000,
    "revenueEstimated": 7913196428,
    "updatedFromDate": "2025-04-25",
    "fiscalDateEnding": "2018-05-05"
  },
  {
    "date": "2018-02-28",
    "symbol": "TJX",
    "eps": 0.65,
    "epsEstimated": 0.64,
    "time": "bmo",
    "revenue": 10960720000,
    "revenueEstimated": null,
    "updatedFromDate": "2025-04-25",
    "fiscalDateEnding": "2018-02-03"
  },
  {
    "date": "2017-11-14",
    "symbol": "TJX",
    "eps": 0.5,
    "epsEstimated": 0.5,
    "time": "bmo",
    "revenue": 8762220000,
    "revenueEstimated": 8762000000,
    "updatedFromDate": "2025-04-25",
    "fiscalDateEnding": "2017-10-28"
  },
  {
    "date": "2017-08-15",
    "symbol": "TJX",
    "eps": 0.43,
    "epsEstimated": 0.42,
    "time": "bmo",
    "revenue": 8357700000,
    "revenueEstimated": 8163627906,
    "updatedFromDate": "2025-04-25",
    "fiscalDateEnding": "2017-07-29"
  },
  {
    "date": "2017-05-16",
    "symbol": "TJX",
    "eps": 0.39,
    "epsEstimated": 0.39,
    "time": "bmo",
    "revenue": 7784024000,
    "revenueEstimated": 7594146341,
    "updatedFromDate": "2025-04-25",
    "fiscalDateEnding": "2017-04-29"
  },
  {
    "date": "2017-02-22",
    "symbol": "TJX",
    "eps": 0.52,
    "epsEstimated": 0.5,
    "time": "bmo",
    "revenue": 9467647000,
    "revenueEstimated": 9103846153,
    "updatedFromDate": "2025-04-25",
    "fiscalDateEnding": "2017-01-28"
  },
  {
    "date": "2016-11-15",
    "symbol": "TJX",
    "eps": 0.46,
    "epsEstimated": 0.43,
    "time": "bmo",
    "revenue": 8291688000,
    "revenueEstimated": 7751217391,
    "updatedFromDate": "2025-04-25",
    "fiscalDateEnding": "2016-10-29"
  },
  {
    "date": "2016-08-16",
    "symbol": "TJX",
    "eps": 0.42,
    "epsEstimated": 0.41,
    "time": "bmo",
    "revenue": 7882053000,
    "revenueEstimated": 7600500000,
    "updatedFromDate": "2025-04-25",
    "fiscalDateEnding": "2016-07-30"
  }
]