[
  {
    "date": "2026-04-21",
    "symbol": "TMO",
    "eps": null,
    "epsEstimated": null,
    "time": "bmo",
    "revenue": null,
    "revenueEstimated": null,
    "updatedFromDate": "2025-10-02",
    "fiscalDateEnding": "2026-03-28"
  },
  {
    "date": "2026-01-28",
    "symbol": "TMO",
    "eps": null,
    "epsEstimated": null,
    "time": "bmo",
    "revenue": null,
    "revenueEstimated": null,
    "updatedFromDate": "2025-10-02",
    "fiscalDateEnding": "2025-12-28"
  },
  {
    "date": "2025-10-22",
    "symbol": "TMO",
    "eps": null,
    "epsEstimated": 5.51,
    "time": "bmo",
    "revenue": null,
    "revenueEstimated": 10900075020,
    "updatedFromDate": "2025-10-02",
    "fiscalDateEnding": "2025-09-28"
  },
  {
    "date": "2025-07-23",
    "symbol": "TMO",
    "eps": 5.36,
    "epsEstimated": 5.23,
    "time": "bmo",
    "revenue": 10855000000,
    "revenueEstimated": 10681516496,
    "updatedFromDate": "2025-10-02",
    "fiscalDateEnding": "2025-06-28"
  },
  {
    "date": "2025-04-23",
    "symbol": "TMO",
    "eps": 5.15,
    "epsEstimated": 5.1,
    "time": "bmo",
    "revenue": 10364000000,
    "revenueEstimated": 10231909266,
    "updatedFromDate": "2025-07-22",
    "fiscalDateEnding": "2025-03-29"
  },
  {
    "date": "2025-01-30",
    "symbol": "TMO",
    "eps": 6.1,
    "epsEstimated": 5.94,
    "time": "bmo",
    "revenue": 11395000000,
    "revenueEstimated": 11277519905,
    "updatedFromDate": "2025-04-30",
    "fiscalDateEnding": "2024-12-31"
  },
  {
    "date": "2024-10-23",
    "symbol": "TMO",
    "eps": 5.28,
    "epsEstimated": 5.25,
    "time": "bmo",
    "revenue": 10598000000,
    "revenueEstimated": 10634610625,
    "updatedFromDate": "2025-04-25",
    "fiscalDateEnding": "2024-09-28"
  },
  {
    "date": "2024-07-24",
    "symbol": "TMO",
    "eps": 5.37,
    "epsEstimated": 5.12,
    "time": "bmo",
    "revenue": 10541000000,
    "revenueEstimated": 10504911303,
    "updatedFromDate": "2025-04-25",
    "fiscalDateEnding": "2024-06-29"
  },
  {
    "date": "2024-04-24",
    "symbol": "TMO",
    "eps": 5.11,
    "epsEstimated": 4.71,
    "time": "bmo",
    "revenue": 10345000000,
    "revenueEstimated": 10154901793,
    "updatedFromDate": "2025-04-25",
    "fiscalDateEnding": "2024-03-30"
  },
  {
    "date": "2024-01-31",
    "symbol": "TMO",
    "eps": 5.67,
    "epsEstimated": 5.64,
    "time": "bmo",
    "revenue": 10886000000,
    "revenueEstimated": 10727100000,
    "updatedFromDate": "2025-04-25",
    "fiscalDateEnding": "2023-12-31"
  },
  {
    "date": "2023-10-25",
    "symbol": "TMO",
    "eps": 5.69,
    "epsEstimated": 5.61,
    "time": "bmo",
    "revenue": 10574000000,
    "revenueEstimated": 10645400000,
    "updatedFromDate": "2025-04-25",
    "fiscalDateEnding": "2023-09-30"
  },
  {
    "date": "2023-07-26",
    "symbol": "TMO",
    "eps": 5.15,
    "epsEstimated": 5.43,
    "time": "bmo",
    "revenue": 10687000000,
    "revenueEstimated": 10980400000,
    "updatedFromDate": "2025-04-25",
    "fiscalDateEnding": "2023-07-01"
  },
  {
    "date": "2023-04-26",
    "symbol": "TMO",
    "eps": 5.03,
    "epsEstimated": 4.95,
    "time": "bmo",
    "revenue": 10710000000,
    "revenueEstimated": 10666500000,
    "updatedFromDate": "2025-04-25",
    "fiscalDateEnding": "2023-04-01"
  },
  {
    "date": "2023-02-01",
    "symbol": "TMO",
    "eps": 5.4,
    "epsEstimated": 5.19,
    "time": "bmo",
    "revenue": 11450000000,
    "revenueEstimated": 10425108018,
    "updatedFromDate": "2025-04-25",
    "fiscalDateEnding": "2022-12-31"
  },
  {
    "date": "2022-10-26",
    "symbol": "TMO",
    "eps": 5.08,
    "epsEstimated": 4.78,
    "time": "bmo",
    "revenue": 10677000000,
    "revenueEstimated": 9943702861,
    "updatedFromDate": "2025-04-25",
    "fiscalDateEnding": "2022-10-01"
  },
  {
    "date": "2022-07-28",
    "symbol": "TMO",
    "eps": 5.51,
    "epsEstimated": 4.99,
    "time": "bmo",
    "revenue": 10970000000,
    "revenueEstimated": 9966984902,
    "updatedFromDate": "2025-04-25",
    "fiscalDateEnding": "2022-07-02"
  },
  {
    "date": "2022-04-28",
    "symbol": "TMO",
    "eps": 7.25,
    "epsEstimated": 6.18,
    "time": "bmo",
    "revenue": 11818000000,
    "revenueEstimated": 10692694624,
    "updatedFromDate": "2025-04-25",
    "fiscalDateEnding": "2022-04-02"
  },
  {
    "date": "2022-02-02",
    "symbol": "TMO",
    "eps": 6.54,
    "epsEstimated": 5.22,
    "time": "bmo",
    "revenue": 10702000000,
    "revenueEstimated": 10546000000,
    "updatedFromDate": "2025-04-25",
    "fiscalDateEnding": "2021-12-31"
  },
  {
    "date": "2021-10-27",
    "symbol": "TMO",
    "eps": 5.76,
    "epsEstimated": 4.67,
    "time": "bmo",
    "revenue": 9330000000,
    "revenueEstimated": 8302590000,
    "updatedFromDate": "2025-04-25",
    "fiscalDateEnding": "2021-10-02"
  },
  {
    "date": "2021-07-28",
    "symbol": "TMO",
    "eps": 5.6,
    "epsEstimated": 5.44,
    "time": "bmo",
    "revenue": 9273000000,
    "revenueEstimated": 8302590000,
    "updatedFromDate": "2025-04-25",
    "fiscalDateEnding": "2021-07-03"
  },
  {
    "date": "2021-04-29",
    "symbol": "TMO",
    "eps": 7.21,
    "epsEstimated": 6.65,
    "time": "bmo",
    "revenue": 9906000000,
    "revenueEstimated": 9670300000,
    "updatedFromDate": "2025-04-25",
    "fiscalDateEnding": "2021-04-03"
  },
  {
    "date": "2021-02-01",
    "symbol": "TMO",
    "eps": 7.09,
    "epsEstimated": 6.56,
    "time": "bmo",
    "revenue": 10550000000,
    "revenueEstimated": 9697637195,
    "updatedFromDate": "2025-04-25",
    "fiscalDateEnding": "2020-12-31"
  },
  {
    "date": "2020-10-21",
    "symbol": "TMO",
    "eps": 5.63,
    "epsEstimated": 4.31,
    "time": "bmo",
    "revenue": 8521000000,
    "revenueEstimated": 6523181172,
    "updatedFromDate": "2025-04-25",
    "fiscalDateEnding": "2020-09-26"
  },
  {
    "date": "2020-07-22",
    "symbol": "TMO",
    "eps": 3.89,
    "epsEstimated": 2.67,
    "time": "bmo",
    "revenue": 6917000000,
    "revenueEstimated": 6081269922,
    "updatedFromDate": "2025-04-25",
    "fiscalDateEnding": "2020-06-27"
  },
  {
    "date": "2020-04-22",
    "symbol": "TMO",
    "eps": 2.94,
    "epsEstimated": 2.79,
    "time": "bmo",
    "revenue": 6230000000,
    "revenueEstimated": 5933333333,
    "updatedFromDate": "2025-04-25",
    "fiscalDateEnding": "2020-03-28"
  },
  {
    "date": "2020-01-30",
    "symbol": "TMO",
    "eps": 3.55,
    "epsEstimated": 3.54,
    "time": "bmo",
    "revenue": 6829000000,
    "revenueEstimated": 6809763380,
    "updatedFromDate": "2025-04-25",
    "fiscalDateEnding": "2019-12-31"
  },
  {
    "date": "2019-10-23",
    "symbol": "TMO",
    "eps": 2.94,
    "epsEstimated": 2.88,
    "time": "bmo",
    "revenue": 6272000000,
    "revenueEstimated": 6122666666,
    "updatedFromDate": "2025-04-25",
    "fiscalDateEnding": "2019-09-28"
  },
  {
    "date": "2019-07-24",
    "symbol": "TMO",
    "eps": 3.04,
    "epsEstimated": 3,
    "time": "bmo",
    "revenue": 6316000000,
    "revenueEstimated": 6232894736,
    "updatedFromDate": "2025-04-25",
    "fiscalDateEnding": "2019-06-29"
  },
  {
    "date": "2019-04-24",
    "symbol": "TMO",
    "eps": 2.81,
    "epsEstimated": 2.74,
    "time": "bmo",
    "revenue": 6125000000,
    "revenueEstimated": 5950622775,
    "updatedFromDate": "2025-04-25",
    "fiscalDateEnding": "2019-03-30"
  },
  {
    "date": "2019-01-30",
    "symbol": "TMO",
    "eps": 3.25,
    "epsEstimated": 3.19,
    "time": "bmo",
    "revenue": 6507000000,
    "revenueEstimated": 6366849230,
    "updatedFromDate": "2025-04-25",
    "fiscalDateEnding": "2018-12-31"
  },
  {
    "date": "2018-10-24",
    "symbol": "TMO",
    "eps": 2.62,
    "epsEstimated": 2.55,
    "time": "bmo",
    "revenue": 5920000000,
    "revenueEstimated": 5761832061,
    "updatedFromDate": "2025-04-25",
    "fiscalDateEnding": "2018-09-29"
  },
  {
    "date": "2018-07-25",
    "symbol": "TMO",
    "eps": 2.75,
    "epsEstimated": 2.63,
    "time": "bmo",
    "revenue": 6078000000,
    "revenueEstimated": 5790676363,
    "updatedFromDate": "2025-04-25",
    "fiscalDateEnding": "2018-06-30"
  },
  {
    "date": "2018-04-25",
    "symbol": "TMO",
    "eps": 2.5,
    "epsEstimated": 2.42,
    "time": "bmo",
    "revenue": 5853000000,
    "revenueEstimated": 5618880000,
    "updatedFromDate": "2025-04-25",
    "fiscalDateEnding": "2018-03-31"
  },
  {
    "date": "2018-01-31",
    "symbol": "TMO",
    "eps": 2.79,
    "epsEstimated": 2.66,
    "time": "bmo",
    "revenue": 6047000000,
    "revenueEstimated": 5765049462,
    "updatedFromDate": "2025-04-25",
    "fiscalDateEnding": "2017-12-31"
  },
  {
    "date": "2017-10-25",
    "symbol": "TMO",
    "eps": 2.31,
    "epsEstimated": 2.24,
    "time": "bmo",
    "revenue": 5116200000,
    "revenueEstimated": 4983311688,
    "updatedFromDate": "2025-04-25",
    "fiscalDateEnding": "2017-09-30"
  },
  {
    "date": "2017-07-26",
    "symbol": "TMO",
    "eps": 2.3,
    "epsEstimated": 2.27,
    "time": "bmo",
    "revenue": 4990000000,
    "revenueEstimated": 4924913043,
    "updatedFromDate": "2025-04-25",
    "fiscalDateEnding": "2017-07-01"
  },
  {
    "date": "2017-04-26",
    "symbol": "TMO",
    "eps": 2.08,
    "epsEstimated": 2.02,
    "time": "bmo",
    "revenue": 4765000000,
    "revenueEstimated": 4627548076,
    "updatedFromDate": "2025-04-25",
    "fiscalDateEnding": "2017-04-01"
  },
  {
    "date": "2017-01-31",
    "symbol": "TMO",
    "eps": 2.41,
    "epsEstimated": 2.37,
    "time": "bmo",
    "revenue": 4953200000,
    "revenueEstimated": 4891541908,
    "updatedFromDate": "2025-04-25",
    "fiscalDateEnding": "2016-12-31"
  },
  {
    "date": "2016-10-27",
    "symbol": "TMO",
    "eps": 2.03,
    "epsEstimated": 1.97,
    "time": "bmo",
    "revenue": 4490900000,
    "revenueEstimated": 4358164039,
    "updatedFromDate": "2025-04-25",
    "fiscalDateEnding": "2016-10-01"
  },
  {
    "date": "2016-07-28",
    "symbol": "TMO",
    "eps": 2.03,
    "epsEstimated": 2,
    "time": "bmo",
    "revenue": 4535200000,
    "revenueEstimated": 4490518226,
    "updatedFromDate": "2025-04-25",
    "fiscalDateEnding": "2016-07-02"
  }
]