[
  {
    "date": "2026-04-22",
    "symbol": "TMUS",
    "eps": null,
    "epsEstimated": null,
    "time": "amc",
    "revenue": null,
    "revenueEstimated": null,
    "updatedFromDate": "2025-10-02",
    "fiscalDateEnding": "2026-03-30"
  },
  {
    "date": "2026-01-27",
    "symbol": "TMUS",
    "eps": null,
    "epsEstimated": null,
    "time": "amc",
    "revenue": null,
    "revenueEstimated": null,
    "updatedFromDate": "2025-10-02",
    "fiscalDateEnding": "2025-12-30"
  },
  {
    "date": "2025-10-23",
    "symbol": "TMUS",
    "eps": null,
    "epsEstimated": 2.67,
    "time": "bmo",
    "revenue": null,
    "revenueEstimated": 21947902430,
    "updatedFromDate": "2025-10-02",
    "fiscalDateEnding": "2025-09-30"
  },
  {
    "date": "2025-07-23",
    "symbol": "TMUS",
    "eps": 2.84,
    "epsEstimated": 2.68,
    "time": "amc",
    "revenue": 21132000000,
    "revenueEstimated": 21036776858,
    "updatedFromDate": "2025-10-02",
    "fiscalDateEnding": "2025-06-30"
  },
  {
    "date": "2025-04-24",
    "symbol": "TMUS",
    "eps": 2.58,
    "epsEstimated": 2.47,
    "time": "amc",
    "revenue": 20886000000,
    "revenueEstimated": 20627346207,
    "updatedFromDate": "2025-07-24",
    "fiscalDateEnding": "2025-03-31"
  },
  {
    "date": "2025-01-29",
    "symbol": "TMUS",
    "eps": 2.57,
    "epsEstimated": 2.29,
    "time": "bmo",
    "revenue": 21872000000,
    "revenueEstimated": 21332623160,
    "updatedFromDate": "2025-04-29",
    "fiscalDateEnding": "2024-12-31"
  },
  {
    "date": "2024-10-23",
    "symbol": "TMUS",
    "eps": 2.61,
    "epsEstimated": 2.42,
    "time": "amc",
    "revenue": 20162000000,
    "revenueEstimated": 20014928793,
    "updatedFromDate": "2025-04-25",
    "fiscalDateEnding": "2024-09-30"
  },
  {
    "date": "2024-07-31",
    "symbol": "TMUS",
    "eps": 2.49,
    "epsEstimated": 2.28,
    "time": "bmo",
    "revenue": 19772000000,
    "revenueEstimated": 19608400157,
    "updatedFromDate": "2025-04-25",
    "fiscalDateEnding": "2024-06-30"
  },
  {
    "date": "2024-04-25",
    "symbol": "TMUS",
    "eps": 2,
    "epsEstimated": 1.87,
    "time": "amc",
    "revenue": 19594000000,
    "revenueEstimated": 19825885180,
    "updatedFromDate": "2025-04-25",
    "fiscalDateEnding": "2024-03-31"
  },
  {
    "date": "2024-01-25",
    "symbol": "TMUS",
    "eps": 1.67,
    "epsEstimated": 1.9,
    "time": "amc",
    "revenue": 20478000000,
    "revenueEstimated": 19636200000,
    "updatedFromDate": "2025-04-25",
    "fiscalDateEnding": "2023-12-31"
  },
  {
    "date": "2023-10-25",
    "symbol": "TMUS",
    "eps": 1.82,
    "epsEstimated": 1.74,
    "time": "bmo",
    "revenue": 19252000000,
    "revenueEstimated": 18220500000,
    "updatedFromDate": "2025-04-25",
    "fiscalDateEnding": "2023-09-30"
  },
  {
    "date": "2023-07-27",
    "symbol": "TMUS",
    "eps": 1.86,
    "epsEstimated": 1.69,
    "time": "amc",
    "revenue": 19196000000,
    "revenueEstimated": 19359000000,
    "updatedFromDate": "2025-04-25",
    "fiscalDateEnding": "2023-06-30"
  },
  {
    "date": "2023-04-27",
    "symbol": "TMUS",
    "eps": 1.58,
    "epsEstimated": 1.48,
    "time": "amc",
    "revenue": 19632000000,
    "revenueEstimated": 19814600000,
    "updatedFromDate": "2025-04-25",
    "fiscalDateEnding": "2023-03-31"
  },
  {
    "date": "2023-02-01",
    "symbol": "TMUS",
    "eps": 1.18,
    "epsEstimated": 1.1,
    "time": "bmo",
    "revenue": 20273000000,
    "revenueEstimated": 20638362317,
    "updatedFromDate": "2025-04-25",
    "fiscalDateEnding": "2022-12-31"
  },
  {
    "date": "2022-10-27",
    "symbol": "TMUS",
    "eps": 0.4,
    "epsEstimated": 0.04358,
    "time": "amc",
    "revenue": 19477000000,
    "revenueEstimated": 20002209683,
    "updatedFromDate": "2025-04-25",
    "fiscalDateEnding": "2022-09-30"
  },
  {
    "date": "2022-07-27",
    "symbol": "TMUS",
    "eps": 1.43,
    "epsEstimated": 0.41,
    "time": "bmo",
    "revenue": 19701000000,
    "revenueEstimated": 20097068849,
    "updatedFromDate": "2025-04-25",
    "fiscalDateEnding": "2022-06-30"
  },
  {
    "date": "2022-04-27",
    "symbol": "TMUS",
    "eps": 0.57,
    "epsEstimated": 0.33,
    "time": "bmo",
    "revenue": 20120000000,
    "revenueEstimated": 20134007184,
    "updatedFromDate": "2025-04-25",
    "fiscalDateEnding": "2022-03-31"
  },
  {
    "date": "2022-02-02",
    "symbol": "TMUS",
    "eps": 1.1,
    "epsEstimated": 0.16,
    "time": "amc",
    "revenue": 20785000000,
    "revenueEstimated": 20577149998,
    "updatedFromDate": "2025-04-25",
    "fiscalDateEnding": "2021-12-31"
  },
  {
    "date": "2021-11-02",
    "symbol": "TMUS",
    "eps": 0.55,
    "epsEstimated": 0.53,
    "time": "amc",
    "revenue": 19624000000,
    "revenueEstimated": 20064200000,
    "updatedFromDate": "2025-04-25",
    "fiscalDateEnding": "2021-09-30"
  },
  {
    "date": "2021-07-29",
    "symbol": "TMUS",
    "eps": 0.78,
    "epsEstimated": 0.53,
    "time": "amc",
    "revenue": 19950000000,
    "revenueEstimated": 19344400000,
    "updatedFromDate": "2025-04-25",
    "fiscalDateEnding": "2021-06-30"
  },
  {
    "date": "2021-05-04",
    "symbol": "TMUS",
    "eps": 0.74,
    "epsEstimated": 0.57,
    "time": "amc",
    "revenue": 19759000000,
    "revenueEstimated": 18935500000,
    "updatedFromDate": "2025-04-25",
    "fiscalDateEnding": "2021-03-31"
  },
  {
    "date": "2021-02-04",
    "symbol": "TMUS",
    "eps": 1.03,
    "epsEstimated": 0.51,
    "time": "amc",
    "revenue": 20341000000,
    "revenueEstimated": 19903300000,
    "updatedFromDate": "2025-04-25",
    "fiscalDateEnding": "2020-12-31"
  },
  {
    "date": "2020-11-05",
    "symbol": "TMUS",
    "eps": 1,
    "epsEstimated": 0.43,
    "time": "amc",
    "revenue": 19272000000,
    "revenueEstimated": 15529646511,
    "updatedFromDate": "2025-04-25",
    "fiscalDateEnding": "2020-09-30"
  },
  {
    "date": "2020-08-06",
    "symbol": "TMUS",
    "eps": 0.61,
    "epsEstimated": 0.11,
    "time": "amc",
    "revenue": 17671000000,
    "revenueEstimated": 13744111111,
    "updatedFromDate": "2025-04-25",
    "fiscalDateEnding": "2020-06-30"
  },
  {
    "date": "2020-05-06",
    "symbol": "TMUS",
    "eps": 1.1,
    "epsEstimated": 1.02,
    "time": "amc",
    "revenue": 11113000000,
    "revenueEstimated": 10304781818,
    "updatedFromDate": "2025-04-25",
    "fiscalDateEnding": "2020-03-31"
  },
  {
    "date": "2020-02-06",
    "symbol": "TMUS",
    "eps": 0.87,
    "epsEstimated": 0.83,
    "time": "amc",
    "revenue": 11878000000,
    "revenueEstimated": 11331885057,
    "updatedFromDate": "2025-04-25",
    "fiscalDateEnding": "2019-12-31"
  },
  {
    "date": "2019-10-28",
    "symbol": "TMUS",
    "eps": 1.01,
    "epsEstimated": 0.96,
    "time": "amc",
    "revenue": 11061000000,
    "revenueEstimated": 10513425742,
    "updatedFromDate": "2025-04-25",
    "fiscalDateEnding": "2019-09-30"
  },
  {
    "date": "2019-07-25",
    "symbol": "TMUS",
    "eps": 1.09,
    "epsEstimated": 0.97,
    "time": "bmo",
    "revenue": 10979000000,
    "revenueEstimated": 9770302752,
    "updatedFromDate": "2025-04-25",
    "fiscalDateEnding": "2019-06-30"
  },
  {
    "date": "2019-04-25",
    "symbol": "TMUS",
    "eps": 1.06,
    "epsEstimated": 0.91,
    "time": "amc",
    "revenue": 11080000000,
    "revenueEstimated": 9512075471,
    "updatedFromDate": "2025-04-25",
    "fiscalDateEnding": "2019-03-31"
  },
  {
    "date": "2019-02-07",
    "symbol": "TMUS",
    "eps": 0.75,
    "epsEstimated": 0.69,
    "time": "bmo",
    "revenue": 11445000000,
    "revenueEstimated": 10529400000,
    "updatedFromDate": "2025-04-25",
    "fiscalDateEnding": "2018-12-31"
  },
  {
    "date": "2018-10-30",
    "symbol": "TMUS",
    "eps": 0.93,
    "epsEstimated": 0.85,
    "time": "amc",
    "revenue": 10839000000,
    "revenueEstimated": 9906612903,
    "updatedFromDate": "2025-04-25",
    "fiscalDateEnding": "2018-09-30"
  },
  {
    "date": "2018-08-01",
    "symbol": "TMUS",
    "eps": 0.92,
    "epsEstimated": 0.87,
    "time": "amc",
    "revenue": 10571000000,
    "revenueEstimated": 9996489130,
    "updatedFromDate": "2025-04-25",
    "fiscalDateEnding": "2018-06-30"
  },
  {
    "date": "2018-05-01",
    "symbol": "TMUS",
    "eps": 0.78,
    "epsEstimated": 0.71,
    "time": "bmo",
    "revenue": 10455000000,
    "revenueEstimated": 9516730769,
    "updatedFromDate": "2025-04-25",
    "fiscalDateEnding": "2018-03-31"
  },
  {
    "date": "2018-02-08",
    "symbol": "TMUS",
    "eps": 0.48,
    "epsEstimated": 0.37,
    "time": "bmo",
    "revenue": 10759000000,
    "revenueEstimated": 9355968243,
    "updatedFromDate": "2025-04-25",
    "fiscalDateEnding": "2017-12-31"
  },
  {
    "date": "2017-10-23",
    "symbol": "TMUS",
    "eps": 0.63,
    "epsEstimated": 0.46,
    "time": "bmo",
    "revenue": 10019000000,
    "revenueEstimated": 7315460317,
    "updatedFromDate": "2025-04-25",
    "fiscalDateEnding": "2017-09-30"
  },
  {
    "date": "2017-07-19",
    "symbol": "TMUS",
    "eps": 0.67,
    "epsEstimated": 0.38,
    "time": "amc",
    "revenue": 10213000000,
    "revenueEstimated": 8980049012,
    "updatedFromDate": "2025-04-25",
    "fiscalDateEnding": "2017-06-30"
  },
  {
    "date": "2017-04-24",
    "symbol": "TMUS",
    "eps": 0.46,
    "epsEstimated": 0.35,
    "time": "amc",
    "revenue": 9613000000,
    "revenueEstimated": 6797764284,
    "updatedFromDate": "2025-04-25",
    "fiscalDateEnding": "2017-03-31"
  },
  {
    "date": "2017-02-14",
    "symbol": "TMUS",
    "eps": 0.45,
    "epsEstimated": 0.3,
    "time": "bmo",
    "revenue": 10175000000,
    "revenueEstimated": 6822666666,
    "updatedFromDate": "2025-04-25",
    "fiscalDateEnding": "2016-12-31"
  },
  {
    "date": "2016-10-24",
    "symbol": "TMUS",
    "eps": 0.27,
    "epsEstimated": 0.22,
    "time": "bmo",
    "revenue": 9246000000,
    "revenueEstimated": 7021181250,
    "updatedFromDate": "2025-04-25",
    "fiscalDateEnding": "2016-09-30"
  },
  {
    "date": "2016-07-27",
    "symbol": "TMUS",
    "eps": 0.25,
    "epsEstimated": 0.2,
    "time": "bmo",
    "revenue": 9222000000,
    "revenueEstimated": 7429600000,
    "updatedFromDate": "2025-04-25",
    "fiscalDateEnding": "2016-06-30"
  }
]