[
  {
    "date": "2026-05-05",
    "symbol": "TPL",
    "eps": null,
    "epsEstimated": null,
    "time": "amc",
    "revenue": null,
    "revenueEstimated": null,
    "updatedFromDate": "2025-10-02",
    "fiscalDateEnding": "2026-03-30"
  },
  {
    "date": "2026-02-17",
    "symbol": "TPL",
    "eps": null,
    "epsEstimated": null,
    "time": "amc",
    "revenue": null,
    "revenueEstimated": null,
    "updatedFromDate": "2025-10-02",
    "fiscalDateEnding": "2025-12-30"
  },
  {
    "date": "2025-11-05",
    "symbol": "TPL",
    "eps": null,
    "epsEstimated": null,
    "time": "bmo",
    "revenue": null,
    "revenueEstimated": null,
    "updatedFromDate": "2025-10-02",
    "fiscalDateEnding": "2025-09-30"
  },
  {
    "date": "2025-08-06",
    "symbol": "TPL",
    "eps": 5.05,
    "epsEstimated": 5.48,
    "time": "amc",
    "revenue": 187543000,
    "revenueEstimated": 198000000,
    "updatedFromDate": "2025-10-02",
    "fiscalDateEnding": "2025-06-30"
  },
  {
    "date": "2025-05-07",
    "symbol": "TPL",
    "eps": 5.24,
    "epsEstimated": 5.27,
    "time": "amc",
    "revenue": 195983000,
    "revenueEstimated": 211000000,
    "updatedFromDate": "2025-08-07",
    "fiscalDateEnding": "2025-03-31"
  },
  {
    "date": "2025-02-19",
    "symbol": "TPL",
    "eps": 5.14,
    "epsEstimated": 4.84,
    "time": "amc",
    "revenue": 185784000,
    "revenueEstimated": 185000000,
    "updatedFromDate": "2025-05-19",
    "fiscalDateEnding": "2024-12-31"
  },
  {
    "date": "2024-11-06",
    "symbol": "TPL",
    "eps": 4.63,
    "epsEstimated": 5.35,
    "time": "amc",
    "revenue": 173563000,
    "revenueEstimated": 180753000,
    "updatedFromDate": "2025-04-25",
    "fiscalDateEnding": "2024-09-30"
  },
  {
    "date": "2024-08-07",
    "symbol": "TPL",
    "eps": 4.98,
    "epsEstimated": 5.36,
    "time": "amc",
    "revenue": 172334000,
    "revenueEstimated": 182345000,
    "updatedFromDate": "2025-04-25",
    "fiscalDateEnding": "2024-06-30"
  },
  {
    "date": "2024-05-08",
    "symbol": "TPL",
    "eps": 4.97,
    "epsEstimated": 4.82,
    "time": "amc",
    "revenue": 174142000,
    "revenueEstimated": 158211000,
    "updatedFromDate": "2025-04-25",
    "fiscalDateEnding": "2024-03-31"
  },
  {
    "date": "2024-02-21",
    "symbol": "TPL",
    "eps": 4.91,
    "epsEstimated": 4.15,
    "time": "amc",
    "revenue": 166657000,
    "revenueEstimated": 152200000,
    "updatedFromDate": "2025-04-25",
    "fiscalDateEnding": "2023-12-31"
  },
  {
    "date": "2023-11-01",
    "symbol": "TPL",
    "eps": 4.58,
    "epsEstimated": 4.84,
    "time": "amc",
    "revenue": 157967000,
    "revenueEstimated": 171340000,
    "updatedFromDate": "2025-04-25",
    "fiscalDateEnding": "2023-09-30"
  },
  {
    "date": "2023-08-02",
    "symbol": "TPL",
    "eps": 4.35,
    "epsEstimated": 3.7,
    "time": "amc",
    "revenue": 160609000,
    "revenueEstimated": 153140000,
    "updatedFromDate": "2025-04-25",
    "fiscalDateEnding": "2023-06-30"
  },
  {
    "date": "2023-05-03",
    "symbol": "TPL",
    "eps": 3.75,
    "epsEstimated": 4.4,
    "time": "amc",
    "revenue": 146362000,
    "revenueEstimated": 146362000,
    "updatedFromDate": "2025-04-25",
    "fiscalDateEnding": "2023-03-31"
  },
  {
    "date": "2023-02-22",
    "symbol": "TPL",
    "eps": 4.31,
    "epsEstimated": 5.05,
    "time": "amc",
    "revenue": 152706000,
    "revenueEstimated": 171711000,
    "updatedFromDate": "2025-04-25",
    "fiscalDateEnding": "2022-12-31"
  },
  {
    "date": "2022-11-02",
    "symbol": "TPL",
    "eps": 5.61,
    "epsEstimated": 4.79,
    "time": "amc",
    "revenue": 191111000,
    "revenueEstimated": 175667500,
    "updatedFromDate": "2025-04-25",
    "fiscalDateEnding": "2022-09-30"
  },
  {
    "date": "2022-08-03",
    "symbol": "TPL",
    "eps": 5.12,
    "epsEstimated": 5.1,
    "time": "amc",
    "revenue": 176270000,
    "revenueEstimated": 174791948,
    "updatedFromDate": "2025-04-25",
    "fiscalDateEnding": "2022-06-30"
  },
  {
    "date": "2022-05-04",
    "symbol": "TPL",
    "eps": 4.21,
    "epsEstimated": 4.61,
    "time": "amc",
    "revenue": 147335000,
    "revenueEstimated": 156253150,
    "updatedFromDate": "2025-04-25",
    "fiscalDateEnding": "2022-03-31"
  },
  {
    "date": "2022-02-23",
    "symbol": "TPL",
    "eps": 3.4,
    "epsEstimated": 3.66,
    "time": "amc",
    "revenue": 147178000,
    "revenueEstimated": 129234486,
    "updatedFromDate": "2025-04-25",
    "fiscalDateEnding": "2021-12-31"
  },
  {
    "date": "2021-11-04",
    "symbol": "TPL",
    "eps": 3.61,
    "epsEstimated": 2.94,
    "time": "amc",
    "revenue": 123693000,
    "revenueEstimated": 110250000,
    "updatedFromDate": "2025-04-25",
    "fiscalDateEnding": "2021-09-30"
  },
  {
    "date": "2021-08-05",
    "symbol": "TPL",
    "eps": 2.45,
    "epsEstimated": 2.46,
    "time": "amc",
    "revenue": 95932000,
    "revenueEstimated": 94220000,
    "updatedFromDate": "2025-04-25",
    "fiscalDateEnding": "2021-06-30"
  },
  {
    "date": "2021-05-06",
    "symbol": "TPL",
    "eps": 2.15,
    "epsEstimated": 1.92,
    "time": "amc",
    "revenue": 84155000,
    "revenueEstimated": 74237253,
    "updatedFromDate": "2025-04-25",
    "fiscalDateEnding": "2021-03-31"
  },
  {
    "date": "2021-02-25",
    "symbol": "TPL",
    "eps": 1.92,
    "epsEstimated": 1.51,
    "time": "bmo",
    "revenue": 74304000,
    "revenueEstimated": 56145328,
    "updatedFromDate": "2025-04-25",
    "fiscalDateEnding": "2020-12-31"
  },
  {
    "date": "2020-11-02",
    "symbol": "TPL",
    "eps": 1.99,
    "epsEstimated": 1.2,
    "time": "bmo",
    "revenue": 74383000,
    "revenueEstimated": 62049717,
    "updatedFromDate": "2025-04-25",
    "fiscalDateEnding": "2020-09-30"
  },
  {
    "date": "2020-07-30",
    "symbol": "TPL",
    "eps": 1.19,
    "epsEstimated": 2.08,
    "time": "bmo",
    "revenue": 54568000,
    "revenueEstimated": 100705550,
    "updatedFromDate": "2025-04-25",
    "fiscalDateEnding": "2020-06-30"
  },
  {
    "date": "2020-04-30",
    "symbol": "TPL",
    "eps": 2.47,
    "epsEstimated": 2.4,
    "time": "bmo",
    "revenue": 96594000,
    "revenueEstimated": 93852818,
    "updatedFromDate": "2025-04-25",
    "fiscalDateEnding": "2020-03-31"
  },
  {
    "date": "2020-01-30",
    "symbol": "TPL",
    "eps": 3.07,
    "epsEstimated": 2.47,
    "time": "bmo",
    "revenue": 113332000,
    "revenueEstimated": 90788786,
    "updatedFromDate": "2025-04-25",
    "fiscalDateEnding": "2019-12-31"
  },
  {
    "date": "2019-10-31",
    "symbol": "TPL",
    "eps": 2.58,
    "epsEstimated": null,
    "time": "bmo",
    "revenue": 98530000,
    "revenueEstimated": null,
    "updatedFromDate": "2025-04-25",
    "fiscalDateEnding": "2019-09-30"
  },
  {
    "date": "2019-07-31",
    "symbol": "TPL",
    "eps": 2.13,
    "epsEstimated": null,
    "time": "bmo",
    "revenue": 87310000,
    "revenueEstimated": null,
    "updatedFromDate": "2025-04-25",
    "fiscalDateEnding": "2019-06-30"
  },
  {
    "date": "2019-04-25",
    "symbol": "TPL",
    "eps": 6.01,
    "epsEstimated": null,
    "time": "bmo",
    "revenue": 191324000,
    "revenueEstimated": null,
    "updatedFromDate": "2025-04-25",
    "fiscalDateEnding": "2019-03-31"
  },
  {
    "date": "2019-01-31",
    "symbol": "TPL",
    "eps": 2.69,
    "epsEstimated": null,
    "time": "bmo",
    "revenue": 93201000,
    "revenueEstimated": null,
    "updatedFromDate": "2025-04-25",
    "fiscalDateEnding": "2018-12-31"
  },
  {
    "date": "2018-10-31",
    "symbol": "TPL",
    "eps": 2.17,
    "epsEstimated": null,
    "time": "bmo",
    "revenue": 73168000,
    "revenueEstimated": null,
    "updatedFromDate": "2025-04-25",
    "fiscalDateEnding": "2018-09-30"
  },
  {
    "date": "2018-07-31",
    "symbol": "TPL",
    "eps": 2.24,
    "epsEstimated": null,
    "time": "bmo",
    "revenue": 73844000,
    "revenueEstimated": null,
    "updatedFromDate": "2025-04-25",
    "fiscalDateEnding": "2018-06-30"
  },
  {
    "date": "2018-04-30",
    "symbol": "TPL",
    "eps": 1.87,
    "epsEstimated": null,
    "time": "bmo",
    "revenue": 60007000,
    "revenueEstimated": null,
    "updatedFromDate": "2025-04-25",
    "fiscalDateEnding": "2018-03-31"
  },
  {
    "date": "2018-01-31",
    "symbol": "TPL",
    "eps": 0.97,
    "epsEstimated": null,
    "time": "bmo",
    "revenue": 38275224,
    "revenueEstimated": null,
    "updatedFromDate": "2025-04-25",
    "fiscalDateEnding": "2017-12-31"
  },
  {
    "date": "2017-10-30",
    "symbol": "TPL",
    "eps": 1.12,
    "epsEstimated": null,
    "time": "bmo",
    "revenue": 42476454,
    "revenueEstimated": null,
    "updatedFromDate": "2025-04-25",
    "fiscalDateEnding": "2017-09-30"
  },
  {
    "date": "2017-07-31",
    "symbol": "TPL",
    "eps": 0.71,
    "epsEstimated": null,
    "time": "bmo",
    "revenue": 27348554,
    "revenueEstimated": null,
    "updatedFromDate": "2025-04-25",
    "fiscalDateEnding": "2017-06-30"
  },
  {
    "date": "2017-04-27",
    "symbol": "TPL",
    "eps": 0.63,
    "epsEstimated": null,
    "time": "bmo",
    "revenue": 24228768,
    "revenueEstimated": null,
    "updatedFromDate": "2025-04-25",
    "fiscalDateEnding": "2017-03-31"
  },
  {
    "date": "2017-01-31",
    "symbol": "TPL",
    "eps": 0.46,
    "epsEstimated": null,
    "time": "bmo",
    "revenue": 17563217,
    "revenueEstimated": null,
    "updatedFromDate": "2025-04-25",
    "fiscalDateEnding": "2016-12-31"
  },
  {
    "date": "2016-10-27",
    "symbol": "TPL",
    "eps": 0.37,
    "epsEstimated": null,
    "time": "bmo",
    "revenue": 14265752,
    "revenueEstimated": null,
    "updatedFromDate": "2025-04-25",
    "fiscalDateEnding": "2016-09-30"
  },
  {
    "date": "2016-07-28",
    "symbol": "TPL",
    "eps": 0.42,
    "epsEstimated": null,
    "time": "--",
    "revenue": 16190266,
    "revenueEstimated": null,
    "updatedFromDate": "2025-04-25",
    "fiscalDateEnding": "2016-06-30"
  }
]