[
  {
    "date": "2026-05-06",
    "symbol": "TPR",
    "eps": null,
    "epsEstimated": null,
    "time": "bmo",
    "revenue": null,
    "revenueEstimated": null,
    "updatedFromDate": "2025-10-02",
    "fiscalDateEnding": "2026-03-28"
  },
  {
    "date": "2026-02-04",
    "symbol": "TPR",
    "eps": null,
    "epsEstimated": null,
    "time": "bmo",
    "revenue": null,
    "revenueEstimated": null,
    "updatedFromDate": "2025-10-02",
    "fiscalDateEnding": "2025-12-28"
  },
  {
    "date": "2025-11-06",
    "symbol": "TPR",
    "eps": null,
    "epsEstimated": 1.21,
    "time": "bmo",
    "revenue": null,
    "revenueEstimated": 1632920410,
    "updatedFromDate": "2025-10-02",
    "fiscalDateEnding": "2025-09-28"
  },
  {
    "date": "2025-08-14",
    "symbol": "TPR",
    "eps": 1.04,
    "epsEstimated": 1.02,
    "time": "bmo",
    "revenue": 1723200000,
    "revenueEstimated": 1680736844,
    "updatedFromDate": "2025-10-02",
    "fiscalDateEnding": "2025-06-28"
  },
  {
    "date": "2025-05-08",
    "symbol": "TPR",
    "eps": 1.03,
    "epsEstimated": 0.879,
    "time": "bmo",
    "revenue": 1584600000,
    "revenueEstimated": 1527265258,
    "updatedFromDate": "2025-08-08",
    "fiscalDateEnding": "2025-03-29"
  },
  {
    "date": "2025-02-06",
    "symbol": "TPR",
    "eps": 2,
    "epsEstimated": 1.7,
    "time": "bmo",
    "revenue": 2195400000,
    "revenueEstimated": 1531998500,
    "updatedFromDate": "2025-05-06",
    "fiscalDateEnding": "2024-12-28"
  },
  {
    "date": "2024-11-07",
    "symbol": "TPR",
    "eps": 1.02,
    "epsEstimated": 0.95,
    "time": "bmo",
    "revenue": 1507500000,
    "revenueEstimated": 1472696987,
    "updatedFromDate": "2025-04-25",
    "fiscalDateEnding": "2024-09-28"
  },
  {
    "date": "2024-08-15",
    "symbol": "TPR",
    "eps": 0.92,
    "epsEstimated": 0.88,
    "time": "bmo",
    "revenue": 1591100000,
    "revenueEstimated": 1578054352,
    "updatedFromDate": "2025-04-25",
    "fiscalDateEnding": "2024-06-29"
  },
  {
    "date": "2024-05-09",
    "symbol": "TPR",
    "eps": 0.81,
    "epsEstimated": 0.683,
    "time": "bmo",
    "revenue": 1482400000,
    "revenueEstimated": 1499097088,
    "updatedFromDate": "2025-04-25",
    "fiscalDateEnding": "2024-03-30"
  },
  {
    "date": "2024-02-08",
    "symbol": "TPR",
    "eps": 1.63,
    "epsEstimated": 1.46,
    "time": "bmo",
    "revenue": 2084500000,
    "revenueEstimated": 2054630000,
    "updatedFromDate": "2025-04-25",
    "fiscalDateEnding": "2023-12-30"
  },
  {
    "date": "2023-11-09",
    "symbol": "TPR",
    "eps": 0.93,
    "epsEstimated": 0.9,
    "time": "bmo",
    "revenue": 1513200000,
    "revenueEstimated": 1537280000,
    "updatedFromDate": "2025-04-25",
    "fiscalDateEnding": "2023-09-30"
  },
  {
    "date": "2023-08-17",
    "symbol": "TPR",
    "eps": 0.95,
    "epsEstimated": 0.97,
    "time": "bmo",
    "revenue": 1619500000,
    "revenueEstimated": 1656550000,
    "updatedFromDate": "2025-04-25",
    "fiscalDateEnding": "2023-07-01"
  },
  {
    "date": "2023-05-11",
    "symbol": "TPR",
    "eps": 0.78,
    "epsEstimated": 0.59,
    "time": "bmo",
    "revenue": 1509500000,
    "revenueEstimated": 1660920000,
    "updatedFromDate": "2025-04-25",
    "fiscalDateEnding": "2023-04-01"
  },
  {
    "date": "2023-02-09",
    "symbol": "TPR",
    "eps": 1.36,
    "epsEstimated": 1.27,
    "time": "bmo",
    "revenue": 2025400000,
    "revenueEstimated": 2031397465,
    "updatedFromDate": "2025-04-25",
    "fiscalDateEnding": "2022-12-31"
  },
  {
    "date": "2022-11-10",
    "symbol": "TPR",
    "eps": 0.79,
    "epsEstimated": 0.75,
    "time": "bmo",
    "revenue": 1506500000,
    "revenueEstimated": 1496720542,
    "updatedFromDate": "2025-04-25",
    "fiscalDateEnding": "2022-10-01"
  },
  {
    "date": "2022-08-18",
    "symbol": "TPR",
    "eps": 0.78,
    "epsEstimated": 0.77,
    "time": "bmo",
    "revenue": 1624900000,
    "revenueEstimated": 1636479628,
    "updatedFromDate": "2025-04-25",
    "fiscalDateEnding": "2022-07-02"
  },
  {
    "date": "2022-05-12",
    "symbol": "TPR",
    "eps": 0.51,
    "epsEstimated": 0.41,
    "time": "bmo",
    "revenue": 1437500000,
    "revenueEstimated": 1423213529,
    "updatedFromDate": "2025-04-25",
    "fiscalDateEnding": "2022-04-02"
  },
  {
    "date": "2022-02-10",
    "symbol": "TPR",
    "eps": 1.33,
    "epsEstimated": 1.18,
    "time": "bmo",
    "revenue": 2141200000,
    "revenueEstimated": 1986745530,
    "updatedFromDate": "2025-04-25",
    "fiscalDateEnding": "2022-01-01"
  },
  {
    "date": "2021-11-11",
    "symbol": "TPR",
    "eps": 0.82,
    "epsEstimated": 0.7,
    "time": "bmo",
    "revenue": 1480900000,
    "revenueEstimated": 1201889855,
    "updatedFromDate": "2025-04-25",
    "fiscalDateEnding": "2021-10-02"
  },
  {
    "date": "2021-08-19",
    "symbol": "TPR",
    "eps": 0.74,
    "epsEstimated": 0.69,
    "time": "bmo",
    "revenue": 1615400000,
    "revenueEstimated": 1438170000,
    "updatedFromDate": "2025-04-25",
    "fiscalDateEnding": "2021-07-03"
  },
  {
    "date": "2021-05-06",
    "symbol": "TPR",
    "eps": 0.51,
    "epsEstimated": 0.3,
    "time": "bmo",
    "revenue": 1273300000,
    "revenueEstimated": 1118244917,
    "updatedFromDate": "2025-04-25",
    "fiscalDateEnding": "2021-03-27"
  },
  {
    "date": "2021-02-04",
    "symbol": "TPR",
    "eps": 1.15,
    "epsEstimated": 1.01,
    "time": "bmo",
    "revenue": 1685400000,
    "revenueEstimated": 1615910000,
    "updatedFromDate": "2025-04-25",
    "fiscalDateEnding": "2020-12-26"
  },
  {
    "date": "2020-10-29",
    "symbol": "TPR",
    "eps": 0.58,
    "epsEstimated": 0.22,
    "time": "bmo",
    "revenue": 1172200000,
    "revenueEstimated": 464758620,
    "updatedFromDate": "2025-04-25",
    "fiscalDateEnding": "2020-09-26"
  },
  {
    "date": "2020-08-13",
    "symbol": "TPR",
    "eps": -0.25,
    "epsEstimated": -0.48,
    "time": "bmo",
    "revenue": 714800000,
    "revenueEstimated": 1601152000,
    "updatedFromDate": "2025-04-25",
    "fiscalDateEnding": "2020-06-27"
  },
  {
    "date": "2020-04-30",
    "symbol": "TPR",
    "eps": -0.27,
    "epsEstimated": -0.16,
    "time": "bmo",
    "revenue": 1072700000,
    "revenueEstimated": 437025925,
    "updatedFromDate": "2025-04-25",
    "fiscalDateEnding": "2020-03-28"
  },
  {
    "date": "2020-02-06",
    "symbol": "TPR",
    "eps": 1.1,
    "epsEstimated": 0.99,
    "time": "bmo",
    "revenue": 1816000000,
    "revenueEstimated": 1634399999,
    "updatedFromDate": "2025-04-25",
    "fiscalDateEnding": "2019-12-28"
  },
  {
    "date": "2019-11-05",
    "symbol": "TPR",
    "eps": 0.4,
    "epsEstimated": 0.37,
    "time": "bmo",
    "revenue": 1357900000,
    "revenueEstimated": 1256057500,
    "updatedFromDate": "2025-04-25",
    "fiscalDateEnding": "2019-09-28"
  },
  {
    "date": "2019-08-15",
    "symbol": "TPR",
    "eps": 0.61,
    "epsEstimated": 0.61,
    "time": "bmo",
    "revenue": 1513700000,
    "revenueEstimated": 1513700000,
    "updatedFromDate": "2025-04-25",
    "fiscalDateEnding": "2019-06-29"
  },
  {
    "date": "2019-05-09",
    "symbol": "TPR",
    "eps": 0.42,
    "epsEstimated": 0.41,
    "time": "bmo",
    "revenue": 1331400000,
    "revenueEstimated": 1299700000,
    "updatedFromDate": "2025-04-25",
    "fiscalDateEnding": "2019-03-30"
  },
  {
    "date": "2019-02-07",
    "symbol": "TPR",
    "eps": 1.07,
    "epsEstimated": 1.11,
    "time": "bmo",
    "revenue": 1800800000,
    "revenueEstimated": 1868119626,
    "updatedFromDate": "2025-04-25",
    "fiscalDateEnding": "2018-12-29"
  },
  {
    "date": "2018-10-30",
    "symbol": "TPR",
    "eps": 0.48,
    "epsEstimated": 0.45,
    "time": "bmo",
    "revenue": 1381200000,
    "revenueEstimated": 1294875000,
    "updatedFromDate": "2025-04-25",
    "fiscalDateEnding": "2018-09-29"
  },
  {
    "date": "2018-08-14",
    "symbol": "TPR",
    "eps": 0.6,
    "epsEstimated": 0.57,
    "time": "bmo",
    "revenue": 1483700000,
    "revenueEstimated": 1409515000,
    "updatedFromDate": "2025-04-25",
    "fiscalDateEnding": "2018-06-30"
  },
  {
    "date": "2018-05-01",
    "symbol": "TPR",
    "eps": 0.54,
    "epsEstimated": 0.5,
    "time": "bmo",
    "revenue": 1322400000,
    "revenueEstimated": 1224444444,
    "updatedFromDate": "2025-04-25",
    "fiscalDateEnding": "2018-03-31"
  },
  {
    "date": "2018-02-06",
    "symbol": "TPR",
    "eps": 1.07,
    "epsEstimated": 0.86,
    "time": "bmo",
    "revenue": 1785000000,
    "revenueEstimated": 1484719626,
    "updatedFromDate": "2025-04-25",
    "fiscalDateEnding": "2017-12-30"
  },
  {
    "date": "2017-11-07",
    "symbol": "TPR",
    "eps": 0.42,
    "epsEstimated": 0.36,
    "time": "bmo",
    "revenue": 1288900000,
    "revenueEstimated": 1104771428,
    "updatedFromDate": "2025-04-25",
    "fiscalDateEnding": "2017-09-30"
  },
  {
    "date": "2017-08-15",
    "symbol": "TPR",
    "eps": 0.5,
    "epsEstimated": 0.49,
    "time": "bmo",
    "revenue": 1133800000,
    "revenueEstimated": 1111124000,
    "updatedFromDate": "2025-04-25",
    "fiscalDateEnding": "2017-07-01"
  },
  {
    "date": "2017-05-02",
    "symbol": "TPR",
    "eps": 0.46,
    "epsEstimated": 0.44,
    "time": "bmo",
    "revenue": 995200000,
    "revenueEstimated": 951930434,
    "updatedFromDate": "2025-04-25",
    "fiscalDateEnding": "2017-04-01"
  },
  {
    "date": "2017-01-31",
    "symbol": "TPR",
    "eps": 0.75,
    "epsEstimated": 0.74,
    "time": "bmo",
    "revenue": 1321700000,
    "revenueEstimated": 1304077333,
    "updatedFromDate": "2025-04-25",
    "fiscalDateEnding": "2016-12-31"
  },
  {
    "date": "2016-11-01",
    "symbol": "TPR",
    "eps": 0.45,
    "epsEstimated": 0.45,
    "time": "bmo",
    "revenue": 1037600000,
    "revenueEstimated": 1037600000,
    "updatedFromDate": "2025-04-25",
    "fiscalDateEnding": "2016-10-01"
  },
  {
    "date": "2016-08-09",
    "symbol": "TPR",
    "eps": 0.45,
    "epsEstimated": 0.41,
    "time": "bmo",
    "revenue": 1154600000,
    "revenueEstimated": 1051968888,
    "updatedFromDate": "2025-04-25",
    "fiscalDateEnding": "2016-07-02"
  }
]