[
  {
    "date": "2026-04-29",
    "symbol": "TRGP",
    "eps": null,
    "epsEstimated": null,
    "time": "bmo",
    "revenue": null,
    "revenueEstimated": null,
    "updatedFromDate": "2025-10-02",
    "fiscalDateEnding": "2026-03-30"
  },
  {
    "date": "2026-02-18",
    "symbol": "TRGP",
    "eps": null,
    "epsEstimated": null,
    "time": "bmo",
    "revenue": null,
    "revenueEstimated": null,
    "updatedFromDate": "2025-10-02",
    "fiscalDateEnding": "2025-12-30"
  },
  {
    "date": "2025-11-04",
    "symbol": "TRGP",
    "eps": null,
    "epsEstimated": 2.22,
    "time": "bmo",
    "revenue": null,
    "revenueEstimated": null,
    "updatedFromDate": "2025-10-02",
    "fiscalDateEnding": "2025-09-30"
  },
  {
    "date": "2025-08-07",
    "symbol": "TRGP",
    "eps": 2.87,
    "epsEstimated": 1.86,
    "time": "bmo",
    "revenue": 4026200000,
    "revenueEstimated": 4888895021,
    "updatedFromDate": "2025-10-02",
    "fiscalDateEnding": "2025-06-30"
  },
  {
    "date": "2025-05-01",
    "symbol": "TRGP",
    "eps": 0.91,
    "epsEstimated": 1.98,
    "time": "bmo",
    "revenue": 4561500000,
    "revenueEstimated": 4898662015,
    "updatedFromDate": "2025-08-01",
    "fiscalDateEnding": "2025-03-31"
  },
  {
    "date": "2025-02-20",
    "symbol": "TRGP",
    "eps": 1.44,
    "epsEstimated": 1.92,
    "time": "bmo",
    "revenue": 4405300000,
    "revenueEstimated": 4475389154,
    "updatedFromDate": "2025-05-20",
    "fiscalDateEnding": "2024-12-31"
  },
  {
    "date": "2024-11-05",
    "symbol": "TRGP",
    "eps": 1.75,
    "epsEstimated": 1.56,
    "time": "bmo",
    "revenue": 3851800000,
    "revenueEstimated": 4059929297,
    "updatedFromDate": "2025-04-25",
    "fiscalDateEnding": "2024-09-30"
  },
  {
    "date": "2024-08-01",
    "symbol": "TRGP",
    "eps": 1.33,
    "epsEstimated": 1.27,
    "time": "bmo",
    "revenue": 3618600000,
    "revenueEstimated": 4473506728,
    "updatedFromDate": "2025-04-25",
    "fiscalDateEnding": "2024-06-30"
  },
  {
    "date": "2024-05-02",
    "symbol": "TRGP",
    "eps": 1.22,
    "epsEstimated": 1.3,
    "time": "bmo",
    "revenue": 4597500000,
    "revenueEstimated": 4300091237,
    "updatedFromDate": "2025-04-25",
    "fiscalDateEnding": "2024-03-31"
  },
  {
    "date": "2024-02-15",
    "symbol": "TRGP",
    "eps": 1.26,
    "epsEstimated": 1.46,
    "time": "bmo",
    "revenue": 4231800000,
    "revenueEstimated": 3850330000,
    "updatedFromDate": "2025-04-25",
    "fiscalDateEnding": "2023-12-31"
  },
  {
    "date": "2023-11-02",
    "symbol": "TRGP",
    "eps": 0.97,
    "epsEstimated": 1.2,
    "time": "bmo",
    "revenue": 3896600000,
    "revenueEstimated": 4569140000,
    "updatedFromDate": "2025-04-25",
    "fiscalDateEnding": "2023-09-30"
  },
  {
    "date": "2023-08-03",
    "symbol": "TRGP",
    "eps": 1.44,
    "epsEstimated": 1.24,
    "time": "bmo",
    "revenue": 3403700000,
    "revenueEstimated": 4363230000,
    "updatedFromDate": "2025-04-25",
    "fiscalDateEnding": "2023-06-30"
  },
  {
    "date": "2023-05-04",
    "symbol": "TRGP",
    "eps": 0.03,
    "epsEstimated": 1.4,
    "time": "bmo",
    "revenue": 4520500000,
    "revenueEstimated": 5300020000,
    "updatedFromDate": "2025-04-25",
    "fiscalDateEnding": "2023-03-31"
  },
  {
    "date": "2023-02-22",
    "symbol": "TRGP",
    "eps": 1.38,
    "epsEstimated": 1.29,
    "time": "bmo",
    "revenue": 20929800000,
    "revenueEstimated": 5730233197,
    "updatedFromDate": "2025-04-25",
    "fiscalDateEnding": "2022-12-31"
  },
  {
    "date": "2022-11-03",
    "symbol": "TRGP",
    "eps": 0.84,
    "epsEstimated": 1.23,
    "time": "bmo",
    "revenue": 5360100000,
    "revenueEstimated": 6707501748,
    "updatedFromDate": "2025-04-25",
    "fiscalDateEnding": "2022-09-30"
  },
  {
    "date": "2022-08-04",
    "symbol": "TRGP",
    "eps": 1.61,
    "epsEstimated": 1.06,
    "time": "bmo",
    "revenue": 6055800000,
    "revenueEstimated": 5753928636,
    "updatedFromDate": "2025-04-25",
    "fiscalDateEnding": "2022-06-30"
  },
  {
    "date": "2022-05-05",
    "symbol": "TRGP",
    "eps": 0.06,
    "epsEstimated": 0.89,
    "time": "bmo",
    "revenue": 4959100000,
    "revenueEstimated": 4936946012,
    "updatedFromDate": "2025-04-25",
    "fiscalDateEnding": "2022-03-31"
  },
  {
    "date": "2022-02-24",
    "symbol": "TRGP",
    "eps": 0.51,
    "epsEstimated": 0.65,
    "time": "bmo",
    "revenue": 5441600000,
    "revenueEstimated": 4479430478,
    "updatedFromDate": "2025-04-25",
    "fiscalDateEnding": "2021-12-31"
  },
  {
    "date": "2021-11-04",
    "symbol": "TRGP",
    "eps": 0.66,
    "epsEstimated": 0.53,
    "time": "bmo",
    "revenue": 4459700000,
    "revenueEstimated": 3495260000,
    "updatedFromDate": "2025-04-25",
    "fiscalDateEnding": "2021-09-30"
  },
  {
    "date": "2021-08-05",
    "symbol": "TRGP",
    "eps": 0.15,
    "epsEstimated": 0.27,
    "time": "bmo",
    "revenue": 3415900000,
    "revenueEstimated": 2958160000,
    "updatedFromDate": "2025-04-25",
    "fiscalDateEnding": "2021-06-30"
  },
  {
    "date": "2021-05-06",
    "symbol": "TRGP",
    "eps": 0.53,
    "epsEstimated": 0.17,
    "time": "bmo",
    "revenue": 3632700000,
    "revenueEstimated": 2406680000,
    "updatedFromDate": "2025-04-25",
    "fiscalDateEnding": "2021-03-31"
  },
  {
    "date": "2021-02-18",
    "symbol": "TRGP",
    "eps": -0.04,
    "epsEstimated": 0.25,
    "time": "bmo",
    "revenue": 2572800000,
    "revenueEstimated": 5785149100,
    "updatedFromDate": "2025-04-25",
    "fiscalDateEnding": "2020-12-31"
  },
  {
    "date": "2020-11-05",
    "symbol": "TRGP",
    "eps": 0.16,
    "epsEstimated": 0.1,
    "time": "bmo",
    "revenue": 2115100000,
    "revenueEstimated": 1321875000,
    "updatedFromDate": "2025-04-25",
    "fiscalDateEnding": "2020-09-30"
  },
  {
    "date": "2020-08-06",
    "symbol": "TRGP",
    "eps": 0.21,
    "epsEstimated": -0.24,
    "time": "bmo",
    "revenue": 1523500000,
    "revenueEstimated": 943119047,
    "updatedFromDate": "2025-04-25",
    "fiscalDateEnding": "2020-06-30"
  },
  {
    "date": "2020-05-07",
    "symbol": "TRGP",
    "eps": 0.68,
    "epsEstimated": -0.1,
    "time": "bmo",
    "revenue": 2048900000,
    "revenueEstimated": 18871447,
    "updatedFromDate": "2025-04-25",
    "fiscalDateEnding": "2020-03-31"
  },
  {
    "date": "2020-02-20",
    "symbol": "TRGP",
    "eps": 0.14,
    "epsEstimated": -0.07,
    "time": "bmo",
    "revenue": 2473900000,
    "revenueEstimated": 279311290,
    "updatedFromDate": "2025-04-25",
    "fiscalDateEnding": "2019-12-31"
  },
  {
    "date": "2019-11-07",
    "symbol": "TRGP",
    "eps": -0.34,
    "epsEstimated": -0.22,
    "time": "bmo",
    "revenue": 1902500000,
    "revenueEstimated": 1175073529,
    "updatedFromDate": "2025-04-25",
    "fiscalDateEnding": "2019-09-30"
  },
  {
    "date": "2019-08-08",
    "symbol": "TRGP",
    "eps": -0.18,
    "epsEstimated": -0.33,
    "time": "bmo",
    "revenue": 1995300000,
    "revenueEstimated": 3214650000,
    "updatedFromDate": "2025-04-25",
    "fiscalDateEnding": "2019-06-30"
  },
  {
    "date": "2019-05-08",
    "symbol": "TRGP",
    "eps": -0.3,
    "epsEstimated": -0.14,
    "time": "bmo",
    "revenue": 2299400000,
    "revenueEstimated": 766466666,
    "updatedFromDate": "2025-04-25",
    "fiscalDateEnding": "2019-03-31"
  },
  {
    "date": "2019-03-01",
    "symbol": "TRGP",
    "eps": 0.13,
    "epsEstimated": 0.00556,
    "time": "bmo",
    "revenue": 2597700000,
    "revenueEstimated": 43294999,
    "updatedFromDate": "2025-04-25",
    "fiscalDateEnding": "2018-12-31"
  },
  {
    "date": "2018-11-08",
    "symbol": "TRGP",
    "eps": -0.24,
    "epsEstimated": 0.07,
    "time": "bmo",
    "revenue": 2986400000,
    "revenueEstimated": 746600000,
    "updatedFromDate": "2025-04-25",
    "fiscalDateEnding": "2018-09-30"
  },
  {
    "date": "2018-08-09",
    "symbol": "TRGP",
    "eps": 0.35,
    "epsEstimated": -0.05,
    "time": "bmo",
    "revenue": 2444400000,
    "revenueEstimated": 209520000,
    "updatedFromDate": "2025-04-25",
    "fiscalDateEnding": "2018-06-30"
  },
  {
    "date": "2018-05-03",
    "symbol": "TRGP",
    "eps": -0.03,
    "epsEstimated": -0.00781,
    "time": "bmo",
    "revenue": 2455600000,
    "revenueEstimated": 818533333,
    "updatedFromDate": "2025-04-25",
    "fiscalDateEnding": "2018-03-31"
  },
  {
    "date": "2018-02-15",
    "symbol": "TRGP",
    "eps": -0.07,
    "epsEstimated": -0.00432,
    "time": "bmo",
    "revenue": 2702800000,
    "revenueEstimated": 337850000,
    "updatedFromDate": "2025-04-25",
    "fiscalDateEnding": "2017-12-31"
  },
  {
    "date": "2017-11-03",
    "symbol": "TRGP",
    "eps": -0.15,
    "epsEstimated": -0.1,
    "time": "bmo",
    "revenue": 2131800000,
    "revenueEstimated": 257690109,
    "updatedFromDate": "2025-04-25",
    "fiscalDateEnding": "2017-09-30"
  },
  {
    "date": "2017-08-03",
    "symbol": "TRGP",
    "eps": 0.14,
    "epsEstimated": -0.14,
    "time": "bmo",
    "revenue": 1867700000,
    "revenueEstimated": 1867700000,
    "updatedFromDate": "2025-04-25",
    "fiscalDateEnding": "2017-06-30"
  },
  {
    "date": "2017-05-04",
    "symbol": "TRGP",
    "eps": -0.77,
    "epsEstimated": -0.01134,
    "time": "bmo",
    "revenue": 2112600000,
    "revenueEstimated": 27436363,
    "updatedFromDate": "2025-04-25",
    "fiscalDateEnding": "2017-03-31"
  },
  {
    "date": "2017-02-17",
    "symbol": "TRGP",
    "eps": 0.03,
    "epsEstimated": 0.06,
    "time": "bmo",
    "revenue": 2012600000,
    "revenueEstimated": 102330508,
    "updatedFromDate": "2025-04-25",
    "fiscalDateEnding": "2016-12-31"
  },
  {
    "date": "2016-11-04",
    "symbol": "TRGP",
    "eps": -0.23,
    "epsEstimated": -0.1,
    "time": "bmo",
    "revenue": 1652300000,
    "revenueEstimated": 431034782,
    "updatedFromDate": "2025-04-25",
    "fiscalDateEnding": "2016-09-30"
  },
  {
    "date": "2016-08-03",
    "symbol": "TRGP",
    "eps": -0.33,
    "epsEstimated": -0.07,
    "time": "bmo",
    "revenue": 1583600000,
    "revenueEstimated": 383903030,
    "updatedFromDate": "2025-04-25",
    "fiscalDateEnding": "2016-06-30"
  }
]