[
  {
    "date": "2026-05-05",
    "symbol": "TRMB",
    "eps": null,
    "epsEstimated": null,
    "time": "bmo",
    "revenue": null,
    "revenueEstimated": null,
    "updatedFromDate": "2025-10-02",
    "fiscalDateEnding": "2026-04-04"
  },
  {
    "date": "2026-02-17",
    "symbol": "TRMB",
    "eps": null,
    "epsEstimated": null,
    "time": "bmo",
    "revenue": null,
    "revenueEstimated": null,
    "updatedFromDate": "2025-10-02",
    "fiscalDateEnding": "2026-01-04"
  },
  {
    "date": "2025-11-05",
    "symbol": "TRMB",
    "eps": null,
    "epsEstimated": 0.72,
    "time": "bmo",
    "revenue": null,
    "revenueEstimated": 870297400,
    "updatedFromDate": "2025-10-02",
    "fiscalDateEnding": "2025-10-04"
  },
  {
    "date": "2025-08-06",
    "symbol": "TRMB",
    "eps": 0.71,
    "epsEstimated": 0.625,
    "time": "bmo",
    "revenue": 875700000,
    "revenueEstimated": 835053530,
    "updatedFromDate": "2025-10-02",
    "fiscalDateEnding": "2025-07-04"
  },
  {
    "date": "2025-05-07",
    "symbol": "TRMB",
    "eps": 0.61,
    "epsEstimated": 0.584,
    "time": "bmo",
    "revenue": 840600000,
    "revenueEstimated": 810868955,
    "updatedFromDate": "2025-08-07",
    "fiscalDateEnding": "2025-04-04"
  },
  {
    "date": "2025-02-19",
    "symbol": "TRMB",
    "eps": 0.89,
    "epsEstimated": 0.885,
    "time": "bmo",
    "revenue": 983400000,
    "revenueEstimated": 944341682,
    "updatedFromDate": "2025-05-19",
    "fiscalDateEnding": "2025-01-03"
  },
  {
    "date": "2024-11-06",
    "symbol": "TRMB",
    "eps": 0.7,
    "epsEstimated": 0.618,
    "time": "bmo",
    "revenue": 875800000,
    "revenueEstimated": 864504455,
    "updatedFromDate": "2025-04-23",
    "fiscalDateEnding": "2024-09-27"
  },
  {
    "date": "2024-08-06",
    "symbol": "TRMB",
    "eps": 0.62,
    "epsEstimated": 0.582,
    "time": "bmo",
    "revenue": 870800000,
    "revenueEstimated": 862504727,
    "updatedFromDate": "2025-04-23",
    "fiscalDateEnding": "2024-06-30"
  },
  {
    "date": "2024-05-03",
    "symbol": "TRMB",
    "eps": 0.64,
    "epsEstimated": 0.62,
    "time": "bmo",
    "revenue": 953300000,
    "revenueEstimated": 912516909,
    "updatedFromDate": "2025-04-23",
    "fiscalDateEnding": "2024-03-31"
  },
  {
    "date": "2024-02-12",
    "symbol": "TRMB",
    "eps": 0.63,
    "epsEstimated": 0.58,
    "time": "bmo",
    "revenue": 932400000,
    "revenueEstimated": 909530000,
    "updatedFromDate": "2025-04-23",
    "fiscalDateEnding": "2023-12-29"
  },
  {
    "date": "2023-11-01",
    "symbol": "TRMB",
    "eps": 0.68,
    "epsEstimated": 0.59,
    "time": "bmo",
    "revenue": 957300000,
    "revenueEstimated": 967440000,
    "updatedFromDate": "2025-04-23",
    "fiscalDateEnding": "2023-09-29"
  },
  {
    "date": "2023-08-03",
    "symbol": "TRMB",
    "eps": 0.64,
    "epsEstimated": 0.58,
    "time": "bmo",
    "revenue": 993600000,
    "revenueEstimated": 974200000,
    "updatedFromDate": "2025-04-23",
    "fiscalDateEnding": "2023-06-30"
  },
  {
    "date": "2023-05-03",
    "symbol": "TRMB",
    "eps": 0.72,
    "epsEstimated": 0.67,
    "time": "bmo",
    "revenue": 915400000,
    "revenueEstimated": 930880000,
    "updatedFromDate": "2025-04-23",
    "fiscalDateEnding": "2023-03-31"
  },
  {
    "date": "2023-02-08",
    "symbol": "TRMB",
    "eps": 0.6,
    "epsEstimated": 0.61,
    "time": "bmo",
    "revenue": 856500000,
    "revenueEstimated": 875755182,
    "updatedFromDate": "2025-04-23",
    "fiscalDateEnding": "2022-12-30"
  },
  {
    "date": "2022-11-02",
    "symbol": "TRMB",
    "eps": 0.66,
    "epsEstimated": 0.66,
    "time": "bmo",
    "revenue": 884900000,
    "revenueEstimated": 911410417,
    "updatedFromDate": "2025-04-23",
    "fiscalDateEnding": "2022-09-30"
  },
  {
    "date": "2022-08-05",
    "symbol": "TRMB",
    "eps": 0.64,
    "epsEstimated": 0.62,
    "time": "bmo",
    "revenue": 941200000,
    "revenueEstimated": 928950909,
    "updatedFromDate": "2025-04-23",
    "fiscalDateEnding": "2022-07-01"
  },
  {
    "date": "2022-05-05",
    "symbol": "TRMB",
    "eps": 0.73,
    "epsEstimated": 0.67,
    "time": "bmo",
    "revenue": 993700000,
    "revenueEstimated": 968227091,
    "updatedFromDate": "2025-04-23",
    "fiscalDateEnding": "2022-04-01"
  },
  {
    "date": "2022-02-09",
    "symbol": "TRMB",
    "eps": 0.62,
    "epsEstimated": 0.61,
    "time": "bmo",
    "revenue": 926000000,
    "revenueEstimated": 894602917,
    "updatedFromDate": "2025-04-23",
    "fiscalDateEnding": "2021-12-31"
  },
  {
    "date": "2021-11-03",
    "symbol": "TRMB",
    "eps": 0.66,
    "epsEstimated": 0.59,
    "time": "amc",
    "revenue": 901400000,
    "revenueEstimated": 732387500,
    "updatedFromDate": "2025-04-23",
    "fiscalDateEnding": "2021-10-01"
  },
  {
    "date": "2021-08-04",
    "symbol": "TRMB",
    "eps": 0.72,
    "epsEstimated": 0.6,
    "time": "amc",
    "revenue": 945200000,
    "revenueEstimated": 876060000,
    "updatedFromDate": "2025-04-23",
    "fiscalDateEnding": "2021-07-02"
  },
  {
    "date": "2021-05-05",
    "symbol": "TRMB",
    "eps": 0.66,
    "epsEstimated": 0.56,
    "time": "amc",
    "revenue": 886500000,
    "revenueEstimated": 825860000,
    "updatedFromDate": "2025-04-23",
    "fiscalDateEnding": "2021-04-02"
  },
  {
    "date": "2021-02-10",
    "symbol": "TRMB",
    "eps": 0.61,
    "epsEstimated": 0.51,
    "time": "amc",
    "revenue": 829700000,
    "revenueEstimated": 785690000,
    "updatedFromDate": "2025-04-23",
    "fiscalDateEnding": "2021-01-01"
  },
  {
    "date": "2020-11-04",
    "symbol": "TRMB",
    "eps": 0.6,
    "epsEstimated": 0.43,
    "time": "amc",
    "revenue": 792100000,
    "revenueEstimated": 567600000,
    "updatedFromDate": "2025-04-23",
    "fiscalDateEnding": "2020-10-02"
  },
  {
    "date": "2020-08-05",
    "symbol": "TRMB",
    "eps": 0.52,
    "epsEstimated": 0.37,
    "time": "amc",
    "revenue": 733600000,
    "revenueEstimated": 536092307,
    "updatedFromDate": "2025-04-23",
    "fiscalDateEnding": "2020-07-03"
  },
  {
    "date": "2020-05-06",
    "symbol": "TRMB",
    "eps": 0.49,
    "epsEstimated": 0.41,
    "time": "amc",
    "revenue": 792300000,
    "revenueEstimated": 662944897,
    "updatedFromDate": "2025-04-23",
    "fiscalDateEnding": "2020-04-03"
  },
  {
    "date": "2020-02-12",
    "symbol": "TRMB",
    "eps": 0.53,
    "epsEstimated": 0.47,
    "time": "amc",
    "revenue": 824000000,
    "revenueEstimated": 730716981,
    "updatedFromDate": "2025-04-23",
    "fiscalDateEnding": "2020-01-03"
  },
  {
    "date": "2019-10-30",
    "symbol": "TRMB",
    "eps": 0.48,
    "epsEstimated": 0.47,
    "time": "amc",
    "revenue": 783900000,
    "revenueEstimated": 767568750,
    "updatedFromDate": "2025-04-23",
    "fiscalDateEnding": "2019-09-27"
  },
  {
    "date": "2019-07-31",
    "symbol": "TRMB",
    "eps": 0.53,
    "epsEstimated": 0.54,
    "time": "amc",
    "revenue": 854800000,
    "revenueEstimated": 870928301,
    "updatedFromDate": "2025-04-23",
    "fiscalDateEnding": "2019-06-28"
  },
  {
    "date": "2019-05-01",
    "symbol": "TRMB",
    "eps": 0.45,
    "epsEstimated": 0.46,
    "time": "amc",
    "revenue": 801600000,
    "revenueEstimated": 819413333,
    "updatedFromDate": "2025-04-23",
    "fiscalDateEnding": "2019-03-29"
  },
  {
    "date": "2019-02-06",
    "symbol": "TRMB",
    "eps": 0.48,
    "epsEstimated": 0.46,
    "time": "amc",
    "revenue": 785500000,
    "revenueEstimated": 752770833,
    "updatedFromDate": "2025-04-23",
    "fiscalDateEnding": "2018-12-28"
  },
  {
    "date": "2018-11-01",
    "symbol": "TRMB",
    "eps": 0.49,
    "epsEstimated": 0.45,
    "time": "amc",
    "revenue": 795200000,
    "revenueEstimated": 746514285,
    "updatedFromDate": "2025-04-23",
    "fiscalDateEnding": "2018-09-28"
  },
  {
    "date": "2018-08-01",
    "symbol": "TRMB",
    "eps": 0.5,
    "epsEstimated": 0.45,
    "time": "amc",
    "revenue": 785500000,
    "revenueEstimated": 706950000,
    "updatedFromDate": "2025-04-23",
    "fiscalDateEnding": "2018-06-29"
  },
  {
    "date": "2018-05-07",
    "symbol": "TRMB",
    "eps": 0.44,
    "epsEstimated": 0.4,
    "time": "amc",
    "revenue": 742200000,
    "revenueEstimated": 674727272,
    "updatedFromDate": "2025-04-23",
    "fiscalDateEnding": "2018-03-30"
  },
  {
    "date": "2018-02-08",
    "symbol": "TRMB",
    "eps": 0.39,
    "epsEstimated": 0.36,
    "time": "amc",
    "revenue": 708400000,
    "revenueEstimated": 663912820,
    "updatedFromDate": "2025-04-23",
    "fiscalDateEnding": "2017-12-29"
  },
  {
    "date": "2017-10-26",
    "symbol": "TRMB",
    "eps": 0.39,
    "epsEstimated": 0.37,
    "time": "amc",
    "revenue": 670000000,
    "revenueEstimated": 641523076,
    "updatedFromDate": "2025-04-23",
    "fiscalDateEnding": "2017-09-29"
  },
  {
    "date": "2017-08-02",
    "symbol": "TRMB",
    "eps": 0.38,
    "epsEstimated": 0.35,
    "time": "amc",
    "revenue": 661900000,
    "revenueEstimated": 607802631,
    "updatedFromDate": "2025-04-23",
    "fiscalDateEnding": "2017-06-30"
  },
  {
    "date": "2017-04-27",
    "symbol": "TRMB",
    "eps": 0.33,
    "epsEstimated": 0.3,
    "time": "amc",
    "revenue": 613900000,
    "revenueEstimated": 555090909,
    "updatedFromDate": "2025-04-23",
    "fiscalDateEnding": "2017-03-31"
  },
  {
    "date": "2017-02-08",
    "symbol": "TRMB",
    "eps": 0.31,
    "epsEstimated": 0.3,
    "time": "amc",
    "revenue": 585500000,
    "revenueEstimated": 566516129,
    "updatedFromDate": "2025-04-23",
    "fiscalDateEnding": "2016-12-30"
  },
  {
    "date": "2016-11-01",
    "symbol": "TRMB",
    "eps": 0.33,
    "epsEstimated": 0.31,
    "time": "amc",
    "revenue": 584100000,
    "revenueEstimated": 548700000,
    "updatedFromDate": "2025-04-23",
    "fiscalDateEnding": "2016-09-30"
  },
  {
    "date": "2016-08-02",
    "symbol": "TRMB",
    "eps": 0.29,
    "epsEstimated": 0.29,
    "time": "amc",
    "revenue": 609600000,
    "revenueEstimated": 630620689,
    "updatedFromDate": "2025-04-23",
    "fiscalDateEnding": "2016-07-01"
  }
]