[
  {
    "date": "2026-04-30",
    "symbol": "TROW",
    "eps": null,
    "epsEstimated": null,
    "time": "bmo",
    "revenue": null,
    "revenueEstimated": null,
    "updatedFromDate": "2025-10-02",
    "fiscalDateEnding": "2026-03-30"
  },
  {
    "date": "2026-02-03",
    "symbol": "TROW",
    "eps": null,
    "epsEstimated": null,
    "time": "bmo",
    "revenue": null,
    "revenueEstimated": null,
    "updatedFromDate": "2025-10-02",
    "fiscalDateEnding": "2025-12-30"
  },
  {
    "date": "2025-11-07",
    "symbol": "TROW",
    "eps": null,
    "epsEstimated": 2.41,
    "time": "bmo",
    "revenue": null,
    "revenueEstimated": null,
    "updatedFromDate": "2025-10-02",
    "fiscalDateEnding": "2025-09-30"
  },
  {
    "date": "2025-08-01",
    "symbol": "TROW",
    "eps": 2.24,
    "epsEstimated": 2.15,
    "time": "bmo",
    "revenue": 1723300000,
    "revenueEstimated": 1727746911,
    "updatedFromDate": "2025-10-02",
    "fiscalDateEnding": "2025-06-30"
  },
  {
    "date": "2025-05-02",
    "symbol": "TROW",
    "eps": 2.23,
    "epsEstimated": 2.13,
    "time": "bmo",
    "revenue": 1763900000,
    "revenueEstimated": 1783227381,
    "updatedFromDate": "2025-08-02",
    "fiscalDateEnding": "2025-03-31"
  },
  {
    "date": "2025-02-05",
    "symbol": "TROW",
    "eps": 2.12,
    "epsEstimated": 2.2,
    "time": "bmo",
    "revenue": 1824500000,
    "revenueEstimated": 1866742401,
    "updatedFromDate": "2025-05-05",
    "fiscalDateEnding": "2024-12-31"
  },
  {
    "date": "2024-11-01",
    "symbol": "TROW",
    "eps": 2.57,
    "epsEstimated": 2.33,
    "time": "bmo",
    "revenue": 1785600000,
    "revenueEstimated": 1844776018,
    "updatedFromDate": "2025-04-24",
    "fiscalDateEnding": "2024-09-30"
  },
  {
    "date": "2024-07-26",
    "symbol": "TROW",
    "eps": 2.26,
    "epsEstimated": 2.27,
    "time": "bmo",
    "revenue": 1733300000,
    "revenueEstimated": 1788384284,
    "updatedFromDate": "2025-04-24",
    "fiscalDateEnding": "2024-06-30"
  },
  {
    "date": "2024-04-26",
    "symbol": "TROW",
    "eps": 2.38,
    "epsEstimated": 2.04,
    "time": "bmo",
    "revenue": 1750200000,
    "revenueEstimated": 1714035941,
    "updatedFromDate": "2025-04-24",
    "fiscalDateEnding": "2024-03-31"
  },
  {
    "date": "2024-02-08",
    "symbol": "TROW",
    "eps": 1.72,
    "epsEstimated": 1.6,
    "time": "bmo",
    "revenue": 1642000000,
    "revenueEstimated": 1612150000,
    "updatedFromDate": "2025-04-24",
    "fiscalDateEnding": "2023-12-31"
  },
  {
    "date": "2023-10-27",
    "symbol": "TROW",
    "eps": 2.17,
    "epsEstimated": 1.78,
    "time": "bmo",
    "revenue": 1670700000,
    "revenueEstimated": 1636440000,
    "updatedFromDate": "2025-04-24",
    "fiscalDateEnding": "2023-09-30"
  },
  {
    "date": "2023-07-28",
    "symbol": "TROW",
    "eps": 2.02,
    "epsEstimated": 1.73,
    "time": "bmo",
    "revenue": 1610200000,
    "revenueEstimated": 1581980000,
    "updatedFromDate": "2025-04-24",
    "fiscalDateEnding": "2023-06-30"
  },
  {
    "date": "2023-05-02",
    "symbol": "TROW",
    "eps": 1.69,
    "epsEstimated": 1.64,
    "time": "bmo",
    "revenue": 1537600000,
    "revenueEstimated": 1522830000,
    "updatedFromDate": "2025-04-24",
    "fiscalDateEnding": "2023-03-31"
  },
  {
    "date": "2023-01-26",
    "symbol": "TROW",
    "eps": 1.74,
    "epsEstimated": 1.72,
    "time": "bmo",
    "revenue": 1524200000,
    "revenueEstimated": 1536705306,
    "updatedFromDate": "2025-04-24",
    "fiscalDateEnding": "2022-12-31"
  },
  {
    "date": "2022-10-27",
    "symbol": "TROW",
    "eps": 1.86,
    "epsEstimated": 1.81,
    "time": "bmo",
    "revenue": 1588200000,
    "revenueEstimated": 1533722957,
    "updatedFromDate": "2025-04-24",
    "fiscalDateEnding": "2022-09-30"
  },
  {
    "date": "2022-07-28",
    "symbol": "TROW",
    "eps": 1.79,
    "epsEstimated": 2.16,
    "time": "bmo",
    "revenue": 1513000000,
    "revenueEstimated": 1663043690,
    "updatedFromDate": "2025-04-24",
    "fiscalDateEnding": "2022-06-30"
  },
  {
    "date": "2022-04-28",
    "symbol": "TROW",
    "eps": 2.62,
    "epsEstimated": 2.75,
    "time": "bmo",
    "revenue": 1863000000,
    "revenueEstimated": 1872319445,
    "updatedFromDate": "2025-04-24",
    "fiscalDateEnding": "2022-03-31"
  },
  {
    "date": "2022-01-27",
    "symbol": "TROW",
    "eps": 3.17,
    "epsEstimated": 3.14,
    "time": "bmo",
    "revenue": 1961700000,
    "revenueEstimated": 1920472232,
    "updatedFromDate": "2025-04-24",
    "fiscalDateEnding": "2021-12-31"
  },
  {
    "date": "2021-10-28",
    "symbol": "TROW",
    "eps": 3.27,
    "epsEstimated": 3.3,
    "time": "bmo",
    "revenue": 1954100000,
    "revenueEstimated": 1952660000,
    "updatedFromDate": "2025-04-24",
    "fiscalDateEnding": "2021-09-30"
  },
  {
    "date": "2021-07-29",
    "symbol": "TROW",
    "eps": 3.31,
    "epsEstimated": 3.21,
    "time": "bmo",
    "revenue": 1929300000,
    "revenueEstimated": 1929300000,
    "updatedFromDate": "2025-04-24",
    "fiscalDateEnding": "2021-06-30"
  },
  {
    "date": "2021-04-29",
    "symbol": "TROW",
    "eps": 3.01,
    "epsEstimated": 2.94,
    "time": "bmo",
    "revenue": 1826800000,
    "revenueEstimated": 1783304761,
    "updatedFromDate": "2025-04-24",
    "fiscalDateEnding": "2021-03-31"
  },
  {
    "date": "2021-01-28",
    "symbol": "TROW",
    "eps": 2.89,
    "epsEstimated": 2.64,
    "time": "bmo",
    "revenue": 1732900000,
    "revenueEstimated": 1568799621,
    "updatedFromDate": "2025-04-24",
    "fiscalDateEnding": "2020-12-31"
  },
  {
    "date": "2020-10-29",
    "symbol": "TROW",
    "eps": 2.55,
    "epsEstimated": 2.48,
    "time": "bmo",
    "revenue": 1595800000,
    "revenueEstimated": 1551215686,
    "updatedFromDate": "2025-04-24",
    "fiscalDateEnding": "2020-09-30"
  },
  {
    "date": "2020-07-29",
    "symbol": "TROW",
    "eps": 2.29,
    "epsEstimated": 2.02,
    "time": "bmo",
    "revenue": 1415400000,
    "revenueEstimated": 2538672489,
    "updatedFromDate": "2025-04-24",
    "fiscalDateEnding": "2020-06-30"
  },
  {
    "date": "2020-04-28",
    "symbol": "TROW",
    "eps": 1.87,
    "epsEstimated": 1.85,
    "time": "bmo",
    "revenue": 1462600000,
    "revenueEstimated": 1400028877,
    "updatedFromDate": "2025-04-24",
    "fiscalDateEnding": "2020-03-31"
  },
  {
    "date": "2020-01-29",
    "symbol": "TROW",
    "eps": 2.03,
    "epsEstimated": 1.95,
    "time": "bmo",
    "revenue": 1468700000,
    "revenueEstimated": 1410820197,
    "updatedFromDate": "2025-04-24",
    "fiscalDateEnding": "2019-12-31"
  },
  {
    "date": "2019-10-24",
    "symbol": "TROW",
    "eps": 2.13,
    "epsEstimated": 1.98,
    "time": "bmo",
    "revenue": 1426700000,
    "revenueEstimated": 1326228169,
    "updatedFromDate": "2025-04-24",
    "fiscalDateEnding": "2019-09-30"
  },
  {
    "date": "2019-07-24",
    "symbol": "TROW",
    "eps": 2.03,
    "epsEstimated": 1.91,
    "time": "bmo",
    "revenue": 1395200000,
    "revenueEstimated": 1312725123,
    "updatedFromDate": "2025-04-24",
    "fiscalDateEnding": "2019-06-30"
  },
  {
    "date": "2019-04-24",
    "symbol": "TROW",
    "eps": 2.09,
    "epsEstimated": 1.66,
    "time": "bmo",
    "revenue": 1327300000,
    "revenueEstimated": 1178244919,
    "updatedFromDate": "2025-04-24",
    "fiscalDateEnding": "2019-03-31"
  },
  {
    "date": "2019-01-30",
    "symbol": "TROW",
    "eps": 1.41,
    "epsEstimated": 1.6,
    "time": "bmo",
    "revenue": 1305000000,
    "revenueEstimated": 1480851063,
    "updatedFromDate": "2025-04-24",
    "fiscalDateEnding": "2018-12-31"
  },
  {
    "date": "2018-10-25",
    "symbol": "TROW",
    "eps": 2.3,
    "epsEstimated": 1.93,
    "time": "bmo",
    "revenue": 1394600000,
    "revenueEstimated": 1170251304,
    "updatedFromDate": "2025-04-24",
    "fiscalDateEnding": "2018-09-30"
  },
  {
    "date": "2018-07-25",
    "symbol": "TROW",
    "eps": 1.77,
    "epsEstimated": 1.8,
    "time": "bmo",
    "revenue": 1345000000,
    "revenueEstimated": 1367796610,
    "updatedFromDate": "2025-04-24",
    "fiscalDateEnding": "2018-06-30"
  },
  {
    "date": "2018-04-25",
    "symbol": "TROW",
    "eps": 1.77,
    "epsEstimated": 1.72,
    "time": "bmo",
    "revenue": 1328000000,
    "revenueEstimated": 1290485875,
    "updatedFromDate": "2025-04-24",
    "fiscalDateEnding": "2018-03-31"
  },
  {
    "date": "2018-01-30",
    "symbol": "TROW",
    "eps": 1.65,
    "epsEstimated": 1.47,
    "time": "bmo",
    "revenue": 1286100000,
    "revenueEstimated": 1156043636,
    "updatedFromDate": "2025-04-24",
    "fiscalDateEnding": "2017-12-31"
  },
  {
    "date": "2017-10-26",
    "symbol": "TROW",
    "eps": 1.56,
    "epsEstimated": 1.44,
    "time": "bmo",
    "revenue": 1238700000,
    "revenueEstimated": 1143415384,
    "updatedFromDate": "2025-04-24",
    "fiscalDateEnding": "2017-09-30"
  },
  {
    "date": "2017-07-25",
    "symbol": "TROW",
    "eps": 1.5,
    "epsEstimated": 1.3,
    "time": "bmo",
    "revenue": 1186000000,
    "revenueEstimated": 1027866666,
    "updatedFromDate": "2025-04-24",
    "fiscalDateEnding": "2017-06-30"
  },
  {
    "date": "2017-04-25",
    "symbol": "TROW",
    "eps": 1.42,
    "epsEstimated": 1.2,
    "time": "bmo",
    "revenue": 1132600000,
    "revenueEstimated": 882545454,
    "updatedFromDate": "2025-04-24",
    "fiscalDateEnding": "2017-03-31"
  },
  {
    "date": "2017-01-26",
    "symbol": "TROW",
    "eps": 1.5,
    "epsEstimated": 1.43,
    "time": "bmo",
    "revenue": 1091200000,
    "revenueEstimated": 1040277333,
    "updatedFromDate": "2025-04-24",
    "fiscalDateEnding": "2016-12-31"
  },
  {
    "date": "2016-10-27",
    "symbol": "TROW",
    "eps": 1.28,
    "epsEstimated": 1.18,
    "time": "bmo",
    "revenue": 1092900000,
    "revenueEstimated": 1007517187,
    "updatedFromDate": "2025-04-24",
    "fiscalDateEnding": "2016-09-30"
  },
  {
    "date": "2016-07-26",
    "symbol": "TROW",
    "eps": 1.15,
    "epsEstimated": 1.14,
    "time": "bmo",
    "revenue": 1044700000,
    "revenueEstimated": 1003461842,
    "updatedFromDate": "2025-04-24",
    "fiscalDateEnding": "2016-06-30"
  }
]