[
  {
    "date": "2026-04-14",
    "symbol": "TRV",
    "eps": null,
    "epsEstimated": null,
    "time": "bmo",
    "revenue": null,
    "revenueEstimated": null,
    "updatedFromDate": "2025-10-02",
    "fiscalDateEnding": "2026-03-30"
  },
  {
    "date": "2026-01-20",
    "symbol": "TRV",
    "eps": null,
    "epsEstimated": null,
    "time": "bmo",
    "revenue": null,
    "revenueEstimated": null,
    "updatedFromDate": "2025-10-02",
    "fiscalDateEnding": "2025-12-30"
  },
  {
    "date": "2025-10-16",
    "symbol": "TRV",
    "eps": null,
    "epsEstimated": 5.3,
    "time": "bmo",
    "revenue": null,
    "revenueEstimated": 11151833330,
    "updatedFromDate": "2025-10-02",
    "fiscalDateEnding": "2025-09-30"
  },
  {
    "date": "2025-07-17",
    "symbol": "TRV",
    "eps": 6.51,
    "epsEstimated": 3.65,
    "time": "bmo",
    "revenue": 12116000000,
    "revenueEstimated": 11616023044,
    "updatedFromDate": "2025-10-02",
    "fiscalDateEnding": "2025-06-30"
  },
  {
    "date": "2025-04-16",
    "symbol": "TRV",
    "eps": 1.91,
    "epsEstimated": 0.785,
    "time": "bmo",
    "revenue": 11810000000,
    "revenueEstimated": 10840641956,
    "updatedFromDate": "2025-07-16",
    "fiscalDateEnding": "2025-03-31"
  },
  {
    "date": "2025-01-22",
    "symbol": "TRV",
    "eps": 9.15,
    "epsEstimated": 6.7,
    "time": "bmo",
    "revenue": 12013000000,
    "revenueEstimated": 10749265000,
    "updatedFromDate": "2025-04-25",
    "fiscalDateEnding": "2024-12-31"
  },
  {
    "date": "2024-10-17",
    "symbol": "TRV",
    "eps": 5.24,
    "epsEstimated": 3.55,
    "time": "bmo",
    "revenue": 11904000000,
    "revenueEstimated": 11436049673,
    "updatedFromDate": "2025-04-25",
    "fiscalDateEnding": "2024-09-30"
  },
  {
    "date": "2024-07-19",
    "symbol": "TRV",
    "eps": 2.51,
    "epsEstimated": 1.98,
    "time": "bmo",
    "revenue": 11283000000,
    "revenueEstimated": 11345220150,
    "updatedFromDate": "2025-04-25",
    "fiscalDateEnding": "2024-06-30"
  },
  {
    "date": "2024-04-17",
    "symbol": "TRV",
    "eps": 4.69,
    "epsEstimated": 4.9,
    "time": "bmo",
    "revenue": 11228000000,
    "revenueEstimated": 10566234767,
    "updatedFromDate": "2025-04-25",
    "fiscalDateEnding": "2024-03-31"
  },
  {
    "date": "2024-01-19",
    "symbol": "TRV",
    "eps": 7.01,
    "epsEstimated": 5.09,
    "time": "bmo",
    "revenue": 10927000000,
    "revenueEstimated": 9987050000,
    "updatedFromDate": "2025-04-25",
    "fiscalDateEnding": "2023-12-31"
  },
  {
    "date": "2023-10-18",
    "symbol": "TRV",
    "eps": 1.95,
    "epsEstimated": 3.01,
    "time": "bmo",
    "revenue": 10635000000,
    "revenueEstimated": 10337800000,
    "updatedFromDate": "2025-04-25",
    "fiscalDateEnding": "2023-09-30"
  },
  {
    "date": "2023-07-20",
    "symbol": "TRV",
    "eps": 0.06,
    "epsEstimated": 2.27,
    "time": "bmo",
    "revenue": 10098000000,
    "revenueEstimated": 10016300000,
    "updatedFromDate": "2025-04-25",
    "fiscalDateEnding": "2023-06-30"
  },
  {
    "date": "2023-04-19",
    "symbol": "TRV",
    "eps": 3.21,
    "epsEstimated": 3.55,
    "time": "bmo",
    "revenue": 9704000000,
    "revenueEstimated": 9185660000,
    "updatedFromDate": "2025-04-25",
    "fiscalDateEnding": "2023-03-31"
  },
  {
    "date": "2023-01-24",
    "symbol": "TRV",
    "eps": 3.4,
    "epsEstimated": 3.4,
    "time": "bmo",
    "revenue": 9636000000,
    "revenueEstimated": 8760555020,
    "updatedFromDate": "2025-04-25",
    "fiscalDateEnding": "2022-12-31"
  },
  {
    "date": "2022-10-19",
    "symbol": "TRV",
    "eps": 2.2,
    "epsEstimated": 1.56,
    "time": "bmo",
    "revenue": 9303000000,
    "revenueEstimated": 8932765222,
    "updatedFromDate": "2025-04-25",
    "fiscalDateEnding": "2022-09-30"
  },
  {
    "date": "2022-07-21",
    "symbol": "TRV",
    "eps": 2.57,
    "epsEstimated": 1.97,
    "time": "bmo",
    "revenue": 9136000000,
    "revenueEstimated": 8728581318,
    "updatedFromDate": "2025-04-25",
    "fiscalDateEnding": "2022-06-30"
  },
  {
    "date": "2022-04-19",
    "symbol": "TRV",
    "eps": 4.22,
    "epsEstimated": 3.61,
    "time": "bmo",
    "revenue": 8809000000,
    "revenueEstimated": 8028857650,
    "updatedFromDate": "2025-04-25",
    "fiscalDateEnding": "2022-03-31"
  },
  {
    "date": "2022-01-20",
    "symbol": "TRV",
    "eps": 5.2,
    "epsEstimated": 3.86,
    "time": "bmo",
    "revenue": 9011000000,
    "revenueEstimated": 8034020000,
    "updatedFromDate": "2025-04-25",
    "fiscalDateEnding": "2021-12-31"
  },
  {
    "date": "2021-10-19",
    "symbol": "TRV",
    "eps": 2.6,
    "epsEstimated": 1.67,
    "time": "bmo",
    "revenue": 8805000000,
    "revenueEstimated": 8222140000,
    "updatedFromDate": "2025-04-25",
    "fiscalDateEnding": "2021-09-30"
  },
  {
    "date": "2021-07-20",
    "symbol": "TRV",
    "eps": 3.45,
    "epsEstimated": 2.39,
    "time": "bmo",
    "revenue": 8687000000,
    "revenueEstimated": 8222140000,
    "updatedFromDate": "2025-04-25",
    "fiscalDateEnding": "2021-06-30"
  },
  {
    "date": "2021-04-20",
    "symbol": "TRV",
    "eps": 2.73,
    "epsEstimated": 2.37,
    "time": "bmo",
    "revenue": 8313000000,
    "revenueEstimated": 7050265822,
    "updatedFromDate": "2025-04-25",
    "fiscalDateEnding": "2021-03-31"
  },
  {
    "date": "2021-01-21",
    "symbol": "TRV",
    "eps": 4.91,
    "epsEstimated": 3.18,
    "time": "bmo",
    "revenue": 8397000000,
    "revenueEstimated": 6317554245,
    "updatedFromDate": "2025-04-25",
    "fiscalDateEnding": "2020-12-31"
  },
  {
    "date": "2020-10-20",
    "symbol": "TRV",
    "eps": 3.12,
    "epsEstimated": 3.03,
    "time": "bmo",
    "revenue": 8275000000,
    "revenueEstimated": 8036298076,
    "updatedFromDate": "2025-04-25",
    "fiscalDateEnding": "2020-09-30"
  },
  {
    "date": "2020-07-23",
    "symbol": "TRV",
    "eps": -0.2,
    "epsEstimated": -0.2,
    "time": "bmo",
    "revenue": 7401000000,
    "revenueEstimated": 7120000000,
    "updatedFromDate": "2025-04-25",
    "fiscalDateEnding": "2020-06-30"
  },
  {
    "date": "2020-04-21",
    "symbol": "TRV",
    "eps": 2.62,
    "epsEstimated": 2.85,
    "time": "bmo",
    "revenue": 7908000000,
    "revenueEstimated": 8044179389,
    "updatedFromDate": "2025-04-25",
    "fiscalDateEnding": "2020-03-31"
  },
  {
    "date": "2020-01-23",
    "symbol": "TRV",
    "eps": 3.32,
    "epsEstimated": 3.29,
    "time": "bmo",
    "revenue": 8063000000,
    "revenueEstimated": 7367816265,
    "updatedFromDate": "2025-04-25",
    "fiscalDateEnding": "2019-12-31"
  },
  {
    "date": "2019-10-22",
    "symbol": "TRV",
    "eps": 1.43,
    "epsEstimated": 2.35,
    "time": "bmo",
    "revenue": 8013000000,
    "revenueEstimated": 12108251748,
    "updatedFromDate": "2025-04-25",
    "fiscalDateEnding": "2019-09-30"
  },
  {
    "date": "2019-07-23",
    "symbol": "TRV",
    "eps": 2.02,
    "epsEstimated": 2.28,
    "time": "bmo",
    "revenue": 7834000000,
    "revenueEstimated": 8082712871,
    "updatedFromDate": "2025-04-25",
    "fiscalDateEnding": "2019-06-30"
  },
  {
    "date": "2019-04-18",
    "symbol": "TRV",
    "eps": 2.83,
    "epsEstimated": 2.74,
    "time": "bmo",
    "revenue": 7671000000,
    "revenueEstimated": 6812240282,
    "updatedFromDate": "2025-04-25",
    "fiscalDateEnding": "2019-03-31"
  },
  {
    "date": "2019-01-22",
    "symbol": "TRV",
    "eps": 2.13,
    "epsEstimated": 2.05,
    "time": "bmo",
    "revenue": 7796000000,
    "revenueEstimated": 6872469483,
    "updatedFromDate": "2025-04-25",
    "fiscalDateEnding": "2018-12-31"
  },
  {
    "date": "2018-10-18",
    "symbol": "TRV",
    "eps": 2.54,
    "epsEstimated": 2.26,
    "time": "bmo",
    "revenue": 7723000000,
    "revenueEstimated": 6271055118,
    "updatedFromDate": "2025-04-25",
    "fiscalDateEnding": "2018-09-30"
  },
  {
    "date": "2018-07-19",
    "symbol": "TRV",
    "eps": 1.81,
    "epsEstimated": 2.42,
    "time": "bmo",
    "revenue": 7477000000,
    "revenueEstimated": 9153215469,
    "updatedFromDate": "2025-04-25",
    "fiscalDateEnding": "2018-06-30"
  },
  {
    "date": "2018-04-24",
    "symbol": "TRV",
    "eps": 2.46,
    "epsEstimated": 2.68,
    "time": "bmo",
    "revenue": 7286000000,
    "revenueEstimated": 7292650406,
    "updatedFromDate": "2025-04-25",
    "fiscalDateEnding": "2018-03-31"
  },
  {
    "date": "2018-01-23",
    "symbol": "TRV",
    "eps": 2.28,
    "epsEstimated": 1.51,
    "time": "bmo",
    "revenue": 7451000000,
    "revenueEstimated": 4490263157,
    "updatedFromDate": "2025-04-25",
    "fiscalDateEnding": "2017-12-31"
  },
  {
    "date": "2017-10-19",
    "symbol": "TRV",
    "eps": 0.91,
    "epsEstimated": 0.45,
    "time": "bmo",
    "revenue": 7325000000,
    "revenueEstimated": 6883497048,
    "updatedFromDate": "2025-04-25",
    "fiscalDateEnding": "2017-09-30"
  },
  {
    "date": "2017-07-20",
    "symbol": "TRV",
    "eps": 1.92,
    "epsEstimated": 2.1,
    "time": "bmo",
    "revenue": 7184000000,
    "revenueEstimated": 7115937500,
    "updatedFromDate": "2025-04-25",
    "fiscalDateEnding": "2017-06-30"
  },
  {
    "date": "2017-04-20",
    "symbol": "TRV",
    "eps": 2.16,
    "epsEstimated": 2.4,
    "time": "bmo",
    "revenue": 6942000000,
    "revenueEstimated": 6942124999,
    "updatedFromDate": "2025-04-25",
    "fiscalDateEnding": "2017-03-31"
  },
  {
    "date": "2017-01-24",
    "symbol": "TRV",
    "eps": 3.2,
    "epsEstimated": 2.73,
    "time": "bmo",
    "revenue": 7193000000,
    "revenueEstimated": 5571759374,
    "updatedFromDate": "2025-04-25",
    "fiscalDateEnding": "2016-12-31"
  },
  {
    "date": "2016-10-20",
    "symbol": "TRV",
    "eps": 2.4,
    "epsEstimated": 2.38,
    "time": "bmo",
    "revenue": 6961000000,
    "revenueEstimated": 6303033333,
    "updatedFromDate": "2025-04-25",
    "fiscalDateEnding": "2016-09-30"
  },
  {
    "date": "2016-07-21",
    "symbol": "TRV",
    "eps": 2.2,
    "epsEstimated": 2.07,
    "time": "bmo",
    "revenue": 6785000000,
    "revenueEstimated": 5849631818,
    "updatedFromDate": "2025-04-25",
    "fiscalDateEnding": "2016-06-30"
  }
]