[
  {
    "date": "2026-04-22",
    "symbol": "TSCO",
    "eps": null,
    "epsEstimated": null,
    "time": "bmo",
    "revenue": null,
    "revenueEstimated": null,
    "updatedFromDate": "2025-10-02",
    "fiscalDateEnding": "2026-03-28"
  },
  {
    "date": "2026-01-28",
    "symbol": "TSCO",
    "eps": null,
    "epsEstimated": null,
    "time": "bmo",
    "revenue": null,
    "revenueEstimated": null,
    "updatedFromDate": "2025-10-02",
    "fiscalDateEnding": "2025-12-28"
  },
  {
    "date": "2025-10-23",
    "symbol": "TSCO",
    "eps": null,
    "epsEstimated": 0.48,
    "time": "bmo",
    "revenue": null,
    "revenueEstimated": 3718001770,
    "updatedFromDate": "2025-10-02",
    "fiscalDateEnding": "2025-09-28"
  },
  {
    "date": "2025-07-24",
    "symbol": "TSCO",
    "eps": 0.81,
    "epsEstimated": 0.802,
    "time": "bmo",
    "revenue": 4439729000,
    "revenueEstimated": 4394121839,
    "updatedFromDate": "2025-10-02",
    "fiscalDateEnding": "2025-06-28"
  },
  {
    "date": "2025-04-24",
    "symbol": "TSCO",
    "eps": 0.34,
    "epsEstimated": 0.3681,
    "time": "bmo",
    "revenue": 3466952000,
    "revenueEstimated": 3532628306,
    "updatedFromDate": "2025-07-24",
    "fiscalDateEnding": "2025-03-29"
  },
  {
    "date": "2025-01-30",
    "symbol": "TSCO",
    "eps": 0.44,
    "epsEstimated": 2.28,
    "time": "bmo",
    "revenue": 3773531000,
    "revenueEstimated": 3782928287,
    "updatedFromDate": "2025-04-30",
    "fiscalDateEnding": "2024-12-28"
  },
  {
    "date": "2024-10-24",
    "symbol": "TSCO",
    "eps": 0.45,
    "epsEstimated": 0.4473,
    "time": "bmo",
    "revenue": 3468245000,
    "revenueEstimated": 3482614686,
    "updatedFromDate": "2025-04-25",
    "fiscalDateEnding": "2024-09-28"
  },
  {
    "date": "2024-07-25",
    "symbol": "TSCO",
    "eps": 0.79,
    "epsEstimated": 3.92,
    "time": "bmo",
    "revenue": 4246622000,
    "revenueEstimated": 4283085021,
    "updatedFromDate": "2025-04-25",
    "fiscalDateEnding": "2024-06-29"
  },
  {
    "date": "2024-04-25",
    "symbol": "TSCO",
    "eps": 0.37,
    "epsEstimated": 1.72,
    "time": "bmo",
    "revenue": 3394834000,
    "revenueEstimated": 3396590858,
    "updatedFromDate": "2025-04-25",
    "fiscalDateEnding": "2024-03-30"
  },
  {
    "date": "2024-02-01",
    "symbol": "TSCO",
    "eps": 0.46,
    "epsEstimated": 0.44,
    "time": "bmo",
    "revenue": 3659841000,
    "revenueEstimated": 3674460000,
    "updatedFromDate": "2025-04-25",
    "fiscalDateEnding": "2023-12-30"
  },
  {
    "date": "2023-10-26",
    "symbol": "TSCO",
    "eps": 0.47,
    "epsEstimated": 0.45,
    "time": "bmo",
    "revenue": 3411980000,
    "revenueEstimated": 3469470000,
    "updatedFromDate": "2025-04-25",
    "fiscalDateEnding": "2023-09-30"
  },
  {
    "date": "2023-07-27",
    "symbol": "TSCO",
    "eps": 0.77,
    "epsEstimated": 0.78,
    "time": "bmo",
    "revenue": 4184695000,
    "revenueEstimated": 4255340000,
    "updatedFromDate": "2025-04-25",
    "fiscalDateEnding": "2023-07-01"
  },
  {
    "date": "2023-04-27",
    "symbol": "TSCO",
    "eps": 0.33,
    "epsEstimated": 0.34,
    "time": "bmo",
    "revenue": 3299225000,
    "revenueEstimated": 3316810000,
    "updatedFromDate": "2025-04-25",
    "fiscalDateEnding": "2023-04-01"
  },
  {
    "date": "2023-01-26",
    "symbol": "TSCO",
    "eps": 0.49,
    "epsEstimated": 0.47,
    "time": "bmo",
    "revenue": 4006375000,
    "revenueEstimated": 3881910781,
    "updatedFromDate": "2025-04-25",
    "fiscalDateEnding": "2022-12-31"
  },
  {
    "date": "2022-10-20",
    "symbol": "TSCO",
    "eps": 0.42,
    "epsEstimated": 0.42,
    "time": "bmo",
    "revenue": 3270804000,
    "revenueEstimated": 3275736028,
    "updatedFromDate": "2025-04-25",
    "fiscalDateEnding": "2022-09-24"
  },
  {
    "date": "2022-07-21",
    "symbol": "TSCO",
    "eps": 0.71,
    "epsEstimated": 0.71,
    "time": "bmo",
    "revenue": 3903406000,
    "revenueEstimated": 3895187319,
    "updatedFromDate": "2025-04-25",
    "fiscalDateEnding": "2022-06-25"
  },
  {
    "date": "2022-04-21",
    "symbol": "TSCO",
    "eps": 0.33,
    "epsEstimated": 0.28,
    "time": "bmo",
    "revenue": 3024132000,
    "revenueEstimated": 2921744857,
    "updatedFromDate": "2025-04-25",
    "fiscalDateEnding": "2022-03-26"
  },
  {
    "date": "2022-01-27",
    "symbol": "TSCO",
    "eps": 0.39,
    "epsEstimated": 0.37,
    "time": "bmo",
    "revenue": 3319284000,
    "revenueEstimated": 3232144989,
    "updatedFromDate": "2025-04-25",
    "fiscalDateEnding": "2021-12-25"
  },
  {
    "date": "2021-10-21",
    "symbol": "TSCO",
    "eps": 0.39,
    "epsEstimated": 0.33,
    "time": "bmo",
    "revenue": 3017926000,
    "revenueEstimated": 2807290000,
    "updatedFromDate": "2025-04-25",
    "fiscalDateEnding": "2021-09-25"
  },
  {
    "date": "2021-07-19",
    "symbol": "TSCO",
    "eps": 0.64,
    "epsEstimated": 0.59,
    "time": "bmo",
    "revenue": 3601559000,
    "revenueEstimated": 3429700000,
    "updatedFromDate": "2025-04-25",
    "fiscalDateEnding": "2021-06-26"
  },
  {
    "date": "2021-04-22",
    "symbol": "TSCO",
    "eps": 0.31,
    "epsEstimated": 0.2,
    "time": "bmo",
    "revenue": 2792336000,
    "revenueEstimated": 2424050000,
    "updatedFromDate": "2025-04-25",
    "fiscalDateEnding": "2021-03-27"
  },
  {
    "date": "2021-01-28",
    "symbol": "TSCO",
    "eps": 0.33,
    "epsEstimated": 0.3,
    "time": "bmo",
    "revenue": 2878265000,
    "revenueEstimated": 2683730000,
    "updatedFromDate": "2025-04-25",
    "fiscalDateEnding": "2020-12-26"
  },
  {
    "date": "2020-10-22",
    "symbol": "TSCO",
    "eps": 0.32,
    "epsEstimated": 0.28,
    "time": "bmo",
    "revenue": 2606572000,
    "revenueEstimated": 2220413185,
    "updatedFromDate": "2025-04-25",
    "fiscalDateEnding": "2020-09-26"
  },
  {
    "date": "2020-07-23",
    "symbol": "TSCO",
    "eps": 0.58,
    "epsEstimated": 0.52,
    "time": "bmo",
    "revenue": 3176327000,
    "revenueEstimated": 2760118634,
    "updatedFromDate": "2025-04-25",
    "fiscalDateEnding": "2020-06-27"
  },
  {
    "date": "2020-04-23",
    "symbol": "TSCO",
    "eps": 0.14,
    "epsEstimated": 0.14,
    "time": "bmo",
    "revenue": 1959188000,
    "revenueEstimated": 1931593802,
    "updatedFromDate": "2025-04-25",
    "fiscalDateEnding": "2020-03-28"
  },
  {
    "date": "2020-01-30",
    "symbol": "TSCO",
    "eps": 0.24,
    "epsEstimated": 0.25,
    "time": "bmo",
    "revenue": 2191785000,
    "revenueEstimated": 2228012851,
    "updatedFromDate": "2025-04-25",
    "fiscalDateEnding": "2019-12-28"
  },
  {
    "date": "2019-10-24",
    "symbol": "TSCO",
    "eps": 0.21,
    "epsEstimated": 0.21,
    "time": "bmo",
    "revenue": 1984144000,
    "revenueEstimated": 2003596392,
    "updatedFromDate": "2025-04-25",
    "fiscalDateEnding": "2019-09-28"
  },
  {
    "date": "2019-07-25",
    "symbol": "TSCO",
    "eps": 0.36,
    "epsEstimated": 0.36,
    "time": "bmo",
    "revenue": 2353782000,
    "revenueEstimated": 2353782000,
    "updatedFromDate": "2025-04-25",
    "fiscalDateEnding": "2019-06-29"
  },
  {
    "date": "2019-04-25",
    "symbol": "TSCO",
    "eps": 0.13,
    "epsEstimated": 0.11,
    "time": "bmo",
    "revenue": 1822220000,
    "revenueEstimated": 1590826984,
    "updatedFromDate": "2025-04-25",
    "fiscalDateEnding": "2019-03-30"
  },
  {
    "date": "2019-01-31",
    "symbol": "TSCO",
    "eps": 0.22,
    "epsEstimated": 0.22,
    "time": "bmo",
    "revenue": 2133271000,
    "revenueEstimated": 2094833684,
    "updatedFromDate": "2025-04-25",
    "fiscalDateEnding": "2018-12-29"
  },
  {
    "date": "2018-10-25",
    "symbol": "TSCO",
    "eps": 0.19,
    "epsEstimated": 0.17,
    "time": "bmo",
    "revenue": 1881625000,
    "revenueEstimated": 1723149473,
    "updatedFromDate": "2025-04-25",
    "fiscalDateEnding": "2018-09-29"
  },
  {
    "date": "2018-07-26",
    "symbol": "TSCO",
    "eps": 0.34,
    "epsEstimated": 0.32,
    "time": "bmo",
    "revenue": 2213249000,
    "revenueEstimated": 2108433136,
    "updatedFromDate": "2025-04-25",
    "fiscalDateEnding": "2018-06-30"
  },
  {
    "date": "2018-04-26",
    "symbol": "TSCO",
    "eps": 0.11,
    "epsEstimated": 0.12,
    "time": "bmo",
    "revenue": 1682901000,
    "revenueEstimated": 1682900000,
    "updatedFromDate": "2025-04-25",
    "fiscalDateEnding": "2018-03-31"
  },
  {
    "date": "2018-01-31",
    "symbol": "TSCO",
    "eps": 0.18,
    "epsEstimated": 0.17,
    "time": "amc",
    "revenue": 1952838000,
    "revenueEstimated": 1866962637,
    "updatedFromDate": "2025-04-25",
    "fiscalDateEnding": "2017-12-30"
  },
  {
    "date": "2017-10-25",
    "symbol": "TSCO",
    "eps": 0.14,
    "epsEstimated": 0.14,
    "time": "amc",
    "revenue": 1721704000,
    "revenueEstimated": 1626050000,
    "updatedFromDate": "2025-04-25",
    "fiscalDateEnding": "2017-09-30"
  },
  {
    "date": "2017-07-26",
    "symbol": "TSCO",
    "eps": 0.25,
    "epsEstimated": 0.25,
    "time": "amc",
    "revenue": 2017762000,
    "revenueEstimated": 2050084800,
    "updatedFromDate": "2025-04-25",
    "fiscalDateEnding": "2017-07-01"
  },
  {
    "date": "2017-04-26",
    "symbol": "TSCO",
    "eps": 0.09,
    "epsEstimated": 0.09,
    "time": "amc",
    "revenue": 1564078000,
    "revenueEstimated": 1564100000,
    "updatedFromDate": "2025-04-25",
    "fiscalDateEnding": "2017-04-01"
  },
  {
    "date": "2017-02-01",
    "symbol": "TSCO",
    "eps": 0.19,
    "epsEstimated": 0.18,
    "time": "amc",
    "revenue": 1916542000,
    "revenueEstimated": 1875723404,
    "updatedFromDate": "2025-04-25",
    "fiscalDateEnding": "2016-12-31"
  },
  {
    "date": "2016-10-19",
    "symbol": "TSCO",
    "eps": 0.13,
    "epsEstimated": 0.13,
    "time": "amc",
    "revenue": 1542706000,
    "revenueEstimated": 1519674626,
    "updatedFromDate": "2025-04-25",
    "fiscalDateEnding": "2016-09-24"
  },
  {
    "date": "2016-07-20",
    "symbol": "TSCO",
    "eps": 0.23,
    "epsEstimated": 0.23,
    "time": "amc",
    "revenue": 1852534000,
    "revenueEstimated": 1852500000,
    "updatedFromDate": "2025-04-25",
    "fiscalDateEnding": "2016-06-25"
  }
]