[
  {
    "date": "2026-05-04",
    "symbol": "TSN",
    "eps": null,
    "epsEstimated": null,
    "time": "bmo",
    "revenue": null,
    "revenueEstimated": null,
    "updatedFromDate": "2025-10-02",
    "fiscalDateEnding": "2026-03-28"
  },
  {
    "date": "2026-02-02",
    "symbol": "TSN",
    "eps": null,
    "epsEstimated": null,
    "time": "bmo",
    "revenue": null,
    "revenueEstimated": null,
    "updatedFromDate": "2025-10-02",
    "fiscalDateEnding": "2025-12-28"
  },
  {
    "date": "2025-11-11",
    "symbol": "TSN",
    "eps": null,
    "epsEstimated": 0.91,
    "time": "bmo",
    "revenue": null,
    "revenueEstimated": 14064152280,
    "updatedFromDate": "2025-10-02",
    "fiscalDateEnding": "2025-09-28"
  },
  {
    "date": "2025-08-04",
    "symbol": "TSN",
    "eps": 0.91,
    "epsEstimated": 0.802,
    "time": "bmo",
    "revenue": 13884000000,
    "revenueEstimated": 13539865830,
    "updatedFromDate": "2025-10-02",
    "fiscalDateEnding": "2025-06-28"
  },
  {
    "date": "2025-05-05",
    "symbol": "TSN",
    "eps": 0.92,
    "epsEstimated": 0.831,
    "time": "bmo",
    "revenue": 13074000000,
    "revenueEstimated": 13137384660,
    "updatedFromDate": "2025-08-05",
    "fiscalDateEnding": "2025-03-29"
  },
  {
    "date": "2025-02-03",
    "symbol": "TSN",
    "eps": 1.14,
    "epsEstimated": 0.79,
    "time": "bmo",
    "revenue": 13623000000,
    "revenueEstimated": 13155392100,
    "updatedFromDate": "2025-05-03",
    "fiscalDateEnding": "2024-12-28"
  },
  {
    "date": "2024-11-12",
    "symbol": "TSN",
    "eps": 0.92,
    "epsEstimated": 0.64,
    "time": "bmo",
    "revenue": 13565000000,
    "revenueEstimated": 13391800000,
    "updatedFromDate": "2024-11-13",
    "fiscalDateEnding": "2024-09-29"
  },
  {
    "date": "2024-08-05",
    "symbol": "TSN",
    "eps": 0.87,
    "epsEstimated": 0.671,
    "time": "bmo",
    "revenue": 13353000000,
    "revenueEstimated": 13208778597,
    "updatedFromDate": "2025-04-25",
    "fiscalDateEnding": "2024-06-29"
  },
  {
    "date": "2024-05-06",
    "symbol": "TSN",
    "eps": 0.62,
    "epsEstimated": 0.3941,
    "time": "bmo",
    "revenue": 13072000000,
    "revenueEstimated": 13156532342,
    "updatedFromDate": "2025-04-25",
    "fiscalDateEnding": "2024-03-30"
  },
  {
    "date": "2024-02-05",
    "symbol": "TSN",
    "eps": 0.69,
    "epsEstimated": 0.42,
    "time": "bmo",
    "revenue": 13319000000,
    "revenueEstimated": 13355900000,
    "updatedFromDate": "2025-04-25",
    "fiscalDateEnding": "2023-12-30"
  },
  {
    "date": "2023-11-13",
    "symbol": "TSN",
    "eps": 0.37,
    "epsEstimated": 0.33,
    "time": "bmo",
    "revenue": 13348000000,
    "revenueEstimated": 13734900000,
    "updatedFromDate": "2025-04-25",
    "fiscalDateEnding": "2023-09-30"
  },
  {
    "date": "2023-08-07",
    "symbol": "TSN",
    "eps": 0.15,
    "epsEstimated": 0.34,
    "time": "bmo",
    "revenue": 13140000000,
    "revenueEstimated": 13695600000,
    "updatedFromDate": "2025-04-25",
    "fiscalDateEnding": "2023-07-01"
  },
  {
    "date": "2023-05-08",
    "symbol": "TSN",
    "eps": -0.04,
    "epsEstimated": 0.81,
    "time": "bmo",
    "revenue": 13133000000,
    "revenueEstimated": 13618000000,
    "updatedFromDate": "2025-04-25",
    "fiscalDateEnding": "2023-04-01"
  },
  {
    "date": "2023-02-06",
    "symbol": "TSN",
    "eps": 0.85,
    "epsEstimated": 1.34,
    "time": "bmo",
    "revenue": 13260000000,
    "revenueEstimated": 13514775714,
    "updatedFromDate": "2025-04-25",
    "fiscalDateEnding": "2022-12-31"
  },
  {
    "date": "2022-11-14",
    "symbol": "TSN",
    "eps": 1.63,
    "epsEstimated": 1.73,
    "time": "bmo",
    "revenue": 13737000000,
    "revenueEstimated": 13488731333,
    "updatedFromDate": "2025-04-25",
    "fiscalDateEnding": "2022-10-01"
  },
  {
    "date": "2022-08-08",
    "symbol": "TSN",
    "eps": 1.94,
    "epsEstimated": 1.98,
    "time": "bmo",
    "revenue": 13495000000,
    "revenueEstimated": 13312709500,
    "updatedFromDate": "2025-04-25",
    "fiscalDateEnding": "2022-07-02"
  },
  {
    "date": "2022-05-09",
    "symbol": "TSN",
    "eps": 2.29,
    "epsEstimated": 1.91,
    "time": "bmo",
    "revenue": 13117000000,
    "revenueEstimated": 12844238100,
    "updatedFromDate": "2025-04-25",
    "fiscalDateEnding": "2022-04-02"
  },
  {
    "date": "2022-02-07",
    "symbol": "TSN",
    "eps": 2.87,
    "epsEstimated": 1.9,
    "time": "bmo",
    "revenue": 12933000000,
    "revenueEstimated": 12166209550,
    "updatedFromDate": "2025-04-25",
    "fiscalDateEnding": "2022-01-01"
  },
  {
    "date": "2021-11-15",
    "symbol": "TSN",
    "eps": 2.3,
    "epsEstimated": 2.2,
    "time": "bmo",
    "revenue": 12811000000,
    "revenueEstimated": 12427900000,
    "updatedFromDate": "2025-04-25",
    "fiscalDateEnding": "2021-10-02"
  },
  {
    "date": "2021-08-09",
    "symbol": "TSN",
    "eps": 2.7,
    "epsEstimated": 1.62,
    "time": "bmo",
    "revenue": 12478000000,
    "revenueEstimated": 11490800000,
    "updatedFromDate": "2025-04-25",
    "fiscalDateEnding": "2021-07-03"
  },
  {
    "date": "2021-05-10",
    "symbol": "TSN",
    "eps": 1.34,
    "epsEstimated": 1.12,
    "time": "bmo",
    "revenue": 11300000000,
    "revenueEstimated": 11072300000,
    "updatedFromDate": "2025-04-25",
    "fiscalDateEnding": "2021-04-03"
  },
  {
    "date": "2021-02-11",
    "symbol": "TSN",
    "eps": 1.94,
    "epsEstimated": 1.58,
    "time": "bmo",
    "revenue": 10460000000,
    "revenueEstimated": 10823600000,
    "updatedFromDate": "2025-04-25",
    "fiscalDateEnding": "2021-01-02"
  },
  {
    "date": "2020-11-16",
    "symbol": "TSN",
    "eps": 1.95,
    "epsEstimated": 1.19,
    "time": "bmo",
    "revenue": 11460000000,
    "revenueEstimated": 10248995796,
    "updatedFromDate": "2025-04-25",
    "fiscalDateEnding": "2020-10-03"
  },
  {
    "date": "2020-08-03",
    "symbol": "TSN",
    "eps": 1.4,
    "epsEstimated": 0.94,
    "time": "bmo",
    "revenue": 10022000000,
    "revenueEstimated": 6729057142,
    "updatedFromDate": "2025-04-25",
    "fiscalDateEnding": "2020-06-27"
  },
  {
    "date": "2020-05-04",
    "symbol": "TSN",
    "eps": 0.77,
    "epsEstimated": 1.04,
    "time": "bmo",
    "revenue": 10888000000,
    "revenueEstimated": 14705870129,
    "updatedFromDate": "2025-04-25",
    "fiscalDateEnding": "2020-03-28"
  },
  {
    "date": "2020-02-06",
    "symbol": "TSN",
    "eps": 1.66,
    "epsEstimated": 1.66,
    "time": "bmo",
    "revenue": 10815000000,
    "revenueEstimated": 10815000000,
    "updatedFromDate": "2025-04-25",
    "fiscalDateEnding": "2019-12-28"
  },
  {
    "date": "2019-11-12",
    "symbol": "TSN",
    "eps": 1.21,
    "epsEstimated": 1.29,
    "time": "bmo",
    "revenue": 10884000000,
    "revenueEstimated": 11603603305,
    "updatedFromDate": "2025-04-25",
    "fiscalDateEnding": "2019-09-28"
  },
  {
    "date": "2019-08-05",
    "symbol": "TSN",
    "eps": 1.47,
    "epsEstimated": 1.42,
    "time": "bmo",
    "revenue": 10885000000,
    "revenueEstimated": 10514761904,
    "updatedFromDate": "2025-04-25",
    "fiscalDateEnding": "2019-06-29"
  },
  {
    "date": "2019-05-06",
    "symbol": "TSN",
    "eps": 1.2,
    "epsEstimated": 1.14,
    "time": "bmo",
    "revenue": 10443000000,
    "revenueEstimated": 9920850000,
    "updatedFromDate": "2025-04-25",
    "fiscalDateEnding": "2019-03-30"
  },
  {
    "date": "2019-02-07",
    "symbol": "TSN",
    "eps": 1.58,
    "epsEstimated": 1.56,
    "time": "bmo",
    "revenue": 10193000000,
    "revenueEstimated": 10063974683,
    "updatedFromDate": "2025-04-25",
    "fiscalDateEnding": "2018-12-29"
  },
  {
    "date": "2018-11-13",
    "symbol": "TSN",
    "eps": 1.58,
    "epsEstimated": 1.35,
    "time": "bmo",
    "revenue": 9999000000,
    "revenueEstimated": 8543449367,
    "updatedFromDate": "2025-04-25",
    "fiscalDateEnding": "2018-09-29"
  },
  {
    "date": "2018-08-06",
    "symbol": "TSN",
    "eps": 1.5,
    "epsEstimated": 1.4,
    "time": "bmo",
    "revenue": 10051000000,
    "revenueEstimated": 9380933333,
    "updatedFromDate": "2025-04-25",
    "fiscalDateEnding": "2018-06-30"
  },
  {
    "date": "2018-05-07",
    "symbol": "TSN",
    "eps": 1.27,
    "epsEstimated": 1.32,
    "time": "bmo",
    "revenue": 9773000000,
    "revenueEstimated": 10080811023,
    "updatedFromDate": "2025-04-25",
    "fiscalDateEnding": "2018-03-31"
  },
  {
    "date": "2018-02-08",
    "symbol": "TSN",
    "eps": 1.81,
    "epsEstimated": 1.51,
    "time": "bmo",
    "revenue": 10229000000,
    "revenueEstimated": 8477071823,
    "updatedFromDate": "2025-04-25",
    "fiscalDateEnding": "2017-12-30"
  },
  {
    "date": "2017-11-13",
    "symbol": "TSN",
    "eps": 1.43,
    "epsEstimated": 1.38,
    "time": "bmo",
    "revenue": 10145000000,
    "revenueEstimated": 9790279720,
    "updatedFromDate": "2025-04-25",
    "fiscalDateEnding": "2017-09-30"
  },
  {
    "date": "2017-08-07",
    "symbol": "TSN",
    "eps": 1.28,
    "epsEstimated": 1.18,
    "time": "bmo",
    "revenue": 9850000000,
    "revenueEstimated": 9080468749,
    "updatedFromDate": "2025-04-25",
    "fiscalDateEnding": "2017-07-01"
  },
  {
    "date": "2017-05-08",
    "symbol": "TSN",
    "eps": 1.01,
    "epsEstimated": 1.02,
    "time": "bmo",
    "revenue": 9083000000,
    "revenueEstimated": 9172930693,
    "updatedFromDate": "2025-04-25",
    "fiscalDateEnding": "2017-04-01"
  },
  {
    "date": "2017-02-06",
    "symbol": "TSN",
    "eps": 1.59,
    "epsEstimated": 1.26,
    "time": "bmo",
    "revenue": 9182000000,
    "revenueEstimated": 7276301886,
    "updatedFromDate": "2025-04-25",
    "fiscalDateEnding": "2016-12-31"
  },
  {
    "date": "2016-11-21",
    "symbol": "TSN",
    "eps": 0.96,
    "epsEstimated": 1.17,
    "time": "bmo",
    "revenue": 9156000000,
    "revenueEstimated": 11158875000,
    "updatedFromDate": "2025-04-25",
    "fiscalDateEnding": "2016-10-01"
  },
  {
    "date": "2016-08-08",
    "symbol": "TSN",
    "eps": 1.21,
    "epsEstimated": 1.06,
    "time": "bmo",
    "revenue": 9403000000,
    "revenueEstimated": 8237338842,
    "updatedFromDate": "2025-04-25",
    "fiscalDateEnding": "2016-07-02"
  }
]