[
  {
    "date": "2026-01-26",
    "symbol": "TT",
    "eps": null,
    "epsEstimated": null,
    "time": "bmo",
    "revenue": null,
    "revenueEstimated": null,
    "updatedFromDate": "2025-10-02",
    "fiscalDateEnding": "2025-12-30"
  },
  {
    "date": "2025-10-29",
    "symbol": "TT",
    "eps": null,
    "epsEstimated": 3.82,
    "time": "bmo",
    "revenue": null,
    "revenueEstimated": 5797216600,
    "updatedFromDate": "2025-10-02",
    "fiscalDateEnding": "2025-09-30"
  },
  {
    "date": "2025-07-30",
    "symbol": "TT",
    "eps": 3.88,
    "epsEstimated": 3.79,
    "time": "bmo",
    "revenue": 5746400000,
    "revenueEstimated": 5773267944,
    "updatedFromDate": "2025-10-02",
    "fiscalDateEnding": "2025-06-30"
  },
  {
    "date": "2025-04-30",
    "symbol": "TT",
    "eps": 2.45,
    "epsEstimated": 2.2,
    "time": "bmo",
    "revenue": 4688500000,
    "revenueEstimated": 4463711594,
    "updatedFromDate": "2025-07-30",
    "fiscalDateEnding": "2025-03-31"
  },
  {
    "date": "2025-01-30",
    "symbol": "TT",
    "eps": 2.61,
    "epsEstimated": 2.52,
    "time": "bmo",
    "revenue": 4874000000,
    "revenueEstimated": 4789878138,
    "updatedFromDate": "2025-04-30",
    "fiscalDateEnding": "2024-12-31"
  },
  {
    "date": "2024-10-30",
    "symbol": "TT",
    "eps": 3.37,
    "epsEstimated": 3.25,
    "time": "bmo",
    "revenue": 5441200000,
    "revenueEstimated": 5316683942,
    "updatedFromDate": "2025-04-25",
    "fiscalDateEnding": "2024-09-30"
  },
  {
    "date": "2024-07-31",
    "symbol": "TT",
    "eps": 3.3,
    "epsEstimated": 3.08,
    "time": "bmo",
    "revenue": 5307400000,
    "revenueEstimated": 5127498834,
    "updatedFromDate": "2025-04-25",
    "fiscalDateEnding": "2024-06-30"
  },
  {
    "date": "2024-04-30",
    "symbol": "TT",
    "eps": 1.94,
    "epsEstimated": 1.65,
    "time": "bmo",
    "revenue": 4215500000,
    "revenueEstimated": 3996569770,
    "updatedFromDate": "2025-04-25",
    "fiscalDateEnding": "2024-03-31"
  },
  {
    "date": "2024-02-01",
    "symbol": "TT",
    "eps": 2.17,
    "epsEstimated": 2.13,
    "time": "bmo",
    "revenue": 4424100000,
    "revenueEstimated": 3989790000,
    "updatedFromDate": "2025-04-25",
    "fiscalDateEnding": "2023-12-31"
  },
  {
    "date": "2023-11-01",
    "symbol": "TT",
    "eps": 2.79,
    "epsEstimated": 2.66,
    "time": "bmo",
    "revenue": 4882900000,
    "revenueEstimated": 4431730000,
    "updatedFromDate": "2025-04-25",
    "fiscalDateEnding": "2023-09-30"
  },
  {
    "date": "2023-08-02",
    "symbol": "TT",
    "eps": 2.68,
    "epsEstimated": 2.56,
    "time": "bmo",
    "revenue": 4704700000,
    "revenueEstimated": 4804390000,
    "updatedFromDate": "2025-04-25",
    "fiscalDateEnding": "2023-06-30"
  },
  {
    "date": "2023-05-03",
    "symbol": "TT",
    "eps": 1.41,
    "epsEstimated": 1.34,
    "time": "bmo",
    "revenue": 3665800000,
    "revenueEstimated": 4608900000,
    "updatedFromDate": "2025-04-25",
    "fiscalDateEnding": "2023-03-31"
  },
  {
    "date": "2023-02-02",
    "symbol": "TT",
    "eps": 1.82,
    "epsEstimated": 1.64,
    "time": "bmo",
    "revenue": 4073900000,
    "revenueEstimated": 3637750000,
    "updatedFromDate": "2025-04-25",
    "fiscalDateEnding": "2022-12-31"
  },
  {
    "date": "2022-11-02",
    "symbol": "TT",
    "eps": 2.27,
    "epsEstimated": 2.12,
    "time": "bmo",
    "revenue": 4371900000,
    "revenueEstimated": 4137221596,
    "updatedFromDate": "2025-04-25",
    "fiscalDateEnding": "2022-09-30"
  },
  {
    "date": "2022-08-03",
    "symbol": "TT",
    "eps": 2.16,
    "epsEstimated": 2.1,
    "time": "bmo",
    "revenue": 4190400000,
    "revenueEstimated": 4119970598,
    "updatedFromDate": "2025-04-25",
    "fiscalDateEnding": "2022-06-30"
  },
  {
    "date": "2022-05-04",
    "symbol": "TT",
    "eps": 1.12,
    "epsEstimated": 0.99,
    "time": "bmo",
    "revenue": 3355500000,
    "revenueEstimated": 3153257601,
    "updatedFromDate": "2025-04-25",
    "fiscalDateEnding": "2022-03-31"
  },
  {
    "date": "2022-01-31",
    "symbol": "TT",
    "eps": 1.36,
    "epsEstimated": 1.31,
    "time": "bmo",
    "revenue": 3569300000,
    "revenueEstimated": 3541450314,
    "updatedFromDate": "2025-04-25",
    "fiscalDateEnding": "2021-12-31"
  },
  {
    "date": "2021-11-03",
    "symbol": "TT",
    "eps": 1.8,
    "epsEstimated": 1.84,
    "time": "bmo",
    "revenue": 3719800000,
    "revenueEstimated": 3798300000,
    "updatedFromDate": "2025-04-25",
    "fiscalDateEnding": "2021-09-30"
  },
  {
    "date": "2021-08-04",
    "symbol": "TT",
    "eps": 1.92,
    "epsEstimated": 1.9,
    "time": "bmo",
    "revenue": 3829700000,
    "revenueEstimated": 3830000000,
    "updatedFromDate": "2025-04-25",
    "fiscalDateEnding": "2021-06-30"
  },
  {
    "date": "2021-05-05",
    "symbol": "TT",
    "eps": 1.01,
    "epsEstimated": 0.62,
    "time": "bmo",
    "revenue": 3017600000,
    "revenueEstimated": 2842640000,
    "updatedFromDate": "2025-04-25",
    "fiscalDateEnding": "2021-03-31"
  },
  {
    "date": "2021-02-05",
    "symbol": "TT",
    "eps": 1.03,
    "epsEstimated": 0.92,
    "time": "bmo",
    "revenue": 3179100000,
    "revenueEstimated": 2798814130,
    "updatedFromDate": "2025-04-25",
    "fiscalDateEnding": "2020-12-31"
  },
  {
    "date": "2020-10-28",
    "symbol": "TT",
    "eps": 1.72,
    "epsEstimated": 1.35,
    "time": "bmo",
    "revenue": 3495500000,
    "revenueEstimated": 2743168604,
    "updatedFromDate": "2025-04-25",
    "fiscalDateEnding": "2020-09-30"
  },
  {
    "date": "2020-07-29",
    "symbol": "TT",
    "eps": 1.27,
    "epsEstimated": 0.74,
    "time": "bmo",
    "revenue": 3138800000,
    "revenueEstimated": 2204582836,
    "updatedFromDate": "2025-04-25",
    "fiscalDateEnding": "2020-06-30"
  },
  {
    "date": "2020-05-05",
    "symbol": "TT",
    "eps": 0.43,
    "epsEstimated": 0.5,
    "time": "bmo",
    "revenue": 2641300000,
    "revenueEstimated": 3194130232,
    "updatedFromDate": "2025-04-25",
    "fiscalDateEnding": "2020-03-31"
  },
  {
    "date": "2020-01-29",
    "symbol": "TT",
    "eps": 1.4,
    "epsEstimated": 1.42,
    "time": "bmo",
    "revenue": 4150900000,
    "revenueEstimated": 4210198571,
    "updatedFromDate": "2025-04-25",
    "fiscalDateEnding": "2019-12-31"
  },
  {
    "date": "2019-10-29",
    "symbol": "TT",
    "eps": 1.99,
    "epsEstimated": 1.91,
    "time": "bmo",
    "revenue": 4344300000,
    "revenueEstimated": 4169654773,
    "updatedFromDate": "2025-04-25",
    "fiscalDateEnding": "2019-09-30"
  },
  {
    "date": "2019-07-30",
    "symbol": "TT",
    "eps": 2.09,
    "epsEstimated": 2.05,
    "time": "bmo",
    "revenue": 4527800000,
    "revenueEstimated": 3548363636,
    "updatedFromDate": "2025-04-25",
    "fiscalDateEnding": "2019-06-30"
  },
  {
    "date": "2019-04-30",
    "symbol": "TT",
    "eps": 0.89,
    "epsEstimated": 0.8,
    "time": "bmo",
    "revenue": 3575900000,
    "revenueEstimated": 2520179775,
    "updatedFromDate": "2025-04-25",
    "fiscalDateEnding": "2019-03-31"
  },
  {
    "date": "2019-01-30",
    "symbol": "TT",
    "eps": 1.32,
    "epsEstimated": 1.29,
    "time": "bmo",
    "revenue": 3895100000,
    "revenueEstimated": 3806575000,
    "updatedFromDate": "2025-04-25",
    "fiscalDateEnding": "2018-12-31"
  },
  {
    "date": "2018-10-24",
    "symbol": "TT",
    "eps": 1.75,
    "epsEstimated": 1.71,
    "time": "bmo",
    "revenue": 4030900000,
    "revenueEstimated": 3938765142,
    "updatedFromDate": "2025-04-25",
    "fiscalDateEnding": "2018-09-30"
  },
  {
    "date": "2018-07-25",
    "symbol": "TT",
    "eps": 1.85,
    "epsEstimated": 1.73,
    "time": "bmo",
    "revenue": 4357700000,
    "revenueEstimated": 4075038378,
    "updatedFromDate": "2025-04-25",
    "fiscalDateEnding": "2018-06-30"
  },
  {
    "date": "2018-04-25",
    "symbol": "TT",
    "eps": 0.7,
    "epsEstimated": 0.62,
    "time": "bmo",
    "revenue": 3384500000,
    "revenueEstimated": 2997700000,
    "updatedFromDate": "2025-04-25",
    "fiscalDateEnding": "2018-03-31"
  },
  {
    "date": "2018-01-31",
    "symbol": "TT",
    "eps": 1.02,
    "epsEstimated": 1.03,
    "time": "bmo",
    "revenue": 3618100000,
    "revenueEstimated": 3653571568,
    "updatedFromDate": "2025-04-25",
    "fiscalDateEnding": "2017-12-31"
  },
  {
    "date": "2017-10-25",
    "symbol": "TT",
    "eps": 1.44,
    "epsEstimated": 1.43,
    "time": "bmo",
    "revenue": 3670500000,
    "revenueEstimated": 3645010416,
    "updatedFromDate": "2025-04-25",
    "fiscalDateEnding": "2017-09-30"
  },
  {
    "date": "2017-07-26",
    "symbol": "TT",
    "eps": 1.49,
    "epsEstimated": 1.46,
    "time": "bmo",
    "revenue": 3908400000,
    "revenueEstimated": 3829707382,
    "updatedFromDate": "2025-04-25",
    "fiscalDateEnding": "2017-06-30"
  },
  {
    "date": "2017-04-26",
    "symbol": "TT",
    "eps": 0.57,
    "epsEstimated": 0.53,
    "time": "bmo",
    "revenue": 3000600000,
    "revenueEstimated": 2790031578,
    "updatedFromDate": "2025-04-25",
    "fiscalDateEnding": "2017-03-31"
  },
  {
    "date": "2017-02-01",
    "symbol": "TT",
    "eps": 0.84,
    "epsEstimated": 0.92,
    "time": "bmo",
    "revenue": 3358800000,
    "revenueEstimated": 3678685714,
    "updatedFromDate": "2025-04-25",
    "fiscalDateEnding": "2016-12-31"
  },
  {
    "date": "2016-10-26",
    "symbol": "TT",
    "eps": 1.41,
    "epsEstimated": 1.29,
    "time": "bmo",
    "revenue": 3567800000,
    "revenueEstimated": 3264157446,
    "updatedFromDate": "2025-04-25",
    "fiscalDateEnding": "2016-09-30"
  },
  {
    "date": "2016-07-27",
    "symbol": "TT",
    "eps": 1.38,
    "epsEstimated": 1.3,
    "time": "bmo",
    "revenue": 3688200000,
    "revenueEstimated": 3474391304,
    "updatedFromDate": "2025-04-25",
    "fiscalDateEnding": "2016-06-30"
  },
  {
    "date": "2016-04-26",
    "symbol": "TT",
    "eps": 0.5,
    "epsEstimated": 0.37,
    "time": "bmo",
    "revenue": 2894100000,
    "revenueEstimated": 2141634000,
    "updatedFromDate": "2025-04-25",
    "fiscalDateEnding": "2016-03-31"
  }
]