[
  {
    "date": "2026-05-06",
    "symbol": "TTD",
    "eps": null,
    "epsEstimated": null,
    "time": "amc",
    "revenue": null,
    "revenueEstimated": null,
    "updatedFromDate": "2025-10-02",
    "fiscalDateEnding": "2026-03-30"
  },
  {
    "date": "2026-02-10",
    "symbol": "TTD",
    "eps": null,
    "epsEstimated": null,
    "time": "amc",
    "revenue": null,
    "revenueEstimated": null,
    "updatedFromDate": "2025-10-02",
    "fiscalDateEnding": "2025-12-30"
  },
  {
    "date": "2025-11-06",
    "symbol": "TTD",
    "eps": null,
    "epsEstimated": 0.44,
    "time": "bmo",
    "revenue": null,
    "revenueEstimated": 718689960,
    "updatedFromDate": "2025-10-02",
    "fiscalDateEnding": "2025-09-30"
  },
  {
    "date": "2025-08-07",
    "symbol": "TTD",
    "eps": 0.18,
    "epsEstimated": 0.1776,
    "time": "amc",
    "revenue": 694039000,
    "revenueEstimated": 685467361,
    "updatedFromDate": "2025-10-02",
    "fiscalDateEnding": "2025-06-30"
  },
  {
    "date": "2025-05-08",
    "symbol": "TTD",
    "eps": 0.1,
    "epsEstimated": 0.1378,
    "time": "amc",
    "revenue": 616021000,
    "revenueEstimated": 575311727,
    "updatedFromDate": "2025-08-11",
    "fiscalDateEnding": "2025-03-31"
  },
  {
    "date": "2025-02-12",
    "symbol": "TTD",
    "eps": 0.59,
    "epsEstimated": 0.57,
    "time": "amc",
    "revenue": 741012000,
    "revenueEstimated": 758938677,
    "updatedFromDate": "2025-08-11",
    "fiscalDateEnding": "2024-12-31"
  },
  {
    "date": "2024-11-07",
    "symbol": "TTD",
    "eps": 0.41,
    "epsEstimated": 0.3949,
    "time": "amc",
    "revenue": 628016000,
    "revenueEstimated": 620160851,
    "updatedFromDate": "2025-08-11",
    "fiscalDateEnding": "2024-09-30"
  },
  {
    "date": "2024-08-08",
    "symbol": "TTD",
    "eps": 0.39,
    "epsEstimated": 0.357,
    "time": "amc",
    "revenue": 584550000,
    "revenueEstimated": 578029625,
    "updatedFromDate": "2025-08-11",
    "fiscalDateEnding": "2024-06-30"
  },
  {
    "date": "2024-05-08",
    "symbol": "TTD",
    "eps": 0.26,
    "epsEstimated": 0.2175,
    "time": "amc",
    "revenue": 491253000,
    "revenueEstimated": 480135420,
    "updatedFromDate": "2025-08-11",
    "fiscalDateEnding": "2024-03-31"
  },
  {
    "date": "2024-02-15",
    "symbol": "TTD",
    "eps": 0.41,
    "epsEstimated": 0.4104,
    "time": "amc",
    "revenue": 605797000,
    "revenueEstimated": 582072801,
    "updatedFromDate": "2025-08-11",
    "fiscalDateEnding": "2023-12-31"
  },
  {
    "date": "2023-11-09",
    "symbol": "TTD",
    "eps": 0.33,
    "epsEstimated": 0.29,
    "time": "amc",
    "revenue": 493266000,
    "revenueEstimated": 486580000,
    "updatedFromDate": "2025-08-11",
    "fiscalDateEnding": "2023-09-30"
  },
  {
    "date": "2023-08-09",
    "symbol": "TTD",
    "eps": 0.28,
    "epsEstimated": 0.26,
    "time": "amc",
    "revenue": 464254000,
    "revenueEstimated": 455000000,
    "updatedFromDate": "2025-08-11",
    "fiscalDateEnding": "2023-06-30"
  },
  {
    "date": "2023-05-10",
    "symbol": "TTD",
    "eps": 0.23,
    "epsEstimated": 0.13,
    "time": "amc",
    "revenue": 382803000,
    "revenueEstimated": 364510000,
    "updatedFromDate": "2025-08-11",
    "fiscalDateEnding": "2023-03-31"
  },
  {
    "date": "2023-02-15",
    "symbol": "TTD",
    "eps": 0.38,
    "epsEstimated": 0.37,
    "time": "bmo",
    "revenue": 490737000,
    "revenueEstimated": 490469000,
    "updatedFromDate": "2025-08-11",
    "fiscalDateEnding": "2022-12-31"
  },
  {
    "date": "2022-11-09",
    "symbol": "TTD",
    "eps": 0.26,
    "epsEstimated": 0.24,
    "time": "bmo",
    "revenue": 394773000,
    "revenueEstimated": 386191550,
    "updatedFromDate": "2025-08-11",
    "fiscalDateEnding": "2022-09-30"
  },
  {
    "date": "2022-08-09",
    "symbol": "TTD",
    "eps": 0.2,
    "epsEstimated": 0.21,
    "time": "amc",
    "revenue": 376962000,
    "revenueEstimated": 364887474,
    "updatedFromDate": "2025-08-11",
    "fiscalDateEnding": "2022-06-30"
  },
  {
    "date": "2022-05-10",
    "symbol": "TTD",
    "eps": 0.21,
    "epsEstimated": 0.16,
    "time": "amc",
    "revenue": 315323000,
    "revenueEstimated": 304666182,
    "updatedFromDate": "2025-08-11",
    "fiscalDateEnding": "2022-03-31"
  },
  {
    "date": "2022-02-16",
    "symbol": "TTD",
    "eps": 0.42,
    "epsEstimated": 0.29,
    "time": "bmo",
    "revenue": 395598000,
    "revenueEstimated": 389259118,
    "updatedFromDate": "2025-08-11",
    "fiscalDateEnding": "2021-12-31"
  },
  {
    "date": "2021-11-08",
    "symbol": "TTD",
    "eps": 0.18,
    "epsEstimated": 0.16,
    "time": "bmo",
    "revenue": 301091000,
    "revenueEstimated": 283520000,
    "updatedFromDate": "2025-08-11",
    "fiscalDateEnding": "2021-09-30"
  },
  {
    "date": "2021-08-09",
    "symbol": "TTD",
    "eps": 0.18,
    "epsEstimated": 0.13,
    "time": "bmo",
    "revenue": 279967000,
    "revenueEstimated": 279967000,
    "updatedFromDate": "2025-08-11",
    "fiscalDateEnding": "2021-06-30"
  },
  {
    "date": "2021-05-10",
    "symbol": "TTD",
    "eps": 0.14,
    "epsEstimated": 0.08,
    "time": "bmo",
    "revenue": 219811000,
    "revenueEstimated": 206661587,
    "updatedFromDate": "2025-08-11",
    "fiscalDateEnding": "2021-03-31"
  },
  {
    "date": "2021-02-18",
    "symbol": "TTD",
    "eps": 0.37,
    "epsEstimated": 0.19,
    "time": "amc",
    "revenue": 319905000,
    "revenueEstimated": 239858934,
    "updatedFromDate": "2025-08-11",
    "fiscalDateEnding": "2020-12-31"
  },
  {
    "date": "2020-11-05",
    "symbol": "TTD",
    "eps": 0.13,
    "epsEstimated": 0.05,
    "time": "amc",
    "revenue": 216113000,
    "revenueEstimated": 73172118,
    "updatedFromDate": "2025-08-11",
    "fiscalDateEnding": "2020-09-30"
  },
  {
    "date": "2020-08-06",
    "symbol": "TTD",
    "eps": 0.09,
    "epsEstimated": 0.01644,
    "time": "amc",
    "revenue": 139355000,
    "revenueEstimated": 25750380,
    "updatedFromDate": "2025-08-11",
    "fiscalDateEnding": "2020-06-30"
  },
  {
    "date": "2020-05-07",
    "symbol": "TTD",
    "eps": 0.09,
    "epsEstimated": 0.05,
    "time": "amc",
    "revenue": 160660000,
    "revenueEstimated": 127810765,
    "updatedFromDate": "2025-08-11",
    "fiscalDateEnding": "2020-03-31"
  },
  {
    "date": "2020-02-27",
    "symbol": "TTD",
    "eps": 0.15,
    "epsEstimated": 0.12,
    "time": "amc",
    "revenue": 215944000,
    "revenueEstimated": 169566765,
    "updatedFromDate": "2025-08-11",
    "fiscalDateEnding": "2019-12-31"
  },
  {
    "date": "2019-11-07",
    "symbol": "TTD",
    "eps": 0.08,
    "epsEstimated": 0.07,
    "time": "amc",
    "revenue": 164203000,
    "revenueEstimated": 146688013,
    "updatedFromDate": "2025-08-11",
    "fiscalDateEnding": "2019-09-30"
  },
  {
    "date": "2019-08-08",
    "symbol": "TTD",
    "eps": 0.09,
    "epsEstimated": 0.07,
    "time": "amc",
    "revenue": 159924000,
    "revenueEstimated": 116155326,
    "updatedFromDate": "2025-08-11",
    "fiscalDateEnding": "2019-06-30"
  },
  {
    "date": "2019-05-09",
    "symbol": "TTD",
    "eps": 0.05,
    "epsEstimated": 0.02507,
    "time": "bmo",
    "revenue": 120987000,
    "revenueEstimated": 90955758,
    "updatedFromDate": "2025-08-11",
    "fiscalDateEnding": "2019-03-31"
  },
  {
    "date": "2019-02-21",
    "symbol": "TTD",
    "eps": 0.11,
    "epsEstimated": 0.08,
    "time": "amc",
    "revenue": 160468000,
    "revenueEstimated": 117774678,
    "updatedFromDate": "2025-08-11",
    "fiscalDateEnding": "2018-12-31"
  },
  {
    "date": "2018-11-08",
    "symbol": "TTD",
    "eps": 0.06,
    "epsEstimated": 0.05,
    "time": "amc",
    "revenue": 118825000,
    "revenueEstimated": 91403846,
    "updatedFromDate": "2025-08-11",
    "fiscalDateEnding": "2018-09-30"
  },
  {
    "date": "2018-08-09",
    "symbol": "TTD",
    "eps": 0.06,
    "epsEstimated": 0.04366,
    "time": "amc",
    "revenue": 112333000,
    "revenueEstimated": 82377533,
    "updatedFromDate": "2025-08-11",
    "fiscalDateEnding": "2018-06-30"
  },
  {
    "date": "2018-05-10",
    "symbol": "TTD",
    "eps": 0.03,
    "epsEstimated": 0.00885,
    "time": "amc",
    "revenue": 85668000,
    "revenueEstimated": 25196470,
    "updatedFromDate": "2025-08-11",
    "fiscalDateEnding": "2018-03-31"
  },
  {
    "date": "2018-02-22",
    "symbol": "TTD",
    "eps": 0.05,
    "epsEstimated": 0.0401,
    "time": "amc",
    "revenue": 102648000,
    "revenueEstimated": 81738222,
    "updatedFromDate": "2025-08-11",
    "fiscalDateEnding": "2017-12-31"
  },
  {
    "date": "2017-11-09",
    "symbol": "TTD",
    "eps": 0.04,
    "epsEstimated": 0.03147,
    "time": "amc",
    "revenue": 79413000,
    "revenueEstimated": 63530400,
    "updatedFromDate": "2025-08-11",
    "fiscalDateEnding": "2017-09-30"
  },
  {
    "date": "2017-08-10",
    "symbol": "TTD",
    "eps": 0.05,
    "epsEstimated": 0.01779,
    "time": "amc",
    "revenue": 72804000,
    "revenueEstimated": 26601461,
    "updatedFromDate": "2025-08-11",
    "fiscalDateEnding": "2017-06-30"
  },
  {
    "date": "2017-05-11",
    "symbol": "TTD",
    "eps": 0.02,
    "epsEstimated": null,
    "time": "amc",
    "revenue": 53352000,
    "revenueEstimated": null,
    "updatedFromDate": "2025-08-11",
    "fiscalDateEnding": "2017-03-31"
  },
  {
    "date": "2017-02-16",
    "symbol": "TTD",
    "eps": 0.03,
    "epsEstimated": 0.02061,
    "time": "bmo",
    "revenue": 72410000,
    "revenueEstimated": 50467575,
    "updatedFromDate": "2025-08-11",
    "fiscalDateEnding": "2016-12-31"
  },
  {
    "date": "2016-11-10",
    "symbol": "TTD",
    "eps": 0.02,
    "epsEstimated": 0.01764,
    "time": "amc",
    "revenue": 52956000,
    "revenueEstimated": 45390857,
    "updatedFromDate": "2025-08-11",
    "fiscalDateEnding": "2016-09-30"
  },
  {
    "date": "2016-09-23",
    "symbol": "TTD",
    "eps": 0.01987,
    "epsEstimated": null,
    "time": "bmo",
    "revenue": 47182000,
    "revenueEstimated": null,
    "updatedFromDate": "2025-08-11",
    "fiscalDateEnding": "2016-06-30"
  }
]