[
  {
    "date": "2026-05-13",
    "symbol": "TTWO",
    "eps": null,
    "epsEstimated": null,
    "time": "amc",
    "revenue": null,
    "revenueEstimated": null,
    "updatedFromDate": "2025-10-02",
    "fiscalDateEnding": "2026-03-30"
  },
  {
    "date": "2026-02-04",
    "symbol": "TTWO",
    "eps": null,
    "epsEstimated": null,
    "time": "amc",
    "revenue": null,
    "revenueEstimated": null,
    "updatedFromDate": "2025-10-02",
    "fiscalDateEnding": "2025-12-30"
  },
  {
    "date": "2025-11-05",
    "symbol": "TTWO",
    "eps": null,
    "epsEstimated": 0.91,
    "time": "bmo",
    "revenue": null,
    "revenueEstimated": 1711291260,
    "updatedFromDate": "2025-10-02",
    "fiscalDateEnding": "2025-09-30"
  },
  {
    "date": "2025-08-07",
    "symbol": "TTWO",
    "eps": 0.61,
    "epsEstimated": 0.2825,
    "time": "amc",
    "revenue": 1503800000,
    "revenueEstimated": 1311834091,
    "updatedFromDate": "2025-10-02",
    "fiscalDateEnding": "2025-06-30"
  },
  {
    "date": "2025-05-15",
    "symbol": "TTWO",
    "eps": 1.09,
    "epsEstimated": 1.1,
    "time": "amc",
    "revenue": 1582500000,
    "revenueEstimated": 1550812152,
    "updatedFromDate": "2025-09-09",
    "fiscalDateEnding": "2025-03-31"
  },
  {
    "date": "2025-02-06",
    "symbol": "TTWO",
    "eps": 0.72,
    "epsEstimated": 0.64,
    "time": "amc",
    "revenue": 1359800000,
    "revenueEstimated": 1386339120,
    "updatedFromDate": "2025-09-09",
    "fiscalDateEnding": "2024-12-31"
  },
  {
    "date": "2024-11-06",
    "symbol": "TTWO",
    "eps": 0.66,
    "epsEstimated": 0.4151,
    "time": "amc",
    "revenue": 1353100000,
    "revenueEstimated": 1447904143,
    "updatedFromDate": "2025-09-09",
    "fiscalDateEnding": "2024-09-30"
  },
  {
    "date": "2024-08-08",
    "symbol": "TTWO",
    "eps": 0.05,
    "epsEstimated": 0.01205,
    "time": "amc",
    "revenue": 1338200000,
    "revenueEstimated": 1257127396,
    "updatedFromDate": "2025-09-09",
    "fiscalDateEnding": "2024-06-30"
  },
  {
    "date": "2024-05-16",
    "symbol": "TTWO",
    "eps": 0.31,
    "epsEstimated": 0.08541,
    "time": "amc",
    "revenue": 1399400000,
    "revenueEstimated": 1305524683,
    "updatedFromDate": "2025-09-09",
    "fiscalDateEnding": "2024-03-31"
  },
  {
    "date": "2024-02-08",
    "symbol": "TTWO",
    "eps": 0.71,
    "epsEstimated": 0.72,
    "time": "amc",
    "revenue": 1366300000,
    "revenueEstimated": 1337360000,
    "updatedFromDate": "2025-09-09",
    "fiscalDateEnding": "2023-12-31"
  },
  {
    "date": "2023-11-08",
    "symbol": "TTWO",
    "eps": 1.23,
    "epsEstimated": 1.02,
    "time": "amc",
    "revenue": 1299200000,
    "revenueEstimated": 1408010000,
    "updatedFromDate": "2025-09-09",
    "fiscalDateEnding": "2023-09-30"
  },
  {
    "date": "2023-08-08",
    "symbol": "TTWO",
    "eps": 0.36,
    "epsEstimated": 0.37,
    "time": "amc",
    "revenue": 1284700000,
    "revenueEstimated": 1214280000,
    "updatedFromDate": "2025-09-09",
    "fiscalDateEnding": "2023-06-30"
  },
  {
    "date": "2023-05-17",
    "symbol": "TTWO",
    "eps": 0.85,
    "epsEstimated": 0.68,
    "time": "amc",
    "revenue": 1446200000,
    "revenueEstimated": 1339080000,
    "updatedFromDate": "2025-09-09",
    "fiscalDateEnding": "2023-03-31"
  },
  {
    "date": "2023-02-06",
    "symbol": "TTWO",
    "eps": 0.93,
    "epsEstimated": 0.88,
    "time": "amc",
    "revenue": 1407800000,
    "revenueEstimated": 1461444575,
    "updatedFromDate": "2025-09-09",
    "fiscalDateEnding": "2022-12-31"
  },
  {
    "date": "2022-11-07",
    "symbol": "TTWO",
    "eps": 1.25,
    "epsEstimated": 1.37,
    "time": "amc",
    "revenue": 1393500000,
    "revenueEstimated": 1551253547,
    "updatedFromDate": "2025-09-09",
    "fiscalDateEnding": "2022-09-30"
  },
  {
    "date": "2022-08-08",
    "symbol": "TTWO",
    "eps": 0.61,
    "epsEstimated": 0.84,
    "time": "amc",
    "revenue": 1102400000,
    "revenueEstimated": 1113580203,
    "updatedFromDate": "2025-09-09",
    "fiscalDateEnding": "2022-06-30"
  },
  {
    "date": "2022-05-16",
    "symbol": "TTWO",
    "eps": 1.09,
    "epsEstimated": 1.04,
    "time": "amc",
    "revenue": 930004000,
    "revenueEstimated": 881053609,
    "updatedFromDate": "2025-09-09",
    "fiscalDateEnding": "2022-03-31"
  },
  {
    "date": "2022-02-07",
    "symbol": "TTWO",
    "eps": 1.32,
    "epsEstimated": 1.22,
    "time": "amc",
    "revenue": 903300000,
    "revenueEstimated": 867832913,
    "updatedFromDate": "2025-09-09",
    "fiscalDateEnding": "2021-12-31"
  },
  {
    "date": "2021-11-03",
    "symbol": "TTWO",
    "eps": 1.58,
    "epsEstimated": 1.35,
    "time": "amc",
    "revenue": 858200000,
    "revenueEstimated": 683225592,
    "updatedFromDate": "2025-09-09",
    "fiscalDateEnding": "2021-09-30"
  },
  {
    "date": "2021-08-02",
    "symbol": "TTWO",
    "eps": 1.01,
    "epsEstimated": 0.89,
    "time": "amc",
    "revenue": 813300000,
    "revenueEstimated": 677788333,
    "updatedFromDate": "2025-09-09",
    "fiscalDateEnding": "2021-06-30"
  },
  {
    "date": "2021-05-18",
    "symbol": "TTWO",
    "eps": 1.44,
    "epsEstimated": 0.68,
    "time": "amc",
    "revenue": 839431000,
    "revenueEstimated": 662630000,
    "updatedFromDate": "2025-09-09",
    "fiscalDateEnding": "2021-03-31"
  },
  {
    "date": "2021-02-08",
    "symbol": "TTWO",
    "eps": 1.25,
    "epsEstimated": 0.96,
    "time": "amc",
    "revenue": 860889000,
    "revenueEstimated": 600828781,
    "updatedFromDate": "2025-09-09",
    "fiscalDateEnding": "2020-12-31"
  },
  {
    "date": "2020-11-05",
    "symbol": "TTWO",
    "eps": 2.04,
    "epsEstimated": 1.45,
    "time": "amc",
    "revenue": 841142000,
    "revenueEstimated": 7275680,
    "updatedFromDate": "2025-09-09",
    "fiscalDateEnding": "2020-09-30"
  },
  {
    "date": "2020-08-03",
    "symbol": "TTWO",
    "eps": 2.68,
    "epsEstimated": 1.58,
    "time": "amc",
    "revenue": 831310000,
    "revenueEstimated": 578302608,
    "updatedFromDate": "2025-09-09",
    "fiscalDateEnding": "2020-06-30"
  },
  {
    "date": "2020-05-20",
    "symbol": "TTWO",
    "eps": 1.66,
    "epsEstimated": 0.88,
    "time": "amc",
    "revenue": 760541000,
    "revenueEstimated": 627446324,
    "updatedFromDate": "2025-09-09",
    "fiscalDateEnding": "2020-03-31"
  },
  {
    "date": "2020-02-06",
    "symbol": "TTWO",
    "eps": 1.63,
    "epsEstimated": 1.75,
    "time": "amc",
    "revenue": 930129000,
    "revenueEstimated": 998604754,
    "updatedFromDate": "2025-09-09",
    "fiscalDateEnding": "2019-12-31"
  },
  {
    "date": "2019-11-07",
    "symbol": "TTWO",
    "eps": 1.89,
    "epsEstimated": 1.67,
    "time": "amc",
    "revenue": 857841000,
    "revenueEstimated": 751166471,
    "updatedFromDate": "2025-09-09",
    "fiscalDateEnding": "2019-09-30"
  },
  {
    "date": "2019-08-05",
    "symbol": "TTWO",
    "eps": 0.24,
    "epsEstimated": 0.02253,
    "time": "amc",
    "revenue": 540459000,
    "revenueEstimated": 60050999,
    "updatedFromDate": "2025-09-09",
    "fiscalDateEnding": "2019-06-30"
  },
  {
    "date": "2019-05-13",
    "symbol": "TTWO",
    "eps": 0.86,
    "epsEstimated": 0.77,
    "time": "amc",
    "revenue": 539007000,
    "revenueEstimated": 518275961,
    "updatedFromDate": "2025-09-09",
    "fiscalDateEnding": "2019-03-31"
  },
  {
    "date": "2019-02-06",
    "symbol": "TTWO",
    "eps": 4.05,
    "epsEstimated": 2.75,
    "time": "bmo",
    "revenue": 1248738000,
    "revenueEstimated": 1205678068,
    "updatedFromDate": "2025-09-09",
    "fiscalDateEnding": "2018-12-31"
  },
  {
    "date": "2018-11-07",
    "symbol": "TTWO",
    "eps": 1.05,
    "epsEstimated": 0.91,
    "time": "amc",
    "revenue": 492667000,
    "revenueEstimated": 431699047,
    "updatedFromDate": "2025-09-09",
    "fiscalDateEnding": "2018-09-30"
  },
  {
    "date": "2018-08-02",
    "symbol": "TTWO",
    "eps": 0.19,
    "epsEstimated": 0.15,
    "time": "amc",
    "revenue": 387982000,
    "revenueEstimated": 194000000,
    "updatedFromDate": "2025-09-09",
    "fiscalDateEnding": "2018-06-30"
  },
  {
    "date": "2018-05-16",
    "symbol": "TTWO",
    "eps": 0.87,
    "epsEstimated": 0.63,
    "time": "amc",
    "revenue": 450274000,
    "revenueEstimated": 405270000,
    "updatedFromDate": "2025-09-09",
    "fiscalDateEnding": "2018-03-31"
  },
  {
    "date": "2018-02-07",
    "symbol": "TTWO",
    "eps": 1.26,
    "epsEstimated": 1,
    "time": "amc",
    "revenue": 480840000,
    "revenueEstimated": 420699999,
    "updatedFromDate": "2025-09-09",
    "fiscalDateEnding": "2017-12-31"
  },
  {
    "date": "2017-11-07",
    "symbol": "TTWO",
    "eps": 1.09,
    "epsEstimated": 0.74,
    "time": "amc",
    "revenue": 443562000,
    "revenueEstimated": 301159633,
    "updatedFromDate": "2025-09-09",
    "fiscalDateEnding": "2017-09-30"
  },
  {
    "date": "2017-08-02",
    "symbol": "TTWO",
    "eps": 0.6,
    "epsEstimated": 0.2,
    "time": "amc",
    "revenue": 418216000,
    "revenueEstimated": 367727419,
    "updatedFromDate": "2025-09-09",
    "fiscalDateEnding": "2017-06-30"
  },
  {
    "date": "2017-05-23",
    "symbol": "TTWO",
    "eps": 0.847,
    "epsEstimated": null,
    "time": "amc",
    "revenue": 571556000,
    "revenueEstimated": null,
    "updatedFromDate": "2025-09-09",
    "fiscalDateEnding": "2017-03-31"
  },
  {
    "date": "2017-05-23",
    "symbol": "TTWO",
    "eps": 0.83,
    "epsEstimated": 0.59,
    "time": "bmo",
    "revenue": 476473000,
    "revenueEstimated": 479135294,
    "updatedFromDate": "2025-09-09",
    "fiscalDateEnding": "2016-12-31"
  },
  {
    "date": "2016-11-02",
    "symbol": "TTWO",
    "eps": 0.45,
    "epsEstimated": 0.29,
    "time": "amc",
    "revenue": 420167000,
    "revenueEstimated": 286872639,
    "updatedFromDate": "2025-09-09",
    "fiscalDateEnding": "2016-09-30"
  },
  {
    "date": "2016-08-04",
    "symbol": "TTWO",
    "eps": -0.21,
    "epsEstimated": -0.3,
    "time": "amc",
    "revenue": 311552000,
    "revenueEstimated": 265776470,
    "updatedFromDate": "2025-09-09",
    "fiscalDateEnding": "2016-06-30"
  }
]