[
  {
    "date": "2026-04-21",
    "symbol": "TXN",
    "eps": null,
    "epsEstimated": null,
    "time": "amc",
    "revenue": null,
    "revenueEstimated": null,
    "updatedFromDate": "2025-10-02",
    "fiscalDateEnding": "2026-03-30"
  },
  {
    "date": "2026-01-21",
    "symbol": "TXN",
    "eps": null,
    "epsEstimated": null,
    "time": "amc",
    "revenue": null,
    "revenueEstimated": null,
    "updatedFromDate": "2025-10-02",
    "fiscalDateEnding": "2025-12-30"
  },
  {
    "date": "2025-10-28",
    "symbol": "TXN",
    "eps": null,
    "epsEstimated": 1.48,
    "time": "bmo",
    "revenue": null,
    "revenueEstimated": null,
    "updatedFromDate": "2025-10-02",
    "fiscalDateEnding": "2025-09-30"
  },
  {
    "date": "2025-07-22",
    "symbol": "TXN",
    "eps": 1.41,
    "epsEstimated": 1.36,
    "time": "amc",
    "revenue": 4448000000,
    "revenueEstimated": 4364610179,
    "updatedFromDate": "2025-10-02",
    "fiscalDateEnding": "2025-06-30"
  },
  {
    "date": "2025-04-23",
    "symbol": "TXN",
    "eps": 1.28,
    "epsEstimated": 1.07,
    "time": "amc",
    "revenue": 4069000000,
    "revenueEstimated": 3907826210,
    "updatedFromDate": "2025-07-23",
    "fiscalDateEnding": "2025-03-31"
  },
  {
    "date": "2025-01-23",
    "symbol": "TXN",
    "eps": 1.3,
    "epsEstimated": 1.2,
    "time": "amc",
    "revenue": 4007000000,
    "revenueEstimated": 3884304301,
    "updatedFromDate": "2025-04-25",
    "fiscalDateEnding": "2024-12-31"
  },
  {
    "date": "2024-10-22",
    "symbol": "TXN",
    "eps": 1.47,
    "epsEstimated": 1.38,
    "time": "amc",
    "revenue": 4151000000,
    "revenueEstimated": 4119722680,
    "updatedFromDate": "2025-04-25",
    "fiscalDateEnding": "2024-09-30"
  },
  {
    "date": "2024-07-23",
    "symbol": "TXN",
    "eps": 1.22,
    "epsEstimated": 1.17,
    "time": "amc",
    "revenue": 3822000000,
    "revenueEstimated": 3821005507,
    "updatedFromDate": "2025-04-25",
    "fiscalDateEnding": "2024-06-30"
  },
  {
    "date": "2024-04-23",
    "symbol": "TXN",
    "eps": 1.2,
    "epsEstimated": 1.07,
    "time": "amc",
    "revenue": 3661000000,
    "revenueEstimated": 3613668816,
    "updatedFromDate": "2025-04-25",
    "fiscalDateEnding": "2024-03-31"
  },
  {
    "date": "2024-01-23",
    "symbol": "TXN",
    "eps": 1.49,
    "epsEstimated": 1.47,
    "time": "amc",
    "revenue": 4077000000,
    "revenueEstimated": 4118800000,
    "updatedFromDate": "2025-04-25",
    "fiscalDateEnding": "2023-12-31"
  },
  {
    "date": "2023-10-24",
    "symbol": "TXN",
    "eps": 1.85,
    "epsEstimated": 1.82,
    "time": "amc",
    "revenue": 4532000000,
    "revenueEstimated": 4569600000,
    "updatedFromDate": "2025-04-25",
    "fiscalDateEnding": "2023-09-30"
  },
  {
    "date": "2023-07-25",
    "symbol": "TXN",
    "eps": 1.87,
    "epsEstimated": 1.76,
    "time": "amc",
    "revenue": 4531000000,
    "revenueEstimated": 4367480000,
    "updatedFromDate": "2025-04-25",
    "fiscalDateEnding": "2023-06-30"
  },
  {
    "date": "2023-04-25",
    "symbol": "TXN",
    "eps": 1.85,
    "epsEstimated": 1.78,
    "time": "amc",
    "revenue": 4379000000,
    "revenueEstimated": 4376200000,
    "updatedFromDate": "2025-04-25",
    "fiscalDateEnding": "2023-03-31"
  },
  {
    "date": "2023-01-24",
    "symbol": "TXN",
    "eps": 2.13,
    "epsEstimated": 1.98,
    "time": "amc",
    "revenue": 4670000000,
    "revenueEstimated": 4614178953,
    "updatedFromDate": "2025-04-25",
    "fiscalDateEnding": "2022-12-31"
  },
  {
    "date": "2022-10-25",
    "symbol": "TXN",
    "eps": 2.45,
    "epsEstimated": 2.39,
    "time": "amc",
    "revenue": 5241000000,
    "revenueEstimated": 5142676069,
    "updatedFromDate": "2025-04-25",
    "fiscalDateEnding": "2022-09-30"
  },
  {
    "date": "2022-07-26",
    "symbol": "TXN",
    "eps": 2.45,
    "epsEstimated": 2.12,
    "time": "amc",
    "revenue": 5212000000,
    "revenueEstimated": 4639143912,
    "updatedFromDate": "2025-04-25",
    "fiscalDateEnding": "2022-06-30"
  },
  {
    "date": "2022-04-26",
    "symbol": "TXN",
    "eps": 2.35,
    "epsEstimated": 2.18,
    "time": "amc",
    "revenue": 4905000000,
    "revenueEstimated": 4741310323,
    "updatedFromDate": "2025-04-25",
    "fiscalDateEnding": "2022-03-31"
  },
  {
    "date": "2022-01-25",
    "symbol": "TXN",
    "eps": 2.27,
    "epsEstimated": 1.94,
    "time": "amc",
    "revenue": 4832000000,
    "revenueEstimated": 4728790000,
    "updatedFromDate": "2025-04-25",
    "fiscalDateEnding": "2021-12-31"
  },
  {
    "date": "2021-10-26",
    "symbol": "TXN",
    "eps": 2.07,
    "epsEstimated": 2.05,
    "time": "amc",
    "revenue": 4643000000,
    "revenueEstimated": 4636870000,
    "updatedFromDate": "2025-04-25",
    "fiscalDateEnding": "2021-09-30"
  },
  {
    "date": "2021-07-21",
    "symbol": "TXN",
    "eps": 2.05,
    "epsEstimated": 1.83,
    "time": "amc",
    "revenue": 4580000000,
    "revenueEstimated": 4636870000,
    "updatedFromDate": "2025-04-25",
    "fiscalDateEnding": "2021-06-30"
  },
  {
    "date": "2021-04-27",
    "symbol": "TXN",
    "eps": 1.85,
    "epsEstimated": 1.58,
    "time": "amc",
    "revenue": 4289000000,
    "revenueEstimated": 3977860000,
    "updatedFromDate": "2025-04-25",
    "fiscalDateEnding": "2021-03-31"
  },
  {
    "date": "2021-01-26",
    "symbol": "TXN",
    "eps": 1.64,
    "epsEstimated": 1.34,
    "time": "amc",
    "revenue": 4076000000,
    "revenueEstimated": 3163462686,
    "updatedFromDate": "2025-04-25",
    "fiscalDateEnding": "2020-12-31"
  },
  {
    "date": "2020-10-20",
    "symbol": "TXN",
    "eps": 1.45,
    "epsEstimated": 1.28,
    "time": "amc",
    "revenue": 3817000000,
    "revenueEstimated": 3369489655,
    "updatedFromDate": "2025-04-25",
    "fiscalDateEnding": "2020-09-30"
  },
  {
    "date": "2020-07-21",
    "symbol": "TXN",
    "eps": 1.48,
    "epsEstimated": 0.88,
    "time": "amc",
    "revenue": 3239000000,
    "revenueEstimated": 2550712500,
    "updatedFromDate": "2025-04-25",
    "fiscalDateEnding": "2020-06-30"
  },
  {
    "date": "2020-04-21",
    "symbol": "TXN",
    "eps": 1.24,
    "epsEstimated": 1,
    "time": "amc",
    "revenue": 3329000000,
    "revenueEstimated": 2684677419,
    "updatedFromDate": "2025-04-25",
    "fiscalDateEnding": "2020-03-31"
  },
  {
    "date": "2020-01-22",
    "symbol": "TXN",
    "eps": 1.12,
    "epsEstimated": 1.02,
    "time": "amc",
    "revenue": 3350000000,
    "revenueEstimated": 3050892857,
    "updatedFromDate": "2025-04-25",
    "fiscalDateEnding": "2019-12-31"
  },
  {
    "date": "2019-10-22",
    "symbol": "TXN",
    "eps": 1.49,
    "epsEstimated": 1.42,
    "time": "amc",
    "revenue": 3771000000,
    "revenueEstimated": 3593838926,
    "updatedFromDate": "2025-04-25",
    "fiscalDateEnding": "2019-09-30"
  },
  {
    "date": "2019-07-23",
    "symbol": "TXN",
    "eps": 1.36,
    "epsEstimated": 1.22,
    "time": "amc",
    "revenue": 3668000000,
    "revenueEstimated": 3290411764,
    "updatedFromDate": "2025-04-25",
    "fiscalDateEnding": "2019-06-30"
  },
  {
    "date": "2019-04-23",
    "symbol": "TXN",
    "eps": 1.22,
    "epsEstimated": 1.13,
    "time": "amc",
    "revenue": 3594000000,
    "revenueEstimated": 3223190476,
    "updatedFromDate": "2025-04-25",
    "fiscalDateEnding": "2019-03-31"
  },
  {
    "date": "2019-01-23",
    "symbol": "TXN",
    "eps": 1.27,
    "epsEstimated": 1.24,
    "time": "amc",
    "revenue": 3717000000,
    "revenueEstimated": 3629196850,
    "updatedFromDate": "2025-04-25",
    "fiscalDateEnding": "2018-12-31"
  },
  {
    "date": "2018-10-23",
    "symbol": "TXN",
    "eps": 1.58,
    "epsEstimated": 1.53,
    "time": "amc",
    "revenue": 4261000000,
    "revenueEstimated": 4126158227,
    "updatedFromDate": "2025-04-25",
    "fiscalDateEnding": "2018-09-30"
  },
  {
    "date": "2018-07-24",
    "symbol": "TXN",
    "eps": 1.4,
    "epsEstimated": 1.32,
    "time": "amc",
    "revenue": 4017000000,
    "revenueEstimated": 3787457142,
    "updatedFromDate": "2025-04-25",
    "fiscalDateEnding": "2018-06-30"
  },
  {
    "date": "2018-04-24",
    "symbol": "TXN",
    "eps": 1.35,
    "epsEstimated": 1.11,
    "time": "amc",
    "revenue": 3789000000,
    "revenueEstimated": 3115400000,
    "updatedFromDate": "2025-04-25",
    "fiscalDateEnding": "2018-03-31"
  },
  {
    "date": "2018-01-23",
    "symbol": "TXN",
    "eps": 1.09,
    "epsEstimated": 1.09,
    "time": "amc",
    "revenue": 3750000000,
    "revenueEstimated": 3750000000,
    "updatedFromDate": "2025-04-25",
    "fiscalDateEnding": "2017-12-31"
  },
  {
    "date": "2017-10-24",
    "symbol": "TXN",
    "eps": 1.26,
    "epsEstimated": 1.12,
    "time": "amc",
    "revenue": 4116000000,
    "revenueEstimated": 3658666666,
    "updatedFromDate": "2025-04-25",
    "fiscalDateEnding": "2017-09-30"
  },
  {
    "date": "2017-07-25",
    "symbol": "TXN",
    "eps": 1.03,
    "epsEstimated": 0.96,
    "time": "amc",
    "revenue": 3693000000,
    "revenueEstimated": 3442019417,
    "updatedFromDate": "2025-04-25",
    "fiscalDateEnding": "2017-06-30"
  },
  {
    "date": "2017-04-25",
    "symbol": "TXN",
    "eps": 0.85,
    "epsEstimated": 0.83,
    "time": "amc",
    "revenue": 3402000000,
    "revenueEstimated": 2910989690,
    "updatedFromDate": "2025-04-25",
    "fiscalDateEnding": "2017-03-31"
  },
  {
    "date": "2017-01-24",
    "symbol": "TXN",
    "eps": 0.87,
    "epsEstimated": 0.82,
    "time": "amc",
    "revenue": 3414000000,
    "revenueEstimated": 3217793103,
    "updatedFromDate": "2025-04-25",
    "fiscalDateEnding": "2016-12-31"
  },
  {
    "date": "2016-10-26",
    "symbol": "TXN",
    "eps": 0.94,
    "epsEstimated": 0.86,
    "time": "amc",
    "revenue": 3675000000,
    "revenueEstimated": 3362234042,
    "updatedFromDate": "2025-04-25",
    "fiscalDateEnding": "2016-09-30"
  },
  {
    "date": "2016-07-25",
    "symbol": "TXN",
    "eps": 0.76,
    "epsEstimated": 0.72,
    "time": "amc",
    "revenue": 3273000000,
    "revenueEstimated": 3143802631,
    "updatedFromDate": "2025-04-25",
    "fiscalDateEnding": "2016-06-30"
  }
]