[
  {
    "date": "2026-04-22",
    "symbol": "TXT",
    "eps": null,
    "epsEstimated": null,
    "time": "bmo",
    "revenue": null,
    "revenueEstimated": null,
    "updatedFromDate": "2025-10-02",
    "fiscalDateEnding": "2026-03-28"
  },
  {
    "date": "2026-01-20",
    "symbol": "TXT",
    "eps": null,
    "epsEstimated": null,
    "time": "bmo",
    "revenue": null,
    "revenueEstimated": null,
    "updatedFromDate": "2025-10-02",
    "fiscalDateEnding": "2025-12-28"
  },
  {
    "date": "2025-10-23",
    "symbol": "TXT",
    "eps": null,
    "epsEstimated": 1.46,
    "time": "bmo",
    "revenue": null,
    "revenueEstimated": 3702808410,
    "updatedFromDate": "2025-10-02",
    "fiscalDateEnding": "2025-09-28"
  },
  {
    "date": "2025-07-24",
    "symbol": "TXT",
    "eps": 1.55,
    "epsEstimated": 1.45,
    "time": "bmo",
    "revenue": 3716000000,
    "revenueEstimated": 3639396567,
    "updatedFromDate": "2025-10-02",
    "fiscalDateEnding": "2025-06-28"
  },
  {
    "date": "2025-04-24",
    "symbol": "TXT",
    "eps": 1.28,
    "epsEstimated": 1.14,
    "time": "bmo",
    "revenue": 3306000000,
    "revenueEstimated": 3246964139,
    "updatedFromDate": "2025-09-19",
    "fiscalDateEnding": "2025-03-29"
  },
  {
    "date": "2025-01-22",
    "symbol": "TXT",
    "eps": 1.34,
    "epsEstimated": 1.27,
    "time": "bmo",
    "revenue": 3613000000,
    "revenueEstimated": 3748582961,
    "updatedFromDate": "2025-09-19",
    "fiscalDateEnding": "2024-12-28"
  },
  {
    "date": "2024-10-24",
    "symbol": "TXT",
    "eps": 1.4,
    "epsEstimated": 1.49,
    "time": "bmo",
    "revenue": 3427000000,
    "revenueEstimated": 3495699820,
    "updatedFromDate": "2025-09-19",
    "fiscalDateEnding": "2024-09-28"
  },
  {
    "date": "2024-07-18",
    "symbol": "TXT",
    "eps": 1.54,
    "epsEstimated": 1.48,
    "time": "bmo",
    "revenue": 3527000000,
    "revenueEstimated": 3561600443,
    "updatedFromDate": "2025-09-19",
    "fiscalDateEnding": "2024-06-29"
  },
  {
    "date": "2024-04-25",
    "symbol": "TXT",
    "eps": 1.2,
    "epsEstimated": 1.23,
    "time": "bmo",
    "revenue": 3135000000,
    "revenueEstimated": 3285378637,
    "updatedFromDate": "2025-09-19",
    "fiscalDateEnding": "2024-03-30"
  },
  {
    "date": "2024-01-24",
    "symbol": "TXT",
    "eps": 1.6,
    "epsEstimated": 1.53,
    "time": "bmo",
    "revenue": 3892000000,
    "revenueEstimated": 3949430000,
    "updatedFromDate": "2025-09-19",
    "fiscalDateEnding": "2023-12-30"
  },
  {
    "date": "2023-10-26",
    "symbol": "TXT",
    "eps": 1.49,
    "epsEstimated": 1.29,
    "time": "bmo",
    "revenue": 3343000000,
    "revenueEstimated": 3475810000,
    "updatedFromDate": "2025-09-19",
    "fiscalDateEnding": "2023-09-30"
  },
  {
    "date": "2023-07-27",
    "symbol": "TXT",
    "eps": 1.46,
    "epsEstimated": 1.21,
    "time": "bmo",
    "revenue": 3424000000,
    "revenueEstimated": 3413280000,
    "updatedFromDate": "2025-09-19",
    "fiscalDateEnding": "2023-07-01"
  },
  {
    "date": "2023-04-27",
    "symbol": "TXT",
    "eps": 1.05,
    "epsEstimated": 0.95,
    "time": "bmo",
    "revenue": 3024000000,
    "revenueEstimated": 2757530000,
    "updatedFromDate": "2025-09-19",
    "fiscalDateEnding": "2023-04-01"
  },
  {
    "date": "2023-01-25",
    "symbol": "TXT",
    "eps": 1.07,
    "epsEstimated": 1.08,
    "time": "bmo",
    "revenue": 3636000000,
    "revenueEstimated": 3618124964,
    "updatedFromDate": "2025-09-19",
    "fiscalDateEnding": "2022-12-31"
  },
  {
    "date": "2022-10-27",
    "symbol": "TXT",
    "eps": 1.06,
    "epsEstimated": 0.93,
    "time": "bmo",
    "revenue": 3078000000,
    "revenueEstimated": 3228551058,
    "updatedFromDate": "2025-09-19",
    "fiscalDateEnding": "2022-10-01"
  },
  {
    "date": "2022-07-28",
    "symbol": "TXT",
    "eps": 1,
    "epsEstimated": 0.88,
    "time": "bmo",
    "revenue": 3154000000,
    "revenueEstimated": 3223211611,
    "updatedFromDate": "2025-09-19",
    "fiscalDateEnding": "2022-07-02"
  },
  {
    "date": "2022-04-28",
    "symbol": "TXT",
    "eps": 0.88,
    "epsEstimated": 0.73,
    "time": "bmo",
    "revenue": 3001000000,
    "revenueEstimated": 2969572903,
    "updatedFromDate": "2025-09-19",
    "fiscalDateEnding": "2022-04-02"
  },
  {
    "date": "2022-01-27",
    "symbol": "TXT",
    "eps": 0.94,
    "epsEstimated": 0.95,
    "time": "bmo",
    "revenue": 3322000000,
    "revenueEstimated": 3038630000,
    "updatedFromDate": "2025-09-19",
    "fiscalDateEnding": "2022-01-01"
  },
  {
    "date": "2021-10-28",
    "symbol": "TXT",
    "eps": 0.85,
    "epsEstimated": 0.78,
    "time": "bmo",
    "revenue": 2990000000,
    "revenueEstimated": 3127370000,
    "updatedFromDate": "2025-09-19",
    "fiscalDateEnding": "2021-10-02"
  },
  {
    "date": "2021-07-29",
    "symbol": "TXT",
    "eps": 0.81,
    "epsEstimated": 0.65,
    "time": "bmo",
    "revenue": 3191000000,
    "revenueEstimated": 2967190000,
    "updatedFromDate": "2025-09-19",
    "fiscalDateEnding": "2021-07-03"
  },
  {
    "date": "2021-04-29",
    "symbol": "TXT",
    "eps": 0.7,
    "epsEstimated": 0.47,
    "time": "bmo",
    "revenue": 2879000000,
    "revenueEstimated": 2753840000,
    "updatedFromDate": "2025-09-19",
    "fiscalDateEnding": "2021-04-03"
  },
  {
    "date": "2021-01-27",
    "symbol": "TXT",
    "eps": 1.06,
    "epsEstimated": 0.91,
    "time": "bmo",
    "revenue": 3667000000,
    "revenueEstimated": null,
    "updatedFromDate": "2025-09-19",
    "fiscalDateEnding": "2021-01-02"
  },
  {
    "date": "2020-10-29",
    "symbol": "TXT",
    "eps": 0.53,
    "epsEstimated": 0.35,
    "time": "bmo",
    "revenue": 2735000000,
    "revenueEstimated": 1857735849,
    "updatedFromDate": "2025-09-19",
    "fiscalDateEnding": "2020-10-03"
  },
  {
    "date": "2020-07-30",
    "symbol": "TXT",
    "eps": 0.13,
    "epsEstimated": -0.15,
    "time": "bmo",
    "revenue": 2472000000,
    "revenueEstimated": 1521230769,
    "updatedFromDate": "2025-09-19",
    "fiscalDateEnding": "2020-07-04"
  },
  {
    "date": "2020-04-30",
    "symbol": "TXT",
    "eps": 0.35,
    "epsEstimated": 0.46,
    "time": "bmo",
    "revenue": 2777000000,
    "revenueEstimated": 3729114285,
    "updatedFromDate": "2025-09-19",
    "fiscalDateEnding": "2020-04-04"
  },
  {
    "date": "2020-01-29",
    "symbol": "TXT",
    "eps": 1.11,
    "epsEstimated": 1.09,
    "time": "bmo",
    "revenue": 4035000000,
    "revenueEstimated": 3962297297,
    "updatedFromDate": "2025-09-19",
    "fiscalDateEnding": "2020-01-04"
  },
  {
    "date": "2019-10-17",
    "symbol": "TXT",
    "eps": 0.95,
    "epsEstimated": 0.85,
    "time": "bmo",
    "revenue": 3259000000,
    "revenueEstimated": 2915947368,
    "updatedFromDate": "2025-09-19",
    "fiscalDateEnding": "2019-09-28"
  },
  {
    "date": "2019-07-17",
    "symbol": "TXT",
    "eps": 0.93,
    "epsEstimated": 0.86,
    "time": "bmo",
    "revenue": 3227000000,
    "revenueEstimated": 2984107526,
    "updatedFromDate": "2025-09-19",
    "fiscalDateEnding": "2019-06-29"
  },
  {
    "date": "2019-04-17",
    "symbol": "TXT",
    "eps": 0.76,
    "epsEstimated": 0.68,
    "time": "bmo",
    "revenue": 3109000000,
    "revenueEstimated": 2781736842,
    "updatedFromDate": "2025-09-19",
    "fiscalDateEnding": "2019-03-30"
  },
  {
    "date": "2019-01-24",
    "symbol": "TXT",
    "eps": 1.15,
    "epsEstimated": 0.98,
    "time": "bmo",
    "revenue": 3750000000,
    "revenueEstimated": 3195652173,
    "updatedFromDate": "2025-09-19",
    "fiscalDateEnding": "2018-12-29"
  },
  {
    "date": "2018-10-18",
    "symbol": "TXT",
    "eps": 0.61,
    "epsEstimated": 0.76,
    "time": "bmo",
    "revenue": 3200000000,
    "revenueEstimated": 3986885245,
    "updatedFromDate": "2025-09-19",
    "fiscalDateEnding": "2018-09-29"
  },
  {
    "date": "2018-07-18",
    "symbol": "TXT",
    "eps": 0.87,
    "epsEstimated": 0.7,
    "time": "bmo",
    "revenue": 3726000000,
    "revenueEstimated": 2997931034,
    "updatedFromDate": "2025-09-19",
    "fiscalDateEnding": "2018-06-30"
  },
  {
    "date": "2018-04-18",
    "symbol": "TXT",
    "eps": 0.72,
    "epsEstimated": 0.48,
    "time": "bmo",
    "revenue": 3280000000,
    "revenueEstimated": 2197333333,
    "updatedFromDate": "2025-09-19",
    "fiscalDateEnding": "2018-03-31"
  },
  {
    "date": "2018-01-31",
    "symbol": "TXT",
    "eps": 0.74,
    "epsEstimated": 0.77,
    "time": "bmo",
    "revenue": 4017000000,
    "revenueEstimated": 4179851351,
    "updatedFromDate": "2025-09-19",
    "fiscalDateEnding": "2017-12-30"
  },
  {
    "date": "2017-10-19",
    "symbol": "TXT",
    "eps": 0.65,
    "epsEstimated": 0.62,
    "time": "bmo",
    "revenue": 3484000000,
    "revenueEstimated": 3323200000,
    "updatedFromDate": "2025-09-19",
    "fiscalDateEnding": "2017-09-30"
  },
  {
    "date": "2017-07-19",
    "symbol": "TXT",
    "eps": 0.6,
    "epsEstimated": 0.55,
    "time": "bmo",
    "revenue": 3604000000,
    "revenueEstimated": 3303666666,
    "updatedFromDate": "2025-09-19",
    "fiscalDateEnding": "2017-07-01"
  },
  {
    "date": "2017-04-19",
    "symbol": "TXT",
    "eps": 0.46,
    "epsEstimated": 0.45,
    "time": "bmo",
    "revenue": 3093000000,
    "revenueEstimated": 3025760869,
    "updatedFromDate": "2025-09-19",
    "fiscalDateEnding": "2017-04-01"
  },
  {
    "date": "2017-01-25",
    "symbol": "TXT",
    "eps": 0.8,
    "epsEstimated": 0.87,
    "time": "bmo",
    "revenue": 3825000000,
    "revenueEstimated": 4159687499,
    "updatedFromDate": "2025-09-19",
    "fiscalDateEnding": "2016-12-31"
  },
  {
    "date": "2016-10-20",
    "symbol": "TXT",
    "eps": 1.1,
    "epsEstimated": 1.06,
    "time": "bmo",
    "revenue": 3251000000,
    "revenueEstimated": 5649278688,
    "updatedFromDate": "2025-09-19",
    "fiscalDateEnding": "2016-10-01"
  },
  {
    "date": "2016-07-22",
    "symbol": "TXT",
    "eps": 0.66,
    "epsEstimated": 0.64,
    "time": "bmo",
    "revenue": 3511000000,
    "revenueEstimated": 3404606060,
    "updatedFromDate": "2025-09-19",
    "fiscalDateEnding": "2016-07-02"
  }
]