[
  {
    "date": "2026-04-21",
    "symbol": "TYL",
    "eps": null,
    "epsEstimated": null,
    "time": "amc",
    "revenue": null,
    "revenueEstimated": null,
    "updatedFromDate": "2025-10-02",
    "fiscalDateEnding": "2026-03-30"
  },
  {
    "date": "2026-02-10",
    "symbol": "TYL",
    "eps": null,
    "epsEstimated": null,
    "time": "amc",
    "revenue": null,
    "revenueEstimated": null,
    "updatedFromDate": "2025-10-02",
    "fiscalDateEnding": "2025-12-30"
  },
  {
    "date": "2025-10-22",
    "symbol": "TYL",
    "eps": null,
    "epsEstimated": 2.88,
    "time": "bmo",
    "revenue": null,
    "revenueEstimated": null,
    "updatedFromDate": "2025-10-02",
    "fiscalDateEnding": "2025-09-30"
  },
  {
    "date": "2025-07-30",
    "symbol": "TYL",
    "eps": 2.91,
    "epsEstimated": 2.77,
    "time": "amc",
    "revenue": 596117000,
    "revenueEstimated": 587578400,
    "updatedFromDate": "2025-10-02",
    "fiscalDateEnding": "2025-06-30"
  },
  {
    "date": "2025-04-23",
    "symbol": "TYL",
    "eps": 2.78,
    "epsEstimated": 2.56,
    "time": "amc",
    "revenue": 565165000,
    "revenueEstimated": 556764925,
    "updatedFromDate": "2025-07-23",
    "fiscalDateEnding": "2025-03-31"
  },
  {
    "date": "2025-02-12",
    "symbol": "TYL",
    "eps": 2.43,
    "epsEstimated": 2.44,
    "time": "amc",
    "revenue": 541131000,
    "revenueEstimated": 540712260,
    "updatedFromDate": "2025-05-12",
    "fiscalDateEnding": "2024-12-31"
  },
  {
    "date": "2024-10-23",
    "symbol": "TYL",
    "eps": 2.52,
    "epsEstimated": 2.46,
    "time": "amc",
    "revenue": 543337000,
    "revenueEstimated": 546023647,
    "updatedFromDate": "2025-04-25",
    "fiscalDateEnding": "2024-09-30"
  },
  {
    "date": "2024-07-24",
    "symbol": "TYL",
    "eps": 2.4,
    "epsEstimated": 2.3,
    "time": "amc",
    "revenue": 540976000,
    "revenueEstimated": 541006331,
    "updatedFromDate": "2025-04-25",
    "fiscalDateEnding": "2024-06-30"
  },
  {
    "date": "2024-04-24",
    "symbol": "TYL",
    "eps": 2.2,
    "epsEstimated": 2.04,
    "time": "amc",
    "revenue": 512359000,
    "revenueEstimated": 508274125,
    "updatedFromDate": "2025-04-25",
    "fiscalDateEnding": "2024-03-31"
  },
  {
    "date": "2024-02-14",
    "symbol": "TYL",
    "eps": 1.89,
    "epsEstimated": 1.86,
    "time": "amc",
    "revenue": 480935000,
    "revenueEstimated": 484690000,
    "updatedFromDate": "2025-04-25",
    "fiscalDateEnding": "2023-12-31"
  },
  {
    "date": "2023-11-01",
    "symbol": "TYL",
    "eps": 2.14,
    "epsEstimated": 1.97,
    "time": "amc",
    "revenue": 494684000,
    "revenueEstimated": 495850000,
    "updatedFromDate": "2025-04-25",
    "fiscalDateEnding": "2023-09-30"
  },
  {
    "date": "2023-07-26",
    "symbol": "TYL",
    "eps": 2.01,
    "epsEstimated": 1.86,
    "time": "amc",
    "revenue": 504279000,
    "revenueEstimated": 504279000,
    "updatedFromDate": "2025-04-25",
    "fiscalDateEnding": "2023-06-30"
  },
  {
    "date": "2023-04-26",
    "symbol": "TYL",
    "eps": 1.76,
    "epsEstimated": 1.71,
    "time": "amc",
    "revenue": 471853000,
    "revenueEstimated": 492430000,
    "updatedFromDate": "2025-04-25",
    "fiscalDateEnding": "2023-03-31"
  },
  {
    "date": "2023-02-15",
    "symbol": "TYL",
    "eps": 1.66,
    "epsEstimated": 1.74,
    "time": "amc",
    "revenue": 452220000,
    "revenueEstimated": 454615603,
    "updatedFromDate": "2025-04-25",
    "fiscalDateEnding": "2022-12-31"
  },
  {
    "date": "2022-10-26",
    "symbol": "TYL",
    "eps": 2.06,
    "epsEstimated": 1.87,
    "time": "amc",
    "revenue": 473191000,
    "revenueEstimated": 470787538,
    "updatedFromDate": "2025-04-25",
    "fiscalDateEnding": "2022-09-30"
  },
  {
    "date": "2022-07-27",
    "symbol": "TYL",
    "eps": 1.88,
    "epsEstimated": 1.83,
    "time": "amc",
    "revenue": 468685000,
    "revenueEstimated": 460068318,
    "updatedFromDate": "2025-04-25",
    "fiscalDateEnding": "2022-06-30"
  },
  {
    "date": "2022-04-27",
    "symbol": "TYL",
    "eps": 1.9,
    "epsEstimated": 1.77,
    "time": "amc",
    "revenue": 456108000,
    "revenueEstimated": 433272154,
    "updatedFromDate": "2025-04-25",
    "fiscalDateEnding": "2022-03-31"
  },
  {
    "date": "2022-02-16",
    "symbol": "TYL",
    "eps": 1.75,
    "epsEstimated": 1.74,
    "time": "amc",
    "revenue": 433537000,
    "revenueEstimated": 432667909,
    "updatedFromDate": "2025-04-25",
    "fiscalDateEnding": "2021-12-31"
  },
  {
    "date": "2021-10-27",
    "symbol": "TYL",
    "eps": 2.01,
    "epsEstimated": 1.74,
    "time": "amc",
    "revenue": 459873000,
    "revenueEstimated": 425990000,
    "updatedFromDate": "2025-04-25",
    "fiscalDateEnding": "2021-09-30"
  },
  {
    "date": "2021-07-28",
    "symbol": "TYL",
    "eps": 1.83,
    "epsEstimated": 1.65,
    "time": "amc",
    "revenue": 404075000,
    "revenueEstimated": 425990000,
    "updatedFromDate": "2025-04-25",
    "fiscalDateEnding": "2021-06-30"
  },
  {
    "date": "2021-04-28",
    "symbol": "TYL",
    "eps": 1.43,
    "epsEstimated": 1.31,
    "time": "amc",
    "revenue": 294802000,
    "revenueEstimated": 288910000,
    "updatedFromDate": "2025-04-25",
    "fiscalDateEnding": "2021-03-31"
  },
  {
    "date": "2021-02-10",
    "symbol": "TYL",
    "eps": 1.39,
    "epsEstimated": 1.42,
    "time": "amc",
    "revenue": 283285000,
    "revenueEstimated": 291480000,
    "updatedFromDate": "2025-04-25",
    "fiscalDateEnding": "2020-12-31"
  },
  {
    "date": "2020-11-04",
    "symbol": "TYL",
    "eps": 1.5,
    "epsEstimated": 1.34,
    "time": "amc",
    "revenue": 285746000,
    "revenueEstimated": 253361453,
    "updatedFromDate": "2025-04-25",
    "fiscalDateEnding": "2020-09-30"
  },
  {
    "date": "2020-07-29",
    "symbol": "TYL",
    "eps": 1.38,
    "epsEstimated": 1.2,
    "time": "amc",
    "revenue": 271091000,
    "revenueEstimated": 235731304,
    "updatedFromDate": "2025-04-25",
    "fiscalDateEnding": "2020-06-30"
  },
  {
    "date": "2020-04-29",
    "symbol": "TYL",
    "eps": 1.25,
    "epsEstimated": 1.25,
    "time": "amc",
    "revenue": 276541000,
    "revenueEstimated": 276541000,
    "updatedFromDate": "2025-04-25",
    "fiscalDateEnding": "2020-03-31"
  },
  {
    "date": "2020-02-12",
    "symbol": "TYL",
    "eps": 1.43,
    "epsEstimated": 1.43,
    "time": "amc",
    "revenue": 288837000,
    "revenueEstimated": 288837000,
    "updatedFromDate": "2025-04-25",
    "fiscalDateEnding": "2019-12-31"
  },
  {
    "date": "2019-10-30",
    "symbol": "TYL",
    "eps": 1.35,
    "epsEstimated": 1.36,
    "time": "amc",
    "revenue": 275400000,
    "revenueEstimated": 277440000,
    "updatedFromDate": "2025-04-25",
    "fiscalDateEnding": "2019-09-30"
  },
  {
    "date": "2019-07-31",
    "symbol": "TYL",
    "eps": 1.3,
    "epsEstimated": 1.3,
    "time": "amc",
    "revenue": 275124000,
    "revenueEstimated": 273007661,
    "updatedFromDate": "2025-04-25",
    "fiscalDateEnding": "2019-06-30"
  },
  {
    "date": "2019-05-01",
    "symbol": "TYL",
    "eps": 1.22,
    "epsEstimated": 1.22,
    "time": "amc",
    "revenue": 247066000,
    "revenueEstimated": 247066000,
    "updatedFromDate": "2025-04-25",
    "fiscalDateEnding": "2019-03-31"
  },
  {
    "date": "2019-02-20",
    "symbol": "TYL",
    "eps": 1.26,
    "epsEstimated": 1.26,
    "time": "amc",
    "revenue": 241981000,
    "revenueEstimated": 241981000,
    "updatedFromDate": "2025-04-25",
    "fiscalDateEnding": "2018-12-31"
  },
  {
    "date": "2018-10-31",
    "symbol": "TYL",
    "eps": 1.23,
    "epsEstimated": 1.23,
    "time": "amc",
    "revenue": 236067000,
    "revenueEstimated": 236100000,
    "updatedFromDate": "2025-04-25",
    "fiscalDateEnding": "2018-09-30"
  },
  {
    "date": "2018-07-26",
    "symbol": "TYL",
    "eps": 1.18,
    "epsEstimated": 1.13,
    "time": "amc",
    "revenue": 236060000,
    "revenueEstimated": 226095762,
    "updatedFromDate": "2025-04-25",
    "fiscalDateEnding": "2018-06-30"
  },
  {
    "date": "2018-05-02",
    "symbol": "TYL",
    "eps": 1.13,
    "epsEstimated": 1.12,
    "time": "amc",
    "revenue": 221174000,
    "revenueEstimated": 219242477,
    "updatedFromDate": "2025-04-25",
    "fiscalDateEnding": "2018-03-31"
  },
  {
    "date": "2018-02-21",
    "symbol": "TYL",
    "eps": 1.07,
    "epsEstimated": 1.04,
    "time": "amc",
    "revenue": 217851000,
    "revenueEstimated": 211596261,
    "updatedFromDate": "2025-04-25",
    "fiscalDateEnding": "2017-12-31"
  },
  {
    "date": "2017-10-25",
    "symbol": "TYL",
    "eps": 1.05,
    "epsEstimated": 1.02,
    "time": "amc",
    "revenue": 214146000,
    "revenueEstimated": 208565714,
    "updatedFromDate": "2025-04-25",
    "fiscalDateEnding": "2017-09-30"
  },
  {
    "date": "2017-07-26",
    "symbol": "TYL",
    "eps": 0.91,
    "epsEstimated": 0.94,
    "time": "amc",
    "revenue": 209123000,
    "revenueEstimated": 215683516,
    "updatedFromDate": "2025-04-25",
    "fiscalDateEnding": "2017-06-30"
  },
  {
    "date": "2017-04-26",
    "symbol": "TYL",
    "eps": 0.9,
    "epsEstimated": 0.88,
    "time": "amc",
    "revenue": 199542000,
    "revenueEstimated": 195262222,
    "updatedFromDate": "2025-04-25",
    "fiscalDateEnding": "2017-03-31"
  },
  {
    "date": "2017-02-08",
    "symbol": "TYL",
    "eps": 0.9,
    "epsEstimated": 0.88,
    "time": "amc",
    "revenue": 193281000,
    "revenueEstimated": 192720000,
    "updatedFromDate": "2025-04-25",
    "fiscalDateEnding": "2016-12-31"
  },
  {
    "date": "2016-10-26",
    "symbol": "TYL",
    "eps": 0.94,
    "epsEstimated": 0.9,
    "time": "amc",
    "revenue": 194497000,
    "revenueEstimated": 186223404,
    "updatedFromDate": "2025-04-25",
    "fiscalDateEnding": "2016-09-30"
  },
  {
    "date": "2016-07-27",
    "symbol": "TYL",
    "eps": 0.87,
    "epsEstimated": 0.83,
    "time": "amc",
    "revenue": 188972000,
    "revenueEstimated": 182482758,
    "updatedFromDate": "2025-04-25",
    "fiscalDateEnding": "2016-06-30"
  }
]