[
  {
    "date": "2026-04-13",
    "symbol": "UAL",
    "eps": null,
    "epsEstimated": null,
    "time": "amc",
    "revenue": null,
    "revenueEstimated": null,
    "updatedFromDate": "2025-10-01",
    "fiscalDateEnding": "2026-03-30"
  },
  {
    "date": "2026-01-19",
    "symbol": "UAL",
    "eps": null,
    "epsEstimated": null,
    "time": "amc",
    "revenue": null,
    "revenueEstimated": null,
    "updatedFromDate": "2025-10-01",
    "fiscalDateEnding": "2025-12-30"
  },
  {
    "date": "2025-10-15",
    "symbol": "UAL",
    "eps": null,
    "epsEstimated": 2.64,
    "time": "amc",
    "revenue": null,
    "revenueEstimated": 15312517850,
    "updatedFromDate": "2025-10-01",
    "fiscalDateEnding": "2025-09-30"
  },
  {
    "date": "2025-07-16",
    "symbol": "UAL",
    "eps": 3.87,
    "epsEstimated": 3.81,
    "time": "amc",
    "revenue": 15236000000,
    "revenueEstimated": 15358247293,
    "updatedFromDate": "2025-10-01",
    "fiscalDateEnding": "2025-06-30"
  },
  {
    "date": "2025-04-15",
    "symbol": "UAL",
    "eps": 0.91,
    "epsEstimated": 0.75,
    "time": "amc",
    "revenue": 13212000000,
    "revenueEstimated": 13230865276,
    "updatedFromDate": "2025-07-15",
    "fiscalDateEnding": "2025-03-31"
  },
  {
    "date": "2025-01-21",
    "symbol": "UAL",
    "eps": 3.26,
    "epsEstimated": 2.89,
    "time": "amc",
    "revenue": 14695000000,
    "revenueEstimated": 14406031231,
    "updatedFromDate": "2025-04-25",
    "fiscalDateEnding": "2024-12-31"
  },
  {
    "date": "2024-10-15",
    "symbol": "UAL",
    "eps": 3.33,
    "epsEstimated": 3.17,
    "time": "amc",
    "revenue": 14843000000,
    "revenueEstimated": 14774203060,
    "updatedFromDate": "2025-04-25",
    "fiscalDateEnding": "2024-09-30"
  },
  {
    "date": "2024-07-17",
    "symbol": "UAL",
    "eps": 4.14,
    "epsEstimated": 3.93,
    "time": "amc",
    "revenue": 14986000000,
    "revenueEstimated": 15038857490,
    "updatedFromDate": "2025-04-25",
    "fiscalDateEnding": "2024-06-30"
  },
  {
    "date": "2024-04-16",
    "symbol": "UAL",
    "eps": -0.15,
    "epsEstimated": -0.54184,
    "time": "amc",
    "revenue": 12539000000,
    "revenueEstimated": 12449776382,
    "updatedFromDate": "2025-04-25",
    "fiscalDateEnding": "2024-03-31"
  },
  {
    "date": "2024-01-22",
    "symbol": "UAL",
    "eps": 2,
    "epsEstimated": 1.69,
    "time": "amc",
    "revenue": 13626000000,
    "revenueEstimated": 13541100000,
    "updatedFromDate": "2025-04-25",
    "fiscalDateEnding": "2023-12-31"
  },
  {
    "date": "2023-10-17",
    "symbol": "UAL",
    "eps": 3.65,
    "epsEstimated": 3.35,
    "time": "amc",
    "revenue": 14484000000,
    "revenueEstimated": 13549700000,
    "updatedFromDate": "2025-04-25",
    "fiscalDateEnding": "2023-09-30"
  },
  {
    "date": "2023-07-19",
    "symbol": "UAL",
    "eps": 5.03,
    "epsEstimated": 3.99,
    "time": "amc",
    "revenue": 14178000000,
    "revenueEstimated": 14114600000,
    "updatedFromDate": "2025-04-25",
    "fiscalDateEnding": "2023-06-30"
  },
  {
    "date": "2023-04-18",
    "symbol": "UAL",
    "eps": -0.63,
    "epsEstimated": -0.73,
    "time": "amc",
    "revenue": 11429000000,
    "revenueEstimated": 11423400000,
    "updatedFromDate": "2025-04-25",
    "fiscalDateEnding": "2023-03-31"
  },
  {
    "date": "2023-01-17",
    "symbol": "UAL",
    "eps": 2.46,
    "epsEstimated": 2.1,
    "time": "amc",
    "revenue": 12400000000,
    "revenueEstimated": 12229020288,
    "updatedFromDate": "2025-04-25",
    "fiscalDateEnding": "2022-12-31"
  },
  {
    "date": "2022-10-18",
    "symbol": "UAL",
    "eps": 2.81,
    "epsEstimated": 2.28,
    "time": "amc",
    "revenue": 12877000000,
    "revenueEstimated": 12743130445,
    "updatedFromDate": "2025-04-25",
    "fiscalDateEnding": "2022-09-30"
  },
  {
    "date": "2022-07-20",
    "symbol": "UAL",
    "eps": 1.43,
    "epsEstimated": 1.86,
    "time": "amc",
    "revenue": 12112000000,
    "revenueEstimated": 12122748342,
    "updatedFromDate": "2025-04-25",
    "fiscalDateEnding": "2022-06-30"
  },
  {
    "date": "2022-04-20",
    "symbol": "UAL",
    "eps": -4.24,
    "epsEstimated": -4.19,
    "time": "amc",
    "revenue": 7566000000,
    "revenueEstimated": 7668542907,
    "updatedFromDate": "2025-04-25",
    "fiscalDateEnding": "2022-03-31"
  },
  {
    "date": "2022-01-19",
    "symbol": "UAL",
    "eps": -1.6,
    "epsEstimated": -2.23,
    "time": "amc",
    "revenue": 8192000000,
    "revenueEstimated": 7483660000,
    "updatedFromDate": "2025-04-25",
    "fiscalDateEnding": "2021-12-31"
  },
  {
    "date": "2021-10-19",
    "symbol": "UAL",
    "eps": -1.02,
    "epsEstimated": -1.65,
    "time": "amc",
    "revenue": 7750000000,
    "revenueEstimated": 8555850000,
    "updatedFromDate": "2025-04-25",
    "fiscalDateEnding": "2021-09-30"
  },
  {
    "date": "2021-07-20",
    "symbol": "UAL",
    "eps": -3.91,
    "epsEstimated": -4.17,
    "time": "amc",
    "revenue": 5471000000,
    "revenueEstimated": 8569370000,
    "updatedFromDate": "2025-04-25",
    "fiscalDateEnding": "2021-06-30"
  },
  {
    "date": "2021-04-19",
    "symbol": "UAL",
    "eps": -7.5,
    "epsEstimated": -6.97,
    "time": "amc",
    "revenue": 3221000000,
    "revenueEstimated": 3289030000,
    "updatedFromDate": "2025-04-25",
    "fiscalDateEnding": "2021-03-31"
  },
  {
    "date": "2021-01-20",
    "symbol": "UAL",
    "eps": -7,
    "epsEstimated": -6.56,
    "time": "amc",
    "revenue": 3412000000,
    "revenueEstimated": 3227012048,
    "updatedFromDate": "2025-04-25",
    "fiscalDateEnding": "2020-12-31"
  },
  {
    "date": "2020-10-14",
    "symbol": "UAL",
    "eps": -8.16,
    "epsEstimated": -7.63,
    "time": "amc",
    "revenue": 2489000000,
    "revenueEstimated": 54444852,
    "updatedFromDate": "2025-04-25",
    "fiscalDateEnding": "2020-09-30"
  },
  {
    "date": "2020-07-21",
    "symbol": "UAL",
    "eps": -9.31,
    "epsEstimated": -9.13,
    "time": "amc",
    "revenue": 1475000000,
    "revenueEstimated": 1429054779,
    "updatedFromDate": "2025-04-25",
    "fiscalDateEnding": "2020-06-30"
  },
  {
    "date": "2020-04-30",
    "symbol": "UAL",
    "eps": -2.57,
    "epsEstimated": -3.25,
    "time": "amc",
    "revenue": 7979000000,
    "revenueEstimated": 10773202334,
    "updatedFromDate": "2025-04-25",
    "fiscalDateEnding": "2020-03-31"
  },
  {
    "date": "2020-01-21",
    "symbol": "UAL",
    "eps": 2.67,
    "epsEstimated": 2.65,
    "time": "amc",
    "revenue": 10888000000,
    "revenueEstimated": 10806441947,
    "updatedFromDate": "2025-04-25",
    "fiscalDateEnding": "2019-12-31"
  },
  {
    "date": "2019-10-15",
    "symbol": "UAL",
    "eps": 4.07,
    "epsEstimated": 3.97,
    "time": "amc",
    "revenue": 11380000000,
    "revenueEstimated": 11100393120,
    "updatedFromDate": "2025-04-25",
    "fiscalDateEnding": "2019-09-30"
  },
  {
    "date": "2019-07-16",
    "symbol": "UAL",
    "eps": 4.21,
    "epsEstimated": 4.09,
    "time": "amc",
    "revenue": 11402000000,
    "revenueEstimated": 11077002375,
    "updatedFromDate": "2025-04-25",
    "fiscalDateEnding": "2019-06-30"
  },
  {
    "date": "2019-04-16",
    "symbol": "UAL",
    "eps": 1.15,
    "epsEstimated": 0.95,
    "time": "amc",
    "revenue": 9589000000,
    "revenueEstimated": 7921347826,
    "updatedFromDate": "2025-04-25",
    "fiscalDateEnding": "2019-03-31"
  },
  {
    "date": "2019-01-15",
    "symbol": "UAL",
    "eps": 2.41,
    "epsEstimated": 1.86,
    "time": "amc",
    "revenue": 10491000000,
    "revenueEstimated": 8880348547,
    "updatedFromDate": "2025-04-25",
    "fiscalDateEnding": "2018-12-31"
  },
  {
    "date": "2018-10-16",
    "symbol": "UAL",
    "eps": 3.06,
    "epsEstimated": 3.07,
    "time": "amc",
    "revenue": 11003000000,
    "revenueEstimated": 11038957516,
    "updatedFromDate": "2025-04-25",
    "fiscalDateEnding": "2018-09-30"
  },
  {
    "date": "2018-07-17",
    "symbol": "UAL",
    "eps": 3.23,
    "epsEstimated": 3.07,
    "time": "amc",
    "revenue": 10777000000,
    "revenueEstimated": 10243154798,
    "updatedFromDate": "2025-04-25",
    "fiscalDateEnding": "2018-06-30"
  },
  {
    "date": "2018-04-17",
    "symbol": "UAL",
    "eps": 0.5,
    "epsEstimated": 0.43,
    "time": "amc",
    "revenue": 9032000000,
    "revenueEstimated": 7948160000,
    "updatedFromDate": "2025-04-25",
    "fiscalDateEnding": "2018-03-31"
  },
  {
    "date": "2018-01-23",
    "symbol": "UAL",
    "eps": 1.4,
    "epsEstimated": 1.34,
    "time": "amc",
    "revenue": 9438000000,
    "revenueEstimated": 9045957142,
    "updatedFromDate": "2025-04-25",
    "fiscalDateEnding": "2017-12-31"
  },
  {
    "date": "2017-10-18",
    "symbol": "UAL",
    "eps": 2.22,
    "epsEstimated": 2.16,
    "time": "amc",
    "revenue": 9899000000,
    "revenueEstimated": 9631459459,
    "updatedFromDate": "2025-04-25",
    "fiscalDateEnding": "2017-09-30"
  },
  {
    "date": "2017-07-18",
    "symbol": "UAL",
    "eps": 2.75,
    "epsEstimated": 2.67,
    "time": "amc",
    "revenue": 10008000000,
    "revenueEstimated": 9716858181,
    "updatedFromDate": "2025-04-25",
    "fiscalDateEnding": "2017-06-30"
  },
  {
    "date": "2017-04-17",
    "symbol": "UAL",
    "eps": 0.4,
    "epsEstimated": 0.37,
    "time": "amc",
    "revenue": 8426000000,
    "revenueEstimated": 7809463414,
    "updatedFromDate": "2025-04-25",
    "fiscalDateEnding": "2017-03-31"
  },
  {
    "date": "2017-01-17",
    "symbol": "UAL",
    "eps": 1.78,
    "epsEstimated": 1.65,
    "time": "amc",
    "revenue": 9052000000,
    "revenueEstimated": 8797730337,
    "updatedFromDate": "2025-04-25",
    "fiscalDateEnding": "2016-12-31"
  },
  {
    "date": "2016-10-17",
    "symbol": "UAL",
    "eps": 3.11,
    "epsEstimated": 3.06,
    "time": "amc",
    "revenue": 9913000000,
    "revenueEstimated": 9753627009,
    "updatedFromDate": "2025-04-25",
    "fiscalDateEnding": "2016-09-30"
  },
  {
    "date": "2016-07-19",
    "symbol": "UAL",
    "eps": 2.61,
    "epsEstimated": 2.57,
    "time": "amc",
    "revenue": 9396000000,
    "revenueEstimated": 9216000000,
    "updatedFromDate": "2025-04-25",
    "fiscalDateEnding": "2016-06-30"
  }
]