[
  {
    "date": "2026-05-05",
    "symbol": "UBER",
    "eps": null,
    "epsEstimated": null,
    "time": "bmo",
    "revenue": null,
    "revenueEstimated": null,
    "updatedFromDate": "2025-10-02",
    "fiscalDateEnding": "2026-03-30"
  },
  {
    "date": "2026-02-03",
    "symbol": "UBER",
    "eps": null,
    "epsEstimated": null,
    "time": "bmo",
    "revenue": null,
    "revenueEstimated": null,
    "updatedFromDate": "2025-10-02",
    "fiscalDateEnding": "2025-12-30"
  },
  {
    "date": "2025-10-30",
    "symbol": "UBER",
    "eps": null,
    "epsEstimated": 0.67,
    "time": "bmo",
    "revenue": null,
    "revenueEstimated": 13251492360,
    "updatedFromDate": "2025-10-02",
    "fiscalDateEnding": "2025-09-30"
  },
  {
    "date": "2025-08-06",
    "symbol": "UBER",
    "eps": 0.63,
    "epsEstimated": 0.629,
    "time": "bmo",
    "revenue": 12651000000,
    "revenueEstimated": 12471176933,
    "updatedFromDate": "2025-10-02",
    "fiscalDateEnding": "2025-06-30"
  },
  {
    "date": "2025-05-07",
    "symbol": "UBER",
    "eps": 0.83,
    "epsEstimated": 0.508,
    "time": "bmo",
    "revenue": 11533000000,
    "revenueEstimated": 11630810416,
    "updatedFromDate": "2025-08-06",
    "fiscalDateEnding": "2025-03-31"
  },
  {
    "date": "2025-02-05",
    "symbol": "UBER",
    "eps": 3.21,
    "epsEstimated": 0.5,
    "time": "bmo",
    "revenue": 11959000000,
    "revenueEstimated": 11756215257,
    "updatedFromDate": "2025-07-17",
    "fiscalDateEnding": "2024-12-31"
  },
  {
    "date": "2024-10-31",
    "symbol": "UBER",
    "eps": 1.2,
    "epsEstimated": 0.41,
    "time": "bmo",
    "revenue": 11188000000,
    "revenueEstimated": 10994490198,
    "updatedFromDate": "2025-07-17",
    "fiscalDateEnding": "2024-09-30"
  },
  {
    "date": "2024-08-06",
    "symbol": "UBER",
    "eps": 0.47,
    "epsEstimated": 0.31,
    "time": "bmo",
    "revenue": 10700000000,
    "revenueEstimated": 10568275713,
    "updatedFromDate": "2025-07-17",
    "fiscalDateEnding": "2024-06-30"
  },
  {
    "date": "2024-05-08",
    "symbol": "UBER",
    "eps": -0.32,
    "epsEstimated": 0.2203,
    "time": "bmo",
    "revenue": 10131000000,
    "revenueEstimated": 10094869025,
    "updatedFromDate": "2025-07-17",
    "fiscalDateEnding": "2024-03-31"
  },
  {
    "date": "2024-02-07",
    "symbol": "UBER",
    "eps": 0.66,
    "epsEstimated": 0.17,
    "time": "bmo",
    "revenue": 9936000000,
    "revenueEstimated": 9755682515,
    "updatedFromDate": "2025-07-17",
    "fiscalDateEnding": "2023-12-31"
  },
  {
    "date": "2023-11-07",
    "symbol": "UBER",
    "eps": 0.1,
    "epsEstimated": 0.12,
    "time": "bmo",
    "revenue": 9292000000,
    "revenueEstimated": 8987100000,
    "updatedFromDate": "2024-12-19",
    "fiscalDateEnding": "2023-09-30"
  },
  {
    "date": "2023-08-01",
    "symbol": "UBER",
    "eps": 0.18,
    "epsEstimated": 0.00887,
    "time": "bmo",
    "revenue": 9230000000,
    "revenueEstimated": 9334270000,
    "updatedFromDate": "2025-07-17",
    "fiscalDateEnding": "2023-06-30"
  },
  {
    "date": "2023-05-02",
    "symbol": "UBER",
    "eps": -0.08,
    "epsEstimated": -0.1,
    "time": "bmo",
    "revenue": 8823000000,
    "revenueEstimated": 8722640000,
    "updatedFromDate": "2024-12-19",
    "fiscalDateEnding": "2023-03-31"
  },
  {
    "date": "2023-02-08",
    "symbol": "UBER",
    "eps": 0.29,
    "epsEstimated": -0.18,
    "time": "bmo",
    "revenue": 8607000000,
    "revenueEstimated": 8513263515,
    "updatedFromDate": "2024-12-19",
    "fiscalDateEnding": "2022-12-31"
  },
  {
    "date": "2022-11-01",
    "symbol": "UBER",
    "eps": -0.61,
    "epsEstimated": -0.17,
    "time": "bmo",
    "revenue": 8343000000,
    "revenueEstimated": 8109405425,
    "updatedFromDate": "2025-07-17",
    "fiscalDateEnding": "2022-09-30"
  },
  {
    "date": "2022-08-02",
    "symbol": "UBER",
    "eps": -1.33,
    "epsEstimated": -0.25,
    "time": "bmo",
    "revenue": 8073000000,
    "revenueEstimated": 7383744903,
    "updatedFromDate": "2025-07-17",
    "fiscalDateEnding": "2022-06-30"
  },
  {
    "date": "2022-05-04",
    "symbol": "UBER",
    "eps": -3.04,
    "epsEstimated": -0.27,
    "time": "amc",
    "revenue": 6854000000,
    "revenueEstimated": 6094690494,
    "updatedFromDate": "2025-07-17",
    "fiscalDateEnding": "2022-03-31"
  },
  {
    "date": "2022-02-09",
    "symbol": "UBER",
    "eps": 0.44,
    "epsEstimated": -0.33,
    "time": "amc",
    "revenue": 5778000000,
    "revenueEstimated": 5369571596,
    "updatedFromDate": "2024-12-19",
    "fiscalDateEnding": "2021-12-31"
  },
  {
    "date": "2021-11-04",
    "symbol": "UBER",
    "eps": -1.28,
    "epsEstimated": -0.37,
    "time": "amc",
    "revenue": 4845000000,
    "revenueEstimated": 4448050000,
    "updatedFromDate": "2024-12-19",
    "fiscalDateEnding": "2021-09-30"
  },
  {
    "date": "2021-08-04",
    "symbol": "UBER",
    "eps": 0.61,
    "epsEstimated": -0.53,
    "time": "amc",
    "revenue": 3929000000,
    "revenueEstimated": 3746660000,
    "updatedFromDate": "2024-12-19",
    "fiscalDateEnding": "2021-06-30"
  },
  {
    "date": "2021-05-05",
    "symbol": "UBER",
    "eps": -0.05,
    "epsEstimated": -0.56,
    "time": "amc",
    "revenue": 2903000000,
    "revenueEstimated": 3276260000,
    "updatedFromDate": "2024-12-19",
    "fiscalDateEnding": "2021-03-31"
  },
  {
    "date": "2021-02-10",
    "symbol": "UBER",
    "eps": -0.54,
    "epsEstimated": -0.53,
    "time": "amc",
    "revenue": 3165000000,
    "revenueEstimated": 3605310000,
    "updatedFromDate": "2025-07-17",
    "fiscalDateEnding": "2020-12-31"
  },
  {
    "date": "2020-11-05",
    "symbol": "UBER",
    "eps": -0.62,
    "epsEstimated": -0.6,
    "time": "amc",
    "revenue": 3129000000,
    "revenueEstimated": 3280403225,
    "updatedFromDate": "2025-07-17",
    "fiscalDateEnding": "2020-09-30"
  },
  {
    "date": "2020-08-06",
    "symbol": "UBER",
    "eps": -1.02,
    "epsEstimated": -0.78,
    "time": "amc",
    "revenue": 2241000000,
    "revenueEstimated": 1889470588,
    "updatedFromDate": "2025-07-17",
    "fiscalDateEnding": "2020-06-30"
  },
  {
    "date": "2020-05-07",
    "symbol": "UBER",
    "eps": -0.64,
    "epsEstimated": -0.79,
    "time": "amc",
    "revenue": 3543000000,
    "revenueEstimated": 3026773828,
    "updatedFromDate": "2025-07-17",
    "fiscalDateEnding": "2020-03-31"
  },
  {
    "date": "2020-02-06",
    "symbol": "UBER",
    "eps": -0.64,
    "epsEstimated": -0.68,
    "time": "amc",
    "revenue": 4069000000,
    "revenueEstimated": 4259734375,
    "updatedFromDate": "2025-07-17",
    "fiscalDateEnding": "2019-12-31"
  },
  {
    "date": "2019-11-04",
    "symbol": "UBER",
    "eps": -0.68,
    "epsEstimated": -0.83,
    "time": "amc",
    "revenue": 3813000000,
    "revenueEstimated": 4541955882,
    "updatedFromDate": "2025-07-17",
    "fiscalDateEnding": "2019-09-30"
  },
  {
    "date": "2019-08-08",
    "symbol": "UBER",
    "eps": -4.72,
    "epsEstimated": -3.33,
    "time": "amc",
    "revenue": 3166000000,
    "revenueEstimated": 2139733050,
    "updatedFromDate": "2025-07-17",
    "fiscalDateEnding": "2019-06-30"
  },
  {
    "date": "2019-05-30",
    "symbol": "UBER",
    "eps": -2.26,
    "epsEstimated": -2.32,
    "time": "amc",
    "revenue": 3099000000,
    "revenueEstimated": 3140137168,
    "updatedFromDate": "2025-07-17",
    "fiscalDateEnding": "2019-03-31"
  },
  {
    "date": "2019-02-15",
    "symbol": "UBER",
    "eps": -0.57993,
    "epsEstimated": null,
    "time": "bmo",
    "revenue": 2944000000,
    "revenueEstimated": null,
    "updatedFromDate": "2025-07-17",
    "fiscalDateEnding": "2018-09-30"
  },
  {
    "date": "2018-12-30",
    "symbol": "UBER",
    "eps": -0.52893,
    "epsEstimated": null,
    "time": "amc",
    "revenue": 2974000000,
    "revenueEstimated": null,
    "updatedFromDate": "2025-07-17",
    "fiscalDateEnding": "2018-12-31"
  },
  {
    "date": "2018-06-29",
    "symbol": "UBER",
    "eps": -0.51641,
    "epsEstimated": null,
    "time": "amc",
    "revenue": 2768000000,
    "revenueEstimated": null,
    "updatedFromDate": "2025-07-17",
    "fiscalDateEnding": "2018-06-30"
  },
  {
    "date": "2018-03-31",
    "symbol": "UBER",
    "eps": 2.2,
    "epsEstimated": null,
    "time": "amc",
    "revenue": 2584000000,
    "revenueEstimated": null,
    "updatedFromDate": "2025-07-17",
    "fiscalDateEnding": "2018-03-31"
  },
  {
    "date": "2017-12-30",
    "symbol": "UBER",
    "eps": -0.38216,
    "epsEstimated": null,
    "time": "amc",
    "revenue": 2441000000,
    "revenueEstimated": null,
    "updatedFromDate": "2025-07-17",
    "fiscalDateEnding": "2017-12-31"
  },
  {
    "date": "2017-09-29",
    "symbol": "UBER",
    "eps": -0.83981,
    "epsEstimated": null,
    "time": "amc",
    "revenue": 2149000000,
    "revenueEstimated": null,
    "updatedFromDate": "2025-07-17",
    "fiscalDateEnding": "2017-09-30"
  },
  {
    "date": "2017-06-29",
    "symbol": "UBER",
    "eps": -0.62406,
    "epsEstimated": null,
    "time": "amc",
    "revenue": 1813000000,
    "revenueEstimated": null,
    "updatedFromDate": "2025-07-17",
    "fiscalDateEnding": "2017-06-30"
  },
  {
    "date": "2017-03-30",
    "symbol": "UBER",
    "eps": -0.55096,
    "epsEstimated": null,
    "time": "amc",
    "revenue": 1529000000,
    "revenueEstimated": null,
    "updatedFromDate": "2025-07-17",
    "fiscalDateEnding": "2017-03-31"
  }
]