[
  {
    "date": "2025-10-29",
    "symbol": "UDR",
    "eps": null,
    "epsEstimated": 0.63,
    "time": "bmo",
    "revenue": null,
    "revenueEstimated": 430228360,
    "updatedFromDate": "2025-10-02",
    "fiscalDateEnding": "2025-09-30"
  },
  {
    "date": "2025-07-30",
    "symbol": "UDR",
    "eps": 0.64,
    "epsEstimated": 0.62,
    "time": "amc",
    "revenue": 425399000,
    "revenueEstimated": 422170230,
    "updatedFromDate": "2025-10-02",
    "fiscalDateEnding": "2025-06-30"
  },
  {
    "date": "2025-04-30",
    "symbol": "UDR",
    "eps": 0.61,
    "epsEstimated": 0.61,
    "time": "amc",
    "revenue": 421948000,
    "revenueEstimated": 421042420,
    "updatedFromDate": "2025-07-30",
    "fiscalDateEnding": "2025-03-31"
  },
  {
    "date": "2025-02-05",
    "symbol": "UDR",
    "eps": 0.63,
    "epsEstimated": 0.1,
    "time": "amc",
    "revenue": 422728000,
    "revenueEstimated": 421173050,
    "updatedFromDate": "2025-05-05",
    "fiscalDateEnding": "2024-12-31"
  },
  {
    "date": "2024-10-30",
    "symbol": "UDR",
    "eps": 0.62,
    "epsEstimated": 0.62,
    "time": "amc",
    "revenue": 420160000,
    "revenueEstimated": 420050000,
    "updatedFromDate": "2025-04-25",
    "fiscalDateEnding": "2024-09-30"
  },
  {
    "date": "2024-07-30",
    "symbol": "UDR",
    "eps": 0.62,
    "epsEstimated": 0.61,
    "time": "amc",
    "revenue": 415320000,
    "revenueEstimated": 414110000,
    "updatedFromDate": "2025-04-25",
    "fiscalDateEnding": "2024-06-30"
  },
  {
    "date": "2024-04-30",
    "symbol": "UDR",
    "eps": 0.61,
    "epsEstimated": 0.61,
    "time": "amc",
    "revenue": 413634000,
    "revenueEstimated": 411690000,
    "updatedFromDate": "2025-04-25",
    "fiscalDateEnding": "2024-03-31"
  },
  {
    "date": "2024-02-06",
    "symbol": "UDR",
    "eps": 0.63,
    "epsEstimated": 0.63,
    "time": "amc",
    "revenue": 413273000,
    "revenueEstimated": 409240000,
    "updatedFromDate": "2025-04-25",
    "fiscalDateEnding": "2023-12-31"
  },
  {
    "date": "2023-10-26",
    "symbol": "UDR",
    "eps": 0.63,
    "epsEstimated": 0.63,
    "time": "amc",
    "revenue": 410131000,
    "revenueEstimated": 410040000,
    "updatedFromDate": "2025-04-25",
    "fiscalDateEnding": "2023-09-30"
  },
  {
    "date": "2023-07-26",
    "symbol": "UDR",
    "eps": 0.61,
    "epsEstimated": 0.62,
    "time": "amc",
    "revenue": 404548000,
    "revenueEstimated": 415520000,
    "updatedFromDate": "2025-04-25",
    "fiscalDateEnding": "2023-06-30"
  },
  {
    "date": "2023-04-26",
    "symbol": "UDR",
    "eps": 0.6,
    "epsEstimated": 0.61,
    "time": "amc",
    "revenue": 399549000,
    "revenueEstimated": 410980000,
    "updatedFromDate": "2025-04-25",
    "fiscalDateEnding": "2023-03-31"
  },
  {
    "date": "2023-02-06",
    "symbol": "UDR",
    "eps": 0.61,
    "epsEstimated": 0.61,
    "time": "amc",
    "revenue": 399656000,
    "revenueEstimated": 398731579,
    "updatedFromDate": "2025-04-25",
    "fiscalDateEnding": "2022-12-31"
  },
  {
    "date": "2022-10-26",
    "symbol": "UDR",
    "eps": 0.6,
    "epsEstimated": 0.59,
    "time": "amc",
    "revenue": 391297000,
    "revenueEstimated": 380885386,
    "updatedFromDate": "2025-04-25",
    "fiscalDateEnding": "2022-09-30"
  },
  {
    "date": "2022-07-26",
    "symbol": "UDR",
    "eps": 0.57,
    "epsEstimated": 0.57,
    "time": "amc",
    "revenue": 369167000,
    "revenueEstimated": 368218632,
    "updatedFromDate": "2025-04-25",
    "fiscalDateEnding": "2022-06-30"
  },
  {
    "date": "2022-04-26",
    "symbol": "UDR",
    "eps": 0.55,
    "epsEstimated": 0.55,
    "time": "amc",
    "revenue": 357266000,
    "revenueEstimated": 356386145,
    "updatedFromDate": "2025-04-25",
    "fiscalDateEnding": "2022-03-31"
  },
  {
    "date": "2022-02-08",
    "symbol": "UDR",
    "eps": 0.54,
    "epsEstimated": 0.54,
    "time": "amc",
    "revenue": 348208000,
    "revenueEstimated": 338504514,
    "updatedFromDate": "2025-04-25",
    "fiscalDateEnding": "2021-12-31"
  },
  {
    "date": "2021-10-26",
    "symbol": "UDR",
    "eps": 0.51,
    "epsEstimated": 0.51,
    "time": "amc",
    "revenue": 329770000,
    "revenueEstimated": 315750000,
    "updatedFromDate": "2025-04-25",
    "fiscalDateEnding": "2021-09-30"
  },
  {
    "date": "2021-07-28",
    "symbol": "UDR",
    "eps": 0.49,
    "epsEstimated": 0.49,
    "time": "amc",
    "revenue": 311348000,
    "revenueEstimated": 311420000,
    "updatedFromDate": "2025-04-25",
    "fiscalDateEnding": "2021-06-30"
  },
  {
    "date": "2021-04-27",
    "symbol": "UDR",
    "eps": 0.47,
    "epsEstimated": 0.48,
    "time": "amc",
    "revenue": 301441000,
    "revenueEstimated": 302660000,
    "updatedFromDate": "2025-04-25",
    "fiscalDateEnding": "2021-03-31"
  },
  {
    "date": "2021-02-09",
    "symbol": "UDR",
    "eps": 0.49,
    "epsEstimated": 0.49,
    "time": "amc",
    "revenue": 302384000,
    "revenueEstimated": 302384000,
    "updatedFromDate": "2025-04-25",
    "fiscalDateEnding": "2020-12-31"
  },
  {
    "date": "2020-10-29",
    "symbol": "UDR",
    "eps": 0.5,
    "epsEstimated": 0.5,
    "time": "amc",
    "revenue": 310044000,
    "revenueEstimated": 34449333,
    "updatedFromDate": "2025-04-25",
    "fiscalDateEnding": "2020-09-30"
  },
  {
    "date": "2020-07-28",
    "symbol": "UDR",
    "eps": 0.51,
    "epsEstimated": 0.53,
    "time": "amc",
    "revenue": 307256000,
    "revenueEstimated": 285171974,
    "updatedFromDate": "2025-04-25",
    "fiscalDateEnding": "2020-06-30"
  },
  {
    "date": "2020-05-06",
    "symbol": "UDR",
    "eps": 0.53,
    "epsEstimated": 0.54,
    "time": "amc",
    "revenue": 321481000,
    "revenueEstimated": 964442999,
    "updatedFromDate": "2025-04-25",
    "fiscalDateEnding": "2020-03-31"
  },
  {
    "date": "2020-02-11",
    "symbol": "UDR",
    "eps": 0.54,
    "epsEstimated": 0.54,
    "time": "amc",
    "revenue": 304818000,
    "revenueEstimated": 36947636,
    "updatedFromDate": "2025-04-25",
    "fiscalDateEnding": "2019-12-31"
  },
  {
    "date": "2019-10-29",
    "symbol": "UDR",
    "eps": 0.52,
    "epsEstimated": 0.52,
    "time": "amc",
    "revenue": 295394000,
    "revenueEstimated": 262572444,
    "updatedFromDate": "2025-04-25",
    "fiscalDateEnding": "2019-09-30"
  },
  {
    "date": "2019-07-30",
    "symbol": "UDR",
    "eps": 0.52,
    "epsEstimated": 0.52,
    "time": "amc",
    "revenue": 281308000,
    "revenueEstimated": 187538666,
    "updatedFromDate": "2025-04-25",
    "fiscalDateEnding": "2019-06-30"
  },
  {
    "date": "2019-04-30",
    "symbol": "UDR",
    "eps": 0.51,
    "epsEstimated": 0.5,
    "time": "amc",
    "revenue": 270673000,
    "revenueEstimated": 338341250,
    "updatedFromDate": "2025-04-25",
    "fiscalDateEnding": "2019-03-31"
  },
  {
    "date": "2019-02-12",
    "symbol": "UDR",
    "eps": 0.5,
    "epsEstimated": 0.49,
    "time": "amc",
    "revenue": 267667000,
    "revenueEstimated": 80300100,
    "updatedFromDate": "2025-04-25",
    "fiscalDateEnding": "2018-12-31"
  },
  {
    "date": "2018-10-29",
    "symbol": "UDR",
    "eps": 0.49,
    "epsEstimated": 0.49,
    "time": "amc",
    "revenue": 266144000,
    "revenueEstimated": 266100000,
    "updatedFromDate": "2025-04-25",
    "fiscalDateEnding": "2018-09-30"
  },
  {
    "date": "2018-07-30",
    "symbol": "UDR",
    "eps": 0.49,
    "epsEstimated": 0.48,
    "time": "amc",
    "revenue": 259743000,
    "revenueEstimated": 185499999,
    "updatedFromDate": "2025-04-25",
    "fiscalDateEnding": "2018-06-30"
  },
  {
    "date": "2018-04-25",
    "symbol": "UDR",
    "eps": 0.47,
    "epsEstimated": 0.47,
    "time": "amc",
    "revenue": 253305000,
    "revenueEstimated": 42216666,
    "updatedFromDate": "2025-04-25",
    "fiscalDateEnding": "2018-03-31"
  },
  {
    "date": "2018-02-06",
    "symbol": "UDR",
    "eps": 0.48,
    "epsEstimated": 0.48,
    "time": "amc",
    "revenue": 252880000,
    "revenueEstimated": 91044000,
    "updatedFromDate": "2025-04-25",
    "fiscalDateEnding": "2017-12-31"
  },
  {
    "date": "2017-10-30",
    "symbol": "UDR",
    "eps": 0.47,
    "epsEstimated": 0.47,
    "time": "amc",
    "revenue": 251091000,
    "revenueEstimated": 292950000,
    "updatedFromDate": "2025-04-25",
    "fiscalDateEnding": "2017-09-30"
  },
  {
    "date": "2017-07-26",
    "symbol": "UDR",
    "eps": 0.47,
    "epsEstimated": 0.47,
    "time": "amc",
    "revenue": 247979000,
    "revenueEstimated": 496000000,
    "updatedFromDate": "2025-04-25",
    "fiscalDateEnding": "2017-06-30"
  },
  {
    "date": "2017-04-24",
    "symbol": "UDR",
    "eps": 0.45,
    "epsEstimated": 0.45,
    "time": "amc",
    "revenue": 243841000,
    "revenueEstimated": 162533333,
    "updatedFromDate": "2025-04-25",
    "fiscalDateEnding": "2017-03-31"
  },
  {
    "date": "2017-01-30",
    "symbol": "UDR",
    "eps": 0.46,
    "epsEstimated": 0.45,
    "time": "amc",
    "revenue": 243008000,
    "revenueEstimated": 27613636,
    "updatedFromDate": "2025-04-25",
    "fiscalDateEnding": "2016-12-31"
  },
  {
    "date": "2016-10-25",
    "symbol": "UDR",
    "eps": 0.45,
    "epsEstimated": 0.45,
    "time": "amc",
    "revenue": 243252000,
    "revenueEstimated": 194639999,
    "updatedFromDate": "2025-04-25",
    "fiscalDateEnding": "2016-09-30"
  },
  {
    "date": "2016-07-26",
    "symbol": "UDR",
    "eps": 0.44,
    "epsEstimated": 0.44,
    "time": "amc",
    "revenue": 238786000,
    "revenueEstimated": 199000000,
    "updatedFromDate": "2025-04-25",
    "fiscalDateEnding": "2016-06-30"
  },
  {
    "date": "2016-04-25",
    "symbol": "UDR",
    "eps": 0.43,
    "epsEstimated": 0.43,
    "time": "amc",
    "revenue": 234815000,
    "revenueEstimated": 293500000,
    "updatedFromDate": "2025-04-25",
    "fiscalDateEnding": "2016-03-31"
  },
  {
    "date": "2016-02-02",
    "symbol": "UDR",
    "eps": 0.42,
    "epsEstimated": 0.42,
    "time": "amc",
    "revenue": 237605000,
    "revenueEstimated": 45987096,
    "updatedFromDate": "2025-04-25",
    "fiscalDateEnding": "2015-12-31"
  }
]