[
  {
    "date": "2026-04-27",
    "symbol": "UHS",
    "eps": null,
    "epsEstimated": null,
    "time": "amc",
    "revenue": null,
    "revenueEstimated": null,
    "updatedFromDate": "2025-10-02",
    "fiscalDateEnding": "2026-03-30"
  },
  {
    "date": "2026-02-24",
    "symbol": "UHS",
    "eps": null,
    "epsEstimated": null,
    "time": "amc",
    "revenue": null,
    "revenueEstimated": null,
    "updatedFromDate": "2025-10-02",
    "fiscalDateEnding": "2025-12-30"
  },
  {
    "date": "2025-10-23",
    "symbol": "UHS",
    "eps": null,
    "epsEstimated": 4.56,
    "time": "bmo",
    "revenue": null,
    "revenueEstimated": 4317419380,
    "updatedFromDate": "2025-10-02",
    "fiscalDateEnding": "2025-09-30"
  },
  {
    "date": "2025-07-28",
    "symbol": "UHS",
    "eps": 5.35,
    "epsEstimated": 4.92,
    "time": "amc",
    "revenue": 4283816000,
    "revenueEstimated": 4237552018,
    "updatedFromDate": "2025-10-02",
    "fiscalDateEnding": "2025-06-30"
  },
  {
    "date": "2025-04-28",
    "symbol": "UHS",
    "eps": 4.84,
    "epsEstimated": 4.35,
    "time": "amc",
    "revenue": 4099720000,
    "revenueEstimated": 4154573335,
    "updatedFromDate": "2025-07-28",
    "fiscalDateEnding": "2025-03-31"
  },
  {
    "date": "2025-02-26",
    "symbol": "UHS",
    "eps": 4.92,
    "epsEstimated": 4.21,
    "time": "amc",
    "revenue": 4113722000,
    "revenueEstimated": 4005916297,
    "updatedFromDate": "2025-05-25",
    "fiscalDateEnding": "2024-12-31"
  },
  {
    "date": "2024-10-24",
    "symbol": "UHS",
    "eps": 3.71,
    "epsEstimated": 3.65,
    "time": "amc",
    "revenue": 3963027000,
    "revenueEstimated": 4009936680,
    "updatedFromDate": "2025-04-25",
    "fiscalDateEnding": "2024-09-30"
  },
  {
    "date": "2024-07-24",
    "symbol": "UHS",
    "eps": 4.31,
    "epsEstimated": 3.28,
    "time": "amc",
    "revenue": 3907604000,
    "revenueEstimated": 3865046756,
    "updatedFromDate": "2025-04-25",
    "fiscalDateEnding": "2024-06-30"
  },
  {
    "date": "2024-04-24",
    "symbol": "UHS",
    "eps": 3.7,
    "epsEstimated": 3.15,
    "time": "amc",
    "revenue": 3843582000,
    "revenueEstimated": 3776353541,
    "updatedFromDate": "2025-04-25",
    "fiscalDateEnding": "2024-03-31"
  },
  {
    "date": "2024-02-27",
    "symbol": "UHS",
    "eps": 3.13,
    "epsEstimated": 2.88,
    "time": "amc",
    "revenue": 3703546000,
    "revenueEstimated": 3661730000,
    "updatedFromDate": "2025-04-25",
    "fiscalDateEnding": "2023-12-31"
  },
  {
    "date": "2023-10-25",
    "symbol": "UHS",
    "eps": 2.55,
    "epsEstimated": 2.36,
    "time": "amc",
    "revenue": 3562774000,
    "revenueEstimated": 3665320000,
    "updatedFromDate": "2025-04-25",
    "fiscalDateEnding": "2023-09-30"
  },
  {
    "date": "2023-07-25",
    "symbol": "UHS",
    "eps": 2.53,
    "epsEstimated": 2.43,
    "time": "amc",
    "revenue": 3548138000,
    "revenueEstimated": 3531100000,
    "updatedFromDate": "2025-04-25",
    "fiscalDateEnding": "2023-06-30"
  },
  {
    "date": "2023-04-25",
    "symbol": "UHS",
    "eps": 2.34,
    "epsEstimated": 2.19,
    "time": "amc",
    "revenue": 3467518000,
    "revenueEstimated": 3502280000,
    "updatedFromDate": "2025-04-25",
    "fiscalDateEnding": "2023-03-31"
  },
  {
    "date": "2023-02-27",
    "symbol": "UHS",
    "eps": 3.02,
    "epsEstimated": 2.96,
    "time": "amc",
    "revenue": 3446980000,
    "revenueEstimated": 3396458580,
    "updatedFromDate": "2025-04-25",
    "fiscalDateEnding": "2022-12-31"
  },
  {
    "date": "2022-10-25",
    "symbol": "UHS",
    "eps": 2.54,
    "epsEstimated": 2.43,
    "time": "amc",
    "revenue": 3336027000,
    "revenueEstimated": 3284135835,
    "updatedFromDate": "2025-04-25",
    "fiscalDateEnding": "2022-09-30"
  },
  {
    "date": "2022-07-25",
    "symbol": "UHS",
    "eps": 2.2,
    "epsEstimated": 2.35,
    "time": "amc",
    "revenue": 3323407000,
    "revenueEstimated": 3275469747,
    "updatedFromDate": "2025-04-25",
    "fiscalDateEnding": "2022-06-30"
  },
  {
    "date": "2022-04-25",
    "symbol": "UHS",
    "eps": 2.15,
    "epsEstimated": 2.46,
    "time": "amc",
    "revenue": 3292956000,
    "revenueEstimated": 3243525793,
    "updatedFromDate": "2025-04-25",
    "fiscalDateEnding": "2022-03-31"
  },
  {
    "date": "2022-02-24",
    "symbol": "UHS",
    "eps": 2.95,
    "epsEstimated": 2.87,
    "time": "amc",
    "revenue": 3275251000,
    "revenueEstimated": 3134950945,
    "updatedFromDate": "2025-04-25",
    "fiscalDateEnding": "2021-12-31"
  },
  {
    "date": "2021-10-25",
    "symbol": "UHS",
    "eps": 2.67,
    "epsEstimated": 2.75,
    "time": "amc",
    "revenue": 3155999000,
    "revenueEstimated": 3087940000,
    "updatedFromDate": "2025-04-25",
    "fiscalDateEnding": "2021-09-30"
  },
  {
    "date": "2021-07-26",
    "symbol": "UHS",
    "eps": 3.76,
    "epsEstimated": 2.7,
    "time": "amc",
    "revenue": 3197880000,
    "revenueEstimated": 3087940000,
    "updatedFromDate": "2025-04-25",
    "fiscalDateEnding": "2021-06-30"
  },
  {
    "date": "2021-04-26",
    "symbol": "UHS",
    "eps": 2.44,
    "epsEstimated": 2.27,
    "time": "amc",
    "revenue": 3012987000,
    "revenueEstimated": 2964840000,
    "updatedFromDate": "2025-04-25",
    "fiscalDateEnding": "2021-03-31"
  },
  {
    "date": "2021-02-25",
    "symbol": "UHS",
    "eps": 3.59,
    "epsEstimated": 2.78,
    "time": "amc",
    "revenue": 3086935000,
    "revenueEstimated": 2987340000,
    "updatedFromDate": "2025-04-25",
    "fiscalDateEnding": "2020-12-31"
  },
  {
    "date": "2020-10-29",
    "symbol": "UHS",
    "eps": 2.88,
    "epsEstimated": 1.94,
    "time": "amc",
    "revenue": 2912541000,
    "revenueEstimated": 1941694000,
    "updatedFromDate": "2025-04-25",
    "fiscalDateEnding": "2020-09-30"
  },
  {
    "date": "2020-07-27",
    "symbol": "UHS",
    "eps": 2.93,
    "epsEstimated": 0.88,
    "time": "amc",
    "revenue": 2729754000,
    "revenueEstimated": 689425924,
    "updatedFromDate": "2025-04-25",
    "fiscalDateEnding": "2020-06-30"
  },
  {
    "date": "2020-04-27",
    "symbol": "UHS",
    "eps": 1.73,
    "epsEstimated": 2.55,
    "time": "amc",
    "revenue": 2829667000,
    "revenueEstimated": 4170896445,
    "updatedFromDate": "2025-04-25",
    "fiscalDateEnding": "2020-03-31"
  },
  {
    "date": "2020-02-26",
    "symbol": "UHS",
    "eps": 2.79,
    "epsEstimated": 2.57,
    "time": "amc",
    "revenue": 2896247000,
    "revenueEstimated": 2667869100,
    "updatedFromDate": "2025-04-25",
    "fiscalDateEnding": "2019-12-31"
  },
  {
    "date": "2019-10-24",
    "symbol": "UHS",
    "eps": 1.99,
    "epsEstimated": 2.26,
    "time": "amc",
    "revenue": 2822453000,
    "revenueEstimated": 3262131608,
    "updatedFromDate": "2025-04-25",
    "fiscalDateEnding": "2019-09-30"
  },
  {
    "date": "2019-07-25",
    "symbol": "UHS",
    "eps": 2.76,
    "epsEstimated": 2.5,
    "time": "amc",
    "revenue": 2855168000,
    "revenueEstimated": 2586202898,
    "updatedFromDate": "2025-04-25",
    "fiscalDateEnding": "2019-06-30"
  },
  {
    "date": "2019-04-25",
    "symbol": "UHS",
    "eps": 2.45,
    "epsEstimated": 2.62,
    "time": "amc",
    "revenue": 2804391000,
    "revenueEstimated": 2998981395,
    "updatedFromDate": "2025-04-25",
    "fiscalDateEnding": "2019-03-31"
  },
  {
    "date": "2019-02-27",
    "symbol": "UHS",
    "eps": 2.37,
    "epsEstimated": 2.34,
    "time": "amc",
    "revenue": 2754496000,
    "revenueEstimated": 2719628962,
    "updatedFromDate": "2025-04-25",
    "fiscalDateEnding": "2018-12-31"
  },
  {
    "date": "2018-10-25",
    "symbol": "UHS",
    "eps": 2.23,
    "epsEstimated": 2.01,
    "time": "amc",
    "revenue": 2648913000,
    "revenueEstimated": 2387585260,
    "updatedFromDate": "2025-04-25",
    "fiscalDateEnding": "2018-09-30"
  },
  {
    "date": "2018-07-25",
    "symbol": "UHS",
    "eps": 2.47,
    "epsEstimated": 2.39,
    "time": "amc",
    "revenue": 2681353000,
    "revenueEstimated": 2594553036,
    "updatedFromDate": "2025-04-25",
    "fiscalDateEnding": "2018-06-30"
  },
  {
    "date": "2018-04-25",
    "symbol": "UHS",
    "eps": 2.45,
    "epsEstimated": 2.59,
    "time": "amc",
    "revenue": 2687516000,
    "revenueEstimated": 2841071428,
    "updatedFromDate": "2025-04-25",
    "fiscalDateEnding": "2018-03-31"
  },
  {
    "date": "2018-02-28",
    "symbol": "UHS",
    "eps": 2,
    "epsEstimated": 1.84,
    "time": "amc",
    "revenue": 2642787000,
    "revenueEstimated": 2431376000,
    "updatedFromDate": "2025-04-25",
    "fiscalDateEnding": "2017-12-31"
  },
  {
    "date": "2017-10-25",
    "symbol": "UHS",
    "eps": 1.64,
    "epsEstimated": 1.68,
    "time": "amc",
    "revenue": 2541864000,
    "revenueEstimated": 2866034899,
    "updatedFromDate": "2025-04-25",
    "fiscalDateEnding": "2017-09-30"
  },
  {
    "date": "2017-07-25",
    "symbol": "UHS",
    "eps": 1.94,
    "epsEstimated": 2.06,
    "time": "amc",
    "revenue": 2612356000,
    "revenueEstimated": 2773991752,
    "updatedFromDate": "2025-04-25",
    "fiscalDateEnding": "2017-06-30"
  },
  {
    "date": "2017-04-25",
    "symbol": "UHS",
    "eps": 2.1,
    "epsEstimated": 2.06,
    "time": "amc",
    "revenue": 2612858000,
    "revenueEstimated": 2563130476,
    "updatedFromDate": "2025-04-25",
    "fiscalDateEnding": "2017-03-31"
  },
  {
    "date": "2017-02-28",
    "symbol": "UHS",
    "eps": 1.8,
    "epsEstimated": 1.81,
    "time": "amc",
    "revenue": 2475685000,
    "revenueEstimated": 2489453888,
    "updatedFromDate": "2025-04-25",
    "fiscalDateEnding": "2016-12-31"
  },
  {
    "date": "2016-10-26",
    "symbol": "UHS",
    "eps": 1.6,
    "epsEstimated": 1.68,
    "time": "amc",
    "revenue": 2409872000,
    "revenueEstimated": 2530394999,
    "updatedFromDate": "2025-04-25",
    "fiscalDateEnding": "2016-09-30"
  },
  {
    "date": "2016-07-26",
    "symbol": "UHS",
    "eps": 1.94,
    "epsEstimated": 1.94,
    "time": "amc",
    "revenue": 2430855000,
    "revenueEstimated": 2430900000,
    "updatedFromDate": "2025-04-25",
    "fiscalDateEnding": "2016-06-30"
  }
]