[
  {
    "date": "2026-05-27",
    "symbol": "ULTA",
    "eps": null,
    "epsEstimated": null,
    "time": "amc",
    "revenue": null,
    "revenueEstimated": null,
    "updatedFromDate": "2025-10-02",
    "fiscalDateEnding": "2026-05-02"
  },
  {
    "date": "2026-03-11",
    "symbol": "ULTA",
    "eps": null,
    "epsEstimated": null,
    "time": "amc",
    "revenue": null,
    "revenueEstimated": null,
    "updatedFromDate": "2025-10-02",
    "fiscalDateEnding": "2026-02-02"
  },
  {
    "date": "2025-12-04",
    "symbol": "ULTA",
    "eps": null,
    "epsEstimated": 4.45,
    "time": "amc",
    "revenue": null,
    "revenueEstimated": 2698178860,
    "updatedFromDate": "2025-10-02",
    "fiscalDateEnding": "2025-11-02"
  },
  {
    "date": "2025-08-28",
    "symbol": "ULTA",
    "eps": 5.78,
    "epsEstimated": 5.1,
    "time": "amc",
    "revenue": 2788469000,
    "revenueEstimated": 2678034770,
    "updatedFromDate": "2025-10-02",
    "fiscalDateEnding": "2025-08-02"
  },
  {
    "date": "2025-05-29",
    "symbol": "ULTA",
    "eps": 6.7,
    "epsEstimated": 5.81,
    "time": "amc",
    "revenue": 2848367000,
    "revenueEstimated": 2794353420,
    "updatedFromDate": "2025-08-29",
    "fiscalDateEnding": "2025-05-03"
  },
  {
    "date": "2025-03-13",
    "symbol": "ULTA",
    "eps": 8.46,
    "epsEstimated": 7.13,
    "time": "amc",
    "revenue": 3487619000,
    "revenueEstimated": 3466092725,
    "updatedFromDate": "2025-06-13",
    "fiscalDateEnding": "2025-02-01"
  },
  {
    "date": "2024-12-05",
    "symbol": "ULTA",
    "eps": 5.14,
    "epsEstimated": 4.53,
    "time": "amc",
    "revenue": 2530100000,
    "revenueEstimated": 2497466618,
    "updatedFromDate": "2025-04-25",
    "fiscalDateEnding": "2024-11-02"
  },
  {
    "date": "2024-08-29",
    "symbol": "ULTA",
    "eps": 5.3,
    "epsEstimated": 5.46,
    "time": "amc",
    "revenue": 2552087000,
    "revenueEstimated": 2599643682,
    "updatedFromDate": "2025-04-25",
    "fiscalDateEnding": "2024-08-03"
  },
  {
    "date": "2024-05-30",
    "symbol": "ULTA",
    "eps": 6.47,
    "epsEstimated": 6.24,
    "time": "amc",
    "revenue": 2725848000,
    "revenueEstimated": 2723449605,
    "updatedFromDate": "2025-04-25",
    "fiscalDateEnding": "2024-05-04"
  },
  {
    "date": "2024-03-14",
    "symbol": "ULTA",
    "eps": 8.08,
    "epsEstimated": 7.53,
    "time": "amc",
    "revenue": 3554298000,
    "revenueEstimated": 3530422408,
    "updatedFromDate": "2025-04-25",
    "fiscalDateEnding": "2024-02-03"
  },
  {
    "date": "2023-11-30",
    "symbol": "ULTA",
    "eps": 5.07,
    "epsEstimated": 4.95,
    "time": "amc",
    "revenue": 2488933000,
    "revenueEstimated": 3523920000,
    "updatedFromDate": "2025-04-25",
    "fiscalDateEnding": "2023-10-28"
  },
  {
    "date": "2023-08-24",
    "symbol": "ULTA",
    "eps": 6.02,
    "epsEstimated": 5.85,
    "time": "amc",
    "revenue": 2529809000,
    "revenueEstimated": 2506890000,
    "updatedFromDate": "2025-04-25",
    "fiscalDateEnding": "2023-07-29"
  },
  {
    "date": "2023-05-25",
    "symbol": "ULTA",
    "eps": 6.88,
    "epsEstimated": 6.87,
    "time": "amc",
    "revenue": 2634263000,
    "revenueEstimated": 2620050000,
    "updatedFromDate": "2025-04-25",
    "fiscalDateEnding": "2023-04-29"
  },
  {
    "date": "2023-03-09",
    "symbol": "ULTA",
    "eps": 6.68,
    "epsEstimated": 5.68,
    "time": "amc",
    "revenue": 3226773000,
    "revenueEstimated": 3021340000,
    "updatedFromDate": "2025-04-25",
    "fiscalDateEnding": "2023-01-28"
  },
  {
    "date": "2022-12-01",
    "symbol": "ULTA",
    "eps": 5.34,
    "epsEstimated": 4.15,
    "time": "amc",
    "revenue": 2338793000,
    "revenueEstimated": 2214966578,
    "updatedFromDate": "2025-04-25",
    "fiscalDateEnding": "2022-10-29"
  },
  {
    "date": "2022-08-25",
    "symbol": "ULTA",
    "eps": 5.7,
    "epsEstimated": 5,
    "time": "amc",
    "revenue": 2297113000,
    "revenueEstimated": 2210615397,
    "updatedFromDate": "2025-04-25",
    "fiscalDateEnding": "2022-07-30"
  },
  {
    "date": "2022-05-26",
    "symbol": "ULTA",
    "eps": 6.3,
    "epsEstimated": 4.46,
    "time": "amc",
    "revenue": 2345901000,
    "revenueEstimated": 2123053144,
    "updatedFromDate": "2025-04-25",
    "fiscalDateEnding": "2022-04-30"
  },
  {
    "date": "2022-03-10",
    "symbol": "ULTA",
    "eps": 5.41,
    "epsEstimated": 4.58,
    "time": "amc",
    "revenue": 2729388000,
    "revenueEstimated": 2693679909,
    "updatedFromDate": "2025-04-25",
    "fiscalDateEnding": "2022-01-29"
  },
  {
    "date": "2021-12-02",
    "symbol": "ULTA",
    "eps": 3.94,
    "epsEstimated": 2.46,
    "time": "amc",
    "revenue": 1995775000,
    "revenueEstimated": 2682980000,
    "updatedFromDate": "2025-04-25",
    "fiscalDateEnding": "2021-10-30"
  },
  {
    "date": "2021-08-25",
    "symbol": "ULTA",
    "eps": 4.56,
    "epsEstimated": 2.56,
    "time": "amc",
    "revenue": 1967207000,
    "revenueEstimated": 1847811755,
    "updatedFromDate": "2025-04-25",
    "fiscalDateEnding": "2021-07-31"
  },
  {
    "date": "2021-05-27",
    "symbol": "ULTA",
    "eps": 4.07,
    "epsEstimated": 1.95,
    "time": "amc",
    "revenue": 1938519000,
    "revenueEstimated": 1605040000,
    "updatedFromDate": "2025-04-25",
    "fiscalDateEnding": "2021-05-01"
  },
  {
    "date": "2021-03-11",
    "symbol": "ULTA",
    "eps": 3.41,
    "epsEstimated": 2.35,
    "time": "amc",
    "revenue": 2198701000,
    "revenueEstimated": 4480788904,
    "updatedFromDate": "2025-04-25",
    "fiscalDateEnding": "2021-01-30"
  },
  {
    "date": "2020-12-03",
    "symbol": "ULTA",
    "eps": 1.64,
    "epsEstimated": 1.49,
    "time": "amc",
    "revenue": 1552033000,
    "revenueEstimated": 1395788067,
    "updatedFromDate": "2025-04-25",
    "fiscalDateEnding": "2020-10-31"
  },
  {
    "date": "2020-08-27",
    "symbol": "ULTA",
    "eps": 0.73,
    "epsEstimated": 0.1,
    "time": "amc",
    "revenue": 1228009000,
    "revenueEstimated": null,
    "updatedFromDate": "2025-04-25",
    "fiscalDateEnding": "2020-08-01"
  },
  {
    "date": "2020-05-28",
    "symbol": "ULTA",
    "eps": -1.12,
    "epsEstimated": 0.44,
    "time": "amc",
    "revenue": 1173210000,
    "revenueEstimated": 413577625,
    "updatedFromDate": "2025-04-25",
    "fiscalDateEnding": "2020-05-02"
  },
  {
    "date": "2020-03-12",
    "symbol": "ULTA",
    "eps": 3.89,
    "epsEstimated": 3.73,
    "time": "amc",
    "revenue": 2305918000,
    "revenueEstimated": 2211073043,
    "updatedFromDate": "2025-04-25",
    "fiscalDateEnding": "2020-02-01"
  },
  {
    "date": "2019-12-05",
    "symbol": "ULTA",
    "eps": 2.25,
    "epsEstimated": 2.13,
    "time": "amc",
    "revenue": 1682514000,
    "revenueEstimated": 1592779920,
    "updatedFromDate": "2025-04-25",
    "fiscalDateEnding": "2019-11-02"
  },
  {
    "date": "2019-08-29",
    "symbol": "ULTA",
    "eps": 2.76,
    "epsEstimated": 2.8,
    "time": "amc",
    "revenue": 1666607000,
    "revenueEstimated": 1690760724,
    "updatedFromDate": "2025-04-25",
    "fiscalDateEnding": "2019-08-03"
  },
  {
    "date": "2019-05-30",
    "symbol": "ULTA",
    "eps": 3.26,
    "epsEstimated": 3.07,
    "time": "amc",
    "revenue": 1743029000,
    "revenueEstimated": 1641441420,
    "updatedFromDate": "2025-04-25",
    "fiscalDateEnding": "2019-05-04"
  },
  {
    "date": "2019-03-14",
    "symbol": "ULTA",
    "eps": 3.61,
    "epsEstimated": 3.56,
    "time": "amc",
    "revenue": 2124716000,
    "revenueEstimated": 2095287800,
    "updatedFromDate": "2025-04-25",
    "fiscalDateEnding": "2019-02-02"
  },
  {
    "date": "2018-12-06",
    "symbol": "ULTA",
    "eps": 2.18,
    "epsEstimated": 2.16,
    "time": "amc",
    "revenue": 1560011000,
    "revenueEstimated": 1545698972,
    "updatedFromDate": "2025-04-25",
    "fiscalDateEnding": "2018-11-03"
  },
  {
    "date": "2018-08-30",
    "symbol": "ULTA",
    "eps": 2.46,
    "epsEstimated": 2.41,
    "time": "amc",
    "revenue": 1488221000,
    "revenueEstimated": 1457952032,
    "updatedFromDate": "2025-04-25",
    "fiscalDateEnding": "2018-08-04"
  },
  {
    "date": "2018-05-31",
    "symbol": "ULTA",
    "eps": 2.7,
    "epsEstimated": 2.48,
    "time": "amc",
    "revenue": 1543667000,
    "revenueEstimated": 1417917037,
    "updatedFromDate": "2025-04-25",
    "fiscalDateEnding": "2018-05-05"
  },
  {
    "date": "2018-03-15",
    "symbol": "ULTA",
    "eps": 2.75,
    "epsEstimated": 2.78,
    "time": "amc",
    "revenue": 1937592000,
    "revenueEstimated": 1958737454,
    "updatedFromDate": "2025-04-25",
    "fiscalDateEnding": "2018-02-03"
  },
  {
    "date": "2017-11-30",
    "symbol": "ULTA",
    "eps": 1.75,
    "epsEstimated": 1.67,
    "time": "amc",
    "revenue": 1342181000,
    "revenueEstimated": 1318514117,
    "updatedFromDate": "2025-04-25",
    "fiscalDateEnding": "2017-10-28"
  },
  {
    "date": "2017-08-24",
    "symbol": "ULTA",
    "eps": 1.83,
    "epsEstimated": 1.78,
    "time": "amc",
    "revenue": 1289854000,
    "revenueEstimated": 1254656830,
    "updatedFromDate": "2025-04-25",
    "fiscalDateEnding": "2017-07-29"
  },
  {
    "date": "2017-05-25",
    "symbol": "ULTA",
    "eps": 1.91,
    "epsEstimated": 1.8,
    "time": "amc",
    "revenue": 1314879000,
    "revenueEstimated": 1154546341,
    "updatedFromDate": "2025-04-25",
    "fiscalDateEnding": "2017-04-29"
  },
  {
    "date": "2017-03-09",
    "symbol": "ULTA",
    "eps": 2.24,
    "epsEstimated": 2.13,
    "time": "amc",
    "revenue": 1580574000,
    "revenueEstimated": 1502981249,
    "updatedFromDate": "2025-04-25",
    "fiscalDateEnding": "2017-01-28"
  },
  {
    "date": "2016-12-01",
    "symbol": "ULTA",
    "eps": 1.4,
    "epsEstimated": 1.37,
    "time": "amc",
    "revenue": 1131232000,
    "revenueEstimated": 1106960000,
    "updatedFromDate": "2025-04-25",
    "fiscalDateEnding": "2016-10-29"
  },
  {
    "date": "2016-08-25",
    "symbol": "ULTA",
    "eps": 1.43,
    "epsEstimated": 1.39,
    "time": "amc",
    "revenue": 1069215000,
    "revenueEstimated": 1046769230,
    "updatedFromDate": "2025-04-25",
    "fiscalDateEnding": "2016-07-30"
  }
]