[
  {
    "date": "2026-04-15",
    "symbol": "UNH",
    "eps": null,
    "epsEstimated": null,
    "time": "bmo",
    "revenue": null,
    "revenueEstimated": null,
    "updatedFromDate": "2025-09-28",
    "fiscalDateEnding": "2026-03-30"
  },
  {
    "date": "2026-01-14",
    "symbol": "UNH",
    "eps": null,
    "epsEstimated": null,
    "time": "bmo",
    "revenue": null,
    "revenueEstimated": null,
    "updatedFromDate": "2025-09-28",
    "fiscalDateEnding": "2025-12-30"
  },
  {
    "date": "2025-10-28",
    "symbol": "UNH",
    "eps": null,
    "epsEstimated": 2.87,
    "time": "bmo",
    "revenue": null,
    "revenueEstimated": 113191842550,
    "updatedFromDate": "2025-09-28",
    "fiscalDateEnding": "2025-09-30"
  },
  {
    "date": "2025-07-29",
    "symbol": "UNH",
    "eps": 4.08,
    "epsEstimated": 4.45,
    "time": "bmo",
    "revenue": 111616000000,
    "revenueEstimated": 111523285407,
    "updatedFromDate": "2025-09-28",
    "fiscalDateEnding": "2025-06-30"
  },
  {
    "date": "2025-04-17",
    "symbol": "UNH",
    "eps": 7.2,
    "epsEstimated": 7.29,
    "time": "bmo",
    "revenue": 109575000000,
    "revenueEstimated": 111578743608,
    "updatedFromDate": "2025-07-16",
    "fiscalDateEnding": "2025-03-31"
  },
  {
    "date": "2025-01-16",
    "symbol": "UNH",
    "eps": 6.81,
    "epsEstimated": 6.74,
    "time": "bmo",
    "revenue": 100807000000,
    "revenueEstimated": 101595124215,
    "updatedFromDate": "2025-04-25",
    "fiscalDateEnding": "2024-12-31"
  },
  {
    "date": "2024-10-15",
    "symbol": "UNH",
    "eps": 7.15,
    "epsEstimated": 7,
    "time": "bmo",
    "revenue": 99177000000,
    "revenueEstimated": 99139359536,
    "updatedFromDate": "2025-04-25",
    "fiscalDateEnding": "2024-09-30"
  },
  {
    "date": "2024-07-16",
    "symbol": "UNH",
    "eps": 6.8,
    "epsEstimated": 6.65,
    "time": "bmo",
    "revenue": 97858000000,
    "revenueEstimated": 98785553244,
    "updatedFromDate": "2025-04-25",
    "fiscalDateEnding": "2024-06-30"
  },
  {
    "date": "2024-04-16",
    "symbol": "UNH",
    "eps": 6.91,
    "epsEstimated": 6.61,
    "time": "bmo",
    "revenue": 98785000000,
    "revenueEstimated": 99233919105,
    "updatedFromDate": "2025-04-25",
    "fiscalDateEnding": "2024-03-31"
  },
  {
    "date": "2024-01-12",
    "symbol": "UNH",
    "eps": 6.16,
    "epsEstimated": 5.98,
    "time": "bmo",
    "revenue": 93248000000,
    "revenueEstimated": 92139500000,
    "updatedFromDate": "2025-04-25",
    "fiscalDateEnding": "2023-12-31"
  },
  {
    "date": "2023-10-13",
    "symbol": "UNH",
    "eps": 6.56,
    "epsEstimated": 6.32,
    "time": "bmo",
    "revenue": 91364000000,
    "revenueEstimated": 86590100000,
    "updatedFromDate": "2025-04-25",
    "fiscalDateEnding": "2023-09-30"
  },
  {
    "date": "2023-07-14",
    "symbol": "UNH",
    "eps": 6.14,
    "epsEstimated": 5.99,
    "time": "bmo",
    "revenue": 91788000000,
    "revenueEstimated": 82946500000,
    "updatedFromDate": "2025-04-25",
    "fiscalDateEnding": "2023-06-30"
  },
  {
    "date": "2023-04-14",
    "symbol": "UNH",
    "eps": 6.26,
    "epsEstimated": 6.13,
    "time": "bmo",
    "revenue": 91931000000,
    "revenueEstimated": 89766600000,
    "updatedFromDate": "2025-04-25",
    "fiscalDateEnding": "2023-03-31"
  },
  {
    "date": "2023-01-13",
    "symbol": "UNH",
    "eps": 5.34,
    "epsEstimated": 5.17,
    "time": "bmo",
    "revenue": 82787000000,
    "revenueEstimated": 82483609729,
    "updatedFromDate": "2025-04-25",
    "fiscalDateEnding": "2022-12-31"
  },
  {
    "date": "2022-10-14",
    "symbol": "UNH",
    "eps": 5.79,
    "epsEstimated": 5.42,
    "time": "bmo",
    "revenue": 80894000000,
    "revenueEstimated": 80522115217,
    "updatedFromDate": "2025-04-25",
    "fiscalDateEnding": "2022-09-30"
  },
  {
    "date": "2022-07-15",
    "symbol": "UNH",
    "eps": 5.57,
    "epsEstimated": 5.2,
    "time": "bmo",
    "revenue": 80332000000,
    "revenueEstimated": 79679596680,
    "updatedFromDate": "2025-04-25",
    "fiscalDateEnding": "2022-06-30"
  },
  {
    "date": "2022-04-14",
    "symbol": "UNH",
    "eps": 5.49,
    "epsEstimated": 5.38,
    "time": "bmo",
    "revenue": 80149000000,
    "revenueEstimated": 78725969150,
    "updatedFromDate": "2025-04-25",
    "fiscalDateEnding": "2022-03-31"
  },
  {
    "date": "2022-01-19",
    "symbol": "UNH",
    "eps": 4.48,
    "epsEstimated": 4.31,
    "time": "bmo",
    "revenue": 73743000000,
    "revenueEstimated": 78729400000,
    "updatedFromDate": "2025-04-25",
    "fiscalDateEnding": "2021-12-31"
  },
  {
    "date": "2021-10-14",
    "symbol": "UNH",
    "eps": 4.52,
    "epsEstimated": 4.41,
    "time": "bmo",
    "revenue": 72337000000,
    "revenueEstimated": 71057800000,
    "updatedFromDate": "2025-04-25",
    "fiscalDateEnding": "2021-09-30"
  },
  {
    "date": "2021-07-15",
    "symbol": "UNH",
    "eps": 4.7,
    "epsEstimated": 4.43,
    "time": "bmo",
    "revenue": 71321000000,
    "revenueEstimated": 69601000000,
    "updatedFromDate": "2025-04-25",
    "fiscalDateEnding": "2021-06-30"
  },
  {
    "date": "2021-04-15",
    "symbol": "UNH",
    "eps": 5.31,
    "epsEstimated": 4.38,
    "time": "bmo",
    "revenue": 70196000000,
    "revenueEstimated": 69257600000,
    "updatedFromDate": "2025-04-25",
    "fiscalDateEnding": "2021-03-31"
  },
  {
    "date": "2021-01-20",
    "symbol": "UNH",
    "eps": 2.52,
    "epsEstimated": 2.41,
    "time": "bmo",
    "revenue": 65467000000,
    "revenueEstimated": 62054190871,
    "updatedFromDate": "2025-04-25",
    "fiscalDateEnding": "2020-12-31"
  },
  {
    "date": "2020-10-14",
    "symbol": "UNH",
    "eps": 3.51,
    "epsEstimated": 3.09,
    "time": "bmo",
    "revenue": 65115000000,
    "revenueEstimated": 57323461538,
    "updatedFromDate": "2025-04-25",
    "fiscalDateEnding": "2020-09-30"
  },
  {
    "date": "2020-07-15",
    "symbol": "UNH",
    "eps": 7.12,
    "epsEstimated": 5.28,
    "time": "bmo",
    "revenue": 62138000000,
    "revenueEstimated": 45826988764,
    "updatedFromDate": "2025-04-25",
    "fiscalDateEnding": "2020-06-30"
  },
  {
    "date": "2020-04-15",
    "symbol": "UNH",
    "eps": 3.72,
    "epsEstimated": 3.63,
    "time": "bmo",
    "revenue": 64421000000,
    "revenueEstimated": 62506258064,
    "updatedFromDate": "2025-04-25",
    "fiscalDateEnding": "2020-03-31"
  },
  {
    "date": "2020-01-15",
    "symbol": "UNH",
    "eps": 3.9,
    "epsEstimated": 3.77,
    "time": "bmo",
    "revenue": 60901000000,
    "revenueEstimated": 58452400000,
    "updatedFromDate": "2025-04-25",
    "fiscalDateEnding": "2019-12-31"
  },
  {
    "date": "2019-10-15",
    "symbol": "UNH",
    "eps": 3.88,
    "epsEstimated": 3.75,
    "time": "bmo",
    "revenue": 60351000000,
    "revenueEstimated": 57878543814,
    "updatedFromDate": "2025-04-25",
    "fiscalDateEnding": "2019-09-30"
  },
  {
    "date": "2019-07-18",
    "symbol": "UNH",
    "eps": 3.6,
    "epsEstimated": 3.45,
    "time": "bmo",
    "revenue": 60595000000,
    "revenueEstimated": 57512458333,
    "updatedFromDate": "2025-04-25",
    "fiscalDateEnding": "2019-06-30"
  },
  {
    "date": "2019-04-16",
    "symbol": "UNH",
    "eps": 3.73,
    "epsEstimated": 3.6,
    "time": "bmo",
    "revenue": 60308000000,
    "revenueEstimated": 57815227882,
    "updatedFromDate": "2025-04-25",
    "fiscalDateEnding": "2019-03-31"
  },
  {
    "date": "2019-01-15",
    "symbol": "UNH",
    "eps": 3.28,
    "epsEstimated": 3.21,
    "time": "bmo",
    "revenue": 58417000000,
    "revenueEstimated": 56836573170,
    "updatedFromDate": "2025-04-25",
    "fiscalDateEnding": "2018-12-31"
  },
  {
    "date": "2018-10-16",
    "symbol": "UNH",
    "eps": 3.41,
    "epsEstimated": 3.29,
    "time": "bmo",
    "revenue": 56556000000,
    "revenueEstimated": 54197202346,
    "updatedFromDate": "2025-04-25",
    "fiscalDateEnding": "2018-09-30"
  },
  {
    "date": "2018-07-17",
    "symbol": "UNH",
    "eps": 3.14,
    "epsEstimated": 3.04,
    "time": "bmo",
    "revenue": 56086000000,
    "revenueEstimated": 53956127388,
    "updatedFromDate": "2025-04-25",
    "fiscalDateEnding": "2018-06-30"
  },
  {
    "date": "2018-04-17",
    "symbol": "UNH",
    "eps": 3.04,
    "epsEstimated": 2.89,
    "time": "bmo",
    "revenue": 55188000000,
    "revenueEstimated": 52181611842,
    "updatedFromDate": "2025-04-25",
    "fiscalDateEnding": "2018-03-31"
  },
  {
    "date": "2018-01-16",
    "symbol": "UNH",
    "eps": 2.59,
    "epsEstimated": 2.5,
    "time": "bmo",
    "revenue": 52061000000,
    "revenueEstimated": 50364000000,
    "updatedFromDate": "2025-04-25",
    "fiscalDateEnding": "2017-12-31"
  },
  {
    "date": "2017-10-17",
    "symbol": "UNH",
    "eps": 2.66,
    "epsEstimated": 2.56,
    "time": "bmo",
    "revenue": 50322000000,
    "revenueEstimated": 48192481203,
    "updatedFromDate": "2025-04-25",
    "fiscalDateEnding": "2017-09-30"
  },
  {
    "date": "2017-07-18",
    "symbol": "UNH",
    "eps": 2.46,
    "epsEstimated": 2.38,
    "time": "bmo",
    "revenue": 50053000000,
    "revenueEstimated": 48177585365,
    "updatedFromDate": "2025-04-25",
    "fiscalDateEnding": "2017-06-30"
  },
  {
    "date": "2017-04-18",
    "symbol": "UNH",
    "eps": 2.37,
    "epsEstimated": 2.17,
    "time": "bmo",
    "revenue": 48723000000,
    "revenueEstimated": 44408088607,
    "updatedFromDate": "2025-04-25",
    "fiscalDateEnding": "2017-03-31"
  },
  {
    "date": "2017-01-17",
    "symbol": "UNH",
    "eps": 2.11,
    "epsEstimated": 2.07,
    "time": "bmo",
    "revenue": 47535000000,
    "revenueEstimated": 46377810426,
    "updatedFromDate": "2025-04-25",
    "fiscalDateEnding": "2016-12-31"
  },
  {
    "date": "2016-10-18",
    "symbol": "UNH",
    "eps": 2.17,
    "epsEstimated": 2.08,
    "time": "bmo",
    "revenue": 46293000000,
    "revenueEstimated": 44189935483,
    "updatedFromDate": "2025-04-25",
    "fiscalDateEnding": "2016-09-30"
  },
  {
    "date": "2016-07-19",
    "symbol": "UNH",
    "eps": 1.96,
    "epsEstimated": 1.89,
    "time": "bmo",
    "revenue": 46485000000,
    "revenueEstimated": 44638714285,
    "updatedFromDate": "2025-04-25",
    "fiscalDateEnding": "2016-06-30"
  }
]