[
  {
    "date": "2026-04-27",
    "symbol": "UPS",
    "eps": null,
    "epsEstimated": null,
    "time": "bmo",
    "revenue": null,
    "revenueEstimated": null,
    "updatedFromDate": "2025-10-02",
    "fiscalDateEnding": "2026-03-30"
  },
  {
    "date": "2026-01-28",
    "symbol": "UPS",
    "eps": null,
    "epsEstimated": null,
    "time": "bmo",
    "revenue": null,
    "revenueEstimated": null,
    "updatedFromDate": "2025-10-02",
    "fiscalDateEnding": "2025-12-30"
  },
  {
    "date": "2025-10-28",
    "symbol": "UPS",
    "eps": null,
    "epsEstimated": 1.33,
    "time": "bmo",
    "revenue": null,
    "revenueEstimated": 20937488680,
    "updatedFromDate": "2025-10-02",
    "fiscalDateEnding": "2025-09-30"
  },
  {
    "date": "2025-07-29",
    "symbol": "UPS",
    "eps": 1.55,
    "epsEstimated": 1.56,
    "time": "bmo",
    "revenue": 21221000000,
    "revenueEstimated": 20854783546,
    "updatedFromDate": "2025-10-02",
    "fiscalDateEnding": "2025-06-30"
  },
  {
    "date": "2025-04-29",
    "symbol": "UPS",
    "eps": 1.49,
    "epsEstimated": 1.38,
    "time": "bmo",
    "revenue": 21546000000,
    "revenueEstimated": 21004531177,
    "updatedFromDate": "2025-07-28",
    "fiscalDateEnding": "2025-03-30"
  },
  {
    "date": "2025-01-30",
    "symbol": "UPS",
    "eps": 2.75,
    "epsEstimated": 2.52,
    "time": "bmo",
    "revenue": 25301000000,
    "revenueEstimated": 25408566955,
    "updatedFromDate": "2025-04-30",
    "fiscalDateEnding": "2024-12-31"
  },
  {
    "date": "2024-10-24",
    "symbol": "UPS",
    "eps": 1.76,
    "epsEstimated": 1.63,
    "time": "bmo",
    "revenue": 22245000000,
    "revenueEstimated": 22101287497,
    "updatedFromDate": "2025-04-25",
    "fiscalDateEnding": "2024-09-30"
  },
  {
    "date": "2024-07-23",
    "symbol": "UPS",
    "eps": 1.79,
    "epsEstimated": 1.99,
    "time": "bmo",
    "revenue": 21771000000,
    "revenueEstimated": 22166450989,
    "updatedFromDate": "2025-04-25",
    "fiscalDateEnding": "2024-06-30"
  },
  {
    "date": "2024-04-23",
    "symbol": "UPS",
    "eps": 1.43,
    "epsEstimated": 1.29,
    "time": "bmo",
    "revenue": 21665000000,
    "revenueEstimated": 21841568245,
    "updatedFromDate": "2025-04-25",
    "fiscalDateEnding": "2024-03-31"
  },
  {
    "date": "2024-01-30",
    "symbol": "UPS",
    "eps": 2.47,
    "epsEstimated": 2.44,
    "time": "bmo",
    "revenue": 24917000000,
    "revenueEstimated": 25448800000,
    "updatedFromDate": "2025-04-25",
    "fiscalDateEnding": "2023-12-31"
  },
  {
    "date": "2023-10-26",
    "symbol": "UPS",
    "eps": 1.57,
    "epsEstimated": 1.52,
    "time": "bmo",
    "revenue": 21061000000,
    "revenueEstimated": 21446000000,
    "updatedFromDate": "2025-04-25",
    "fiscalDateEnding": "2023-09-30"
  },
  {
    "date": "2023-08-08",
    "symbol": "UPS",
    "eps": 2.54,
    "epsEstimated": 2.5,
    "time": "bmo",
    "revenue": 22055000000,
    "revenueEstimated": 23101700000,
    "updatedFromDate": "2025-04-25",
    "fiscalDateEnding": "2023-06-30"
  },
  {
    "date": "2023-04-25",
    "symbol": "UPS",
    "eps": 2.2,
    "epsEstimated": 2.21,
    "time": "bmo",
    "revenue": 22925000000,
    "revenueEstimated": 23005900000,
    "updatedFromDate": "2025-04-25",
    "fiscalDateEnding": "2023-03-31"
  },
  {
    "date": "2023-01-31",
    "symbol": "UPS",
    "eps": 3.62,
    "epsEstimated": 3.59,
    "time": "bmo",
    "revenue": 27033000000,
    "revenueEstimated": 28078988847,
    "updatedFromDate": "2025-04-25",
    "fiscalDateEnding": "2022-12-31"
  },
  {
    "date": "2022-10-25",
    "symbol": "UPS",
    "eps": 2.99,
    "epsEstimated": 2.84,
    "time": "bmo",
    "revenue": 24161000000,
    "revenueEstimated": 24294638601,
    "updatedFromDate": "2025-04-25",
    "fiscalDateEnding": "2022-09-30"
  },
  {
    "date": "2022-07-26",
    "symbol": "UPS",
    "eps": 3.29,
    "epsEstimated": 3.16,
    "time": "bmo",
    "revenue": 24766000000,
    "revenueEstimated": 24647678508,
    "updatedFromDate": "2025-04-25",
    "fiscalDateEnding": "2022-06-30"
  },
  {
    "date": "2022-04-26",
    "symbol": "UPS",
    "eps": 3.05,
    "epsEstimated": 2.88,
    "time": "bmo",
    "revenue": 24378000000,
    "revenueEstimated": 23822363154,
    "updatedFromDate": "2025-04-25",
    "fiscalDateEnding": "2022-03-31"
  },
  {
    "date": "2022-02-01",
    "symbol": "UPS",
    "eps": 3.59,
    "epsEstimated": 3.1,
    "time": "bmo",
    "revenue": 27771000000,
    "revenueEstimated": 27060074623,
    "updatedFromDate": "2025-04-25",
    "fiscalDateEnding": "2021-12-31"
  },
  {
    "date": "2021-10-26",
    "symbol": "UPS",
    "eps": 2.71,
    "epsEstimated": 2.55,
    "time": "bmo",
    "revenue": 23184000000,
    "revenueEstimated": 22651300000,
    "updatedFromDate": "2025-04-25",
    "fiscalDateEnding": "2021-09-30"
  },
  {
    "date": "2021-07-27",
    "symbol": "UPS",
    "eps": 3.06,
    "epsEstimated": 2.82,
    "time": "bmo",
    "revenue": 23424000000,
    "revenueEstimated": 22651300000,
    "updatedFromDate": "2025-04-25",
    "fiscalDateEnding": "2021-06-30"
  },
  {
    "date": "2021-04-27",
    "symbol": "UPS",
    "eps": 2.77,
    "epsEstimated": 1.67,
    "time": "bmo",
    "revenue": 22908000000,
    "revenueEstimated": 22085576160,
    "updatedFromDate": "2025-04-25",
    "fiscalDateEnding": "2021-03-31"
  },
  {
    "date": "2021-02-02",
    "symbol": "UPS",
    "eps": 2.66,
    "epsEstimated": 2.11,
    "time": "bmo",
    "revenue": 24896000000,
    "revenueEstimated": 18846504672,
    "updatedFromDate": "2025-04-25",
    "fiscalDateEnding": "2020-12-31"
  },
  {
    "date": "2020-10-28",
    "symbol": "UPS",
    "eps": 2.28,
    "epsEstimated": 1.9,
    "time": "bmo",
    "revenue": 21238000000,
    "revenueEstimated": 17698333333,
    "updatedFromDate": "2025-04-25",
    "fiscalDateEnding": "2020-09-30"
  },
  {
    "date": "2020-07-30",
    "symbol": "UPS",
    "eps": 2.13,
    "epsEstimated": 1.07,
    "time": "bmo",
    "revenue": 20459000000,
    "revenueEstimated": 18192700040,
    "updatedFromDate": "2025-04-25",
    "fiscalDateEnding": "2020-06-30"
  },
  {
    "date": "2020-04-28",
    "symbol": "UPS",
    "eps": 1.15,
    "epsEstimated": 1.23,
    "time": "bmo",
    "revenue": 18035000000,
    "revenueEstimated": 19289608695,
    "updatedFromDate": "2025-04-25",
    "fiscalDateEnding": "2020-03-31"
  },
  {
    "date": "2020-01-30",
    "symbol": "UPS",
    "eps": 2.11,
    "epsEstimated": 2.1,
    "time": "bmo",
    "revenue": 20568000000,
    "revenueEstimated": 20568000000,
    "updatedFromDate": "2025-04-25",
    "fiscalDateEnding": "2019-12-31"
  },
  {
    "date": "2019-10-22",
    "symbol": "UPS",
    "eps": 2.07,
    "epsEstimated": 2.06,
    "time": "bmo",
    "revenue": 18318000000,
    "revenueEstimated": 18229507246,
    "updatedFromDate": "2025-04-25",
    "fiscalDateEnding": "2019-09-30"
  },
  {
    "date": "2019-07-24",
    "symbol": "UPS",
    "eps": 1.96,
    "epsEstimated": 1.92,
    "time": "bmo",
    "revenue": 18048000000,
    "revenueEstimated": 17771755102,
    "updatedFromDate": "2025-04-25",
    "fiscalDateEnding": "2019-06-30"
  },
  {
    "date": "2019-04-25",
    "symbol": "UPS",
    "eps": 1.39,
    "epsEstimated": 1.41,
    "time": "bmo",
    "revenue": 17160000000,
    "revenueEstimated": 17530359712,
    "updatedFromDate": "2025-04-25",
    "fiscalDateEnding": "2019-03-31"
  },
  {
    "date": "2019-01-31",
    "symbol": "UPS",
    "eps": 1.94,
    "epsEstimated": 1.91,
    "time": "bmo",
    "revenue": 19848000000,
    "revenueEstimated": 19438762886,
    "updatedFromDate": "2025-04-25",
    "fiscalDateEnding": "2018-12-31"
  },
  {
    "date": "2018-10-24",
    "symbol": "UPS",
    "eps": 1.82,
    "epsEstimated": 1.82,
    "time": "bmo",
    "revenue": 17444000000,
    "revenueEstimated": 17444000000,
    "updatedFromDate": "2025-04-25",
    "fiscalDateEnding": "2018-09-30"
  },
  {
    "date": "2018-07-25",
    "symbol": "UPS",
    "eps": 1.94,
    "epsEstimated": 1.93,
    "time": "bmo",
    "revenue": 17456000000,
    "revenueEstimated": 17366020618,
    "updatedFromDate": "2025-04-25",
    "fiscalDateEnding": "2018-06-30"
  },
  {
    "date": "2018-04-26",
    "symbol": "UPS",
    "eps": 1.55,
    "epsEstimated": 1.54,
    "time": "bmo",
    "revenue": 17113000000,
    "revenueEstimated": 17002593548,
    "updatedFromDate": "2025-04-25",
    "fiscalDateEnding": "2018-03-31"
  },
  {
    "date": "2018-02-01",
    "symbol": "UPS",
    "eps": 1.67,
    "epsEstimated": 1.65,
    "time": "bmo",
    "revenue": 18829000000,
    "revenueEstimated": 18861377245,
    "updatedFromDate": "2025-04-25",
    "fiscalDateEnding": "2017-12-31"
  },
  {
    "date": "2017-10-26",
    "symbol": "UPS",
    "eps": 1.45,
    "epsEstimated": 1.45,
    "time": "bmo",
    "revenue": 15978000000,
    "revenueEstimated": 16173000000,
    "updatedFromDate": "2025-04-25",
    "fiscalDateEnding": "2017-09-30"
  },
  {
    "date": "2017-07-27",
    "symbol": "UPS",
    "eps": 1.58,
    "epsEstimated": 1.47,
    "time": "bmo",
    "revenue": 15750000000,
    "revenueEstimated": 14818158227,
    "updatedFromDate": "2025-04-25",
    "fiscalDateEnding": "2017-06-30"
  },
  {
    "date": "2017-04-27",
    "symbol": "UPS",
    "eps": 1.32,
    "epsEstimated": 1.29,
    "time": "bmo",
    "revenue": 15315000000,
    "revenueEstimated": 15157500000,
    "updatedFromDate": "2025-04-25",
    "fiscalDateEnding": "2017-03-31"
  },
  {
    "date": "2017-01-31",
    "symbol": "UPS",
    "eps": 1.63,
    "epsEstimated": 1.68,
    "time": "bmo",
    "revenue": 16931000000,
    "revenueEstimated": 17554226993,
    "updatedFromDate": "2025-04-25",
    "fiscalDateEnding": "2016-12-31"
  },
  {
    "date": "2016-10-27",
    "symbol": "UPS",
    "eps": 1.44,
    "epsEstimated": 1.44,
    "time": "bmo",
    "revenue": 14928000000,
    "revenueEstimated": 14928000000,
    "updatedFromDate": "2025-04-25",
    "fiscalDateEnding": "2016-09-30"
  },
  {
    "date": "2016-07-29",
    "symbol": "UPS",
    "eps": 1.43,
    "epsEstimated": 1.43,
    "time": "bmo",
    "revenue": 14629000000,
    "revenueEstimated": 14629000000,
    "updatedFromDate": "2025-04-25",
    "fiscalDateEnding": "2016-06-30"
  }
]