[
  {
    "date": "2026-04-21",
    "symbol": "URI",
    "eps": null,
    "epsEstimated": null,
    "time": "amc",
    "revenue": null,
    "revenueEstimated": null,
    "updatedFromDate": "2025-10-01",
    "fiscalDateEnding": "2026-03-30"
  },
  {
    "date": "2026-01-27",
    "symbol": "URI",
    "eps": null,
    "epsEstimated": null,
    "time": "amc",
    "revenue": null,
    "revenueEstimated": null,
    "updatedFromDate": "2025-10-01",
    "fiscalDateEnding": "2025-12-30"
  },
  {
    "date": "2025-10-22",
    "symbol": "URI",
    "eps": null,
    "epsEstimated": 12.43,
    "time": "bmo",
    "revenue": null,
    "revenueEstimated": 4161771790,
    "updatedFromDate": "2025-10-01",
    "fiscalDateEnding": "2025-09-30"
  },
  {
    "date": "2025-07-23",
    "symbol": "URI",
    "eps": 10.47,
    "epsEstimated": 10.51,
    "time": "amc",
    "revenue": 3943000000,
    "revenueEstimated": 3891358067,
    "updatedFromDate": "2025-10-01",
    "fiscalDateEnding": "2025-06-30"
  },
  {
    "date": "2025-04-23",
    "symbol": "URI",
    "eps": 8.86,
    "epsEstimated": 8.78,
    "time": "amc",
    "revenue": 3719000000,
    "revenueEstimated": 3598883413,
    "updatedFromDate": "2025-07-20",
    "fiscalDateEnding": "2025-03-31"
  },
  {
    "date": "2025-01-29",
    "symbol": "URI",
    "eps": 11.59,
    "epsEstimated": 11.68,
    "time": "amc",
    "revenue": 4095000000,
    "revenueEstimated": 3928109013,
    "updatedFromDate": "2025-04-29",
    "fiscalDateEnding": "2024-12-31"
  },
  {
    "date": "2024-10-23",
    "symbol": "URI",
    "eps": 11.8,
    "epsEstimated": 12.48,
    "time": "amc",
    "revenue": 3992000000,
    "revenueEstimated": 4007478484,
    "updatedFromDate": "2025-04-24",
    "fiscalDateEnding": "2024-09-30"
  },
  {
    "date": "2024-07-24",
    "symbol": "URI",
    "eps": 10.7,
    "epsEstimated": 10.54,
    "time": "amc",
    "revenue": 3773000000,
    "revenueEstimated": 3764860999,
    "updatedFromDate": "2025-04-24",
    "fiscalDateEnding": "2024-06-30"
  },
  {
    "date": "2024-04-24",
    "symbol": "URI",
    "eps": 9.15,
    "epsEstimated": 8.33,
    "time": "amc",
    "revenue": 3485000000,
    "revenueEstimated": 3442207742,
    "updatedFromDate": "2025-04-24",
    "fiscalDateEnding": "2024-03-31"
  },
  {
    "date": "2024-01-24",
    "symbol": "URI",
    "eps": 11.26,
    "epsEstimated": 10.93,
    "time": "amc",
    "revenue": 3728000000,
    "revenueEstimated": 3623780000,
    "updatedFromDate": "2025-04-24",
    "fiscalDateEnding": "2023-12-31"
  },
  {
    "date": "2023-10-25",
    "symbol": "URI",
    "eps": 11.73,
    "epsEstimated": 11.2,
    "time": "amc",
    "revenue": 3765000000,
    "revenueEstimated": 3697240000,
    "updatedFromDate": "2025-04-24",
    "fiscalDateEnding": "2023-09-30"
  },
  {
    "date": "2023-07-26",
    "symbol": "URI",
    "eps": 9.88,
    "epsEstimated": 9.01,
    "time": "amc",
    "revenue": 3554000000,
    "revenueEstimated": 3706170000,
    "updatedFromDate": "2025-04-24",
    "fiscalDateEnding": "2023-06-30"
  },
  {
    "date": "2023-04-26",
    "symbol": "URI",
    "eps": 7.95,
    "epsEstimated": 7.92,
    "time": "amc",
    "revenue": 3285000000,
    "revenueEstimated": 3149600000,
    "updatedFromDate": "2025-04-24",
    "fiscalDateEnding": "2023-03-31"
  },
  {
    "date": "2023-01-25",
    "symbol": "URI",
    "eps": 9.74,
    "epsEstimated": 10.38,
    "time": "amc",
    "revenue": 3296000000,
    "revenueEstimated": 3302063069,
    "updatedFromDate": "2025-04-24",
    "fiscalDateEnding": "2022-12-31"
  },
  {
    "date": "2022-10-26",
    "symbol": "URI",
    "eps": 9.27,
    "epsEstimated": 9.07,
    "time": "amc",
    "revenue": 3051000000,
    "revenueEstimated": 3070702577,
    "updatedFromDate": "2025-04-24",
    "fiscalDateEnding": "2022-09-30"
  },
  {
    "date": "2022-07-27",
    "symbol": "URI",
    "eps": 7.86,
    "epsEstimated": 6.46,
    "time": "amc",
    "revenue": 2771000000,
    "revenueEstimated": 2703701726,
    "updatedFromDate": "2025-04-24",
    "fiscalDateEnding": "2022-06-30"
  },
  {
    "date": "2022-04-27",
    "symbol": "URI",
    "eps": 5.73,
    "epsEstimated": 5,
    "time": "amc",
    "revenue": 2524000000,
    "revenueEstimated": 2446239862,
    "updatedFromDate": "2025-04-24",
    "fiscalDateEnding": "2022-03-31"
  },
  {
    "date": "2022-01-26",
    "symbol": "URI",
    "eps": 7.39,
    "epsEstimated": 6.72,
    "time": "amc",
    "revenue": 2776000000,
    "revenueEstimated": 2740710000,
    "updatedFromDate": "2025-04-24",
    "fiscalDateEnding": "2021-12-31"
  },
  {
    "date": "2021-10-27",
    "symbol": "URI",
    "eps": 6.58,
    "epsEstimated": 6.8,
    "time": "amc",
    "revenue": 2596000000,
    "revenueEstimated": 2591030000,
    "updatedFromDate": "2025-04-24",
    "fiscalDateEnding": "2021-09-30"
  },
  {
    "date": "2021-07-28",
    "symbol": "URI",
    "eps": 4.66,
    "epsEstimated": 4.88,
    "time": "amc",
    "revenue": 2287000000,
    "revenueEstimated": 2559320000,
    "updatedFromDate": "2025-04-24",
    "fiscalDateEnding": "2021-06-30"
  },
  {
    "date": "2021-04-28",
    "symbol": "URI",
    "eps": 3.45,
    "epsEstimated": 3.07,
    "time": "amc",
    "revenue": 2057000000,
    "revenueEstimated": 1982830000,
    "updatedFromDate": "2025-04-24",
    "fiscalDateEnding": "2021-03-31"
  },
  {
    "date": "2021-01-27",
    "symbol": "URI",
    "eps": 5.04,
    "epsEstimated": 4.23,
    "time": "amc",
    "revenue": 2279000000,
    "revenueEstimated": 2165080000,
    "updatedFromDate": "2025-04-24",
    "fiscalDateEnding": "2020-12-31"
  },
  {
    "date": "2020-10-28",
    "symbol": "URI",
    "eps": 5.4,
    "epsEstimated": 4.33,
    "time": "amc",
    "revenue": 2187000000,
    "revenueEstimated": 1761749999,
    "updatedFromDate": "2025-04-24",
    "fiscalDateEnding": "2020-09-30"
  },
  {
    "date": "2020-07-29",
    "symbol": "URI",
    "eps": 3.68,
    "epsEstimated": 1.86,
    "time": "amc",
    "revenue": 1939000000,
    "revenueEstimated": 1763351416,
    "updatedFromDate": "2025-04-24",
    "fiscalDateEnding": "2020-06-30"
  },
  {
    "date": "2020-04-29",
    "symbol": "URI",
    "eps": 3.35,
    "epsEstimated": 2.34,
    "time": "amc",
    "revenue": 2125000000,
    "revenueEstimated": 1706343283,
    "updatedFromDate": "2025-04-24",
    "fiscalDateEnding": "2020-03-31"
  },
  {
    "date": "2020-01-29",
    "symbol": "URI",
    "eps": 5.6,
    "epsEstimated": 5.22,
    "time": "amc",
    "revenue": 2456000000,
    "revenueEstimated": 2289342857,
    "updatedFromDate": "2025-04-24",
    "fiscalDateEnding": "2019-12-31"
  },
  {
    "date": "2019-10-16",
    "symbol": "URI",
    "eps": 5.96,
    "epsEstimated": 5.59,
    "time": "amc",
    "revenue": 2488000000,
    "revenueEstimated": 2333543624,
    "updatedFromDate": "2025-04-24",
    "fiscalDateEnding": "2019-09-30"
  },
  {
    "date": "2019-07-17",
    "symbol": "URI",
    "eps": 4.74,
    "epsEstimated": 4.48,
    "time": "amc",
    "revenue": 2290000000,
    "revenueEstimated": 2169219409,
    "updatedFromDate": "2025-04-24",
    "fiscalDateEnding": "2019-06-30"
  },
  {
    "date": "2019-04-17",
    "symbol": "URI",
    "eps": 3.31,
    "epsEstimated": 3.06,
    "time": "amc",
    "revenue": 2117000000,
    "revenueEstimated": 1937918429,
    "updatedFromDate": "2025-04-24",
    "fiscalDateEnding": "2019-03-31"
  },
  {
    "date": "2019-01-23",
    "symbol": "URI",
    "eps": 4.85,
    "epsEstimated": 4.9,
    "time": "amc",
    "revenue": 2306000000,
    "revenueEstimated": 2329773195,
    "updatedFromDate": "2025-04-24",
    "fiscalDateEnding": "2018-12-31"
  },
  {
    "date": "2018-10-17",
    "symbol": "URI",
    "eps": 4.74,
    "epsEstimated": 4.61,
    "time": "amc",
    "revenue": 2116000000,
    "revenueEstimated": 2057966244,
    "updatedFromDate": "2025-04-24",
    "fiscalDateEnding": "2018-09-30"
  },
  {
    "date": "2018-07-18",
    "symbol": "URI",
    "eps": 3.85,
    "epsEstimated": 3.45,
    "time": "amc",
    "revenue": 1891000000,
    "revenueEstimated": 1694532467,
    "updatedFromDate": "2025-04-24",
    "fiscalDateEnding": "2018-06-30"
  },
  {
    "date": "2018-04-18",
    "symbol": "URI",
    "eps": 2.87,
    "epsEstimated": 2.38,
    "time": "amc",
    "revenue": 1734000000,
    "revenueEstimated": 1480243902,
    "updatedFromDate": "2025-04-24",
    "fiscalDateEnding": "2018-03-31"
  },
  {
    "date": "2018-01-24",
    "symbol": "URI",
    "eps": 3.34,
    "epsEstimated": 3.34,
    "time": "amc",
    "revenue": 1922000000,
    "revenueEstimated": 1887473053,
    "updatedFromDate": "2025-04-24",
    "fiscalDateEnding": "2017-12-31"
  },
  {
    "date": "2017-10-18",
    "symbol": "URI",
    "eps": 3.25,
    "epsEstimated": 3,
    "time": "amc",
    "revenue": 1766000000,
    "revenueEstimated": 1619286153,
    "updatedFromDate": "2025-04-24",
    "fiscalDateEnding": "2017-09-30"
  },
  {
    "date": "2017-07-19",
    "symbol": "URI",
    "eps": 2.37,
    "epsEstimated": 2.31,
    "time": "amc",
    "revenue": 1597000000,
    "revenueEstimated": 1543092827,
    "updatedFromDate": "2025-04-24",
    "fiscalDateEnding": "2017-06-30"
  },
  {
    "date": "2017-04-19",
    "symbol": "URI",
    "eps": 1.63,
    "epsEstimated": 1.52,
    "time": "amc",
    "revenue": 1356000000,
    "revenueEstimated": 1264490797,
    "updatedFromDate": "2025-04-24",
    "fiscalDateEnding": "2017-03-31"
  },
  {
    "date": "2017-01-25",
    "symbol": "URI",
    "eps": 2.67,
    "epsEstimated": 2.3,
    "time": "amc",
    "revenue": 1523000000,
    "revenueEstimated": 1277722846,
    "updatedFromDate": "2025-04-24",
    "fiscalDateEnding": "2016-12-31"
  },
  {
    "date": "2016-10-19",
    "symbol": "URI",
    "eps": 2.58,
    "epsEstimated": 2.44,
    "time": "amc",
    "revenue": 1508000000,
    "revenueEstimated": 1426170542,
    "updatedFromDate": "2025-04-24",
    "fiscalDateEnding": "2016-09-30"
  },
  {
    "date": "2016-07-20",
    "symbol": "URI",
    "eps": 2.06,
    "epsEstimated": 1.83,
    "time": "amc",
    "revenue": 1421000000,
    "revenueEstimated": 1255446601,
    "updatedFromDate": "2025-04-24",
    "fiscalDateEnding": "2016-06-30"
  }
]