[
  {
    "date": "2026-04-28",
    "symbol": "VICI",
    "eps": null,
    "epsEstimated": null,
    "time": "amc",
    "revenue": null,
    "revenueEstimated": null,
    "updatedFromDate": "2025-10-02",
    "fiscalDateEnding": "2026-03-30"
  },
  {
    "date": "2026-02-18",
    "symbol": "VICI",
    "eps": null,
    "epsEstimated": null,
    "time": "amc",
    "revenue": null,
    "revenueEstimated": null,
    "updatedFromDate": "2025-10-02",
    "fiscalDateEnding": "2025-12-30"
  },
  {
    "date": "2025-10-30",
    "symbol": "VICI",
    "eps": null,
    "epsEstimated": 0.61,
    "time": "amc",
    "revenue": null,
    "revenueEstimated": 1002283040,
    "updatedFromDate": "2025-10-02",
    "fiscalDateEnding": "2025-09-30"
  },
  {
    "date": "2025-07-30",
    "symbol": "VICI",
    "eps": 0.82,
    "epsEstimated": 0.6,
    "time": "amc",
    "revenue": 1001334000,
    "revenueEstimated": 993901480,
    "updatedFromDate": "2025-10-02",
    "fiscalDateEnding": "2025-06-30"
  },
  {
    "date": "2025-04-30",
    "symbol": "VICI",
    "eps": 0.51,
    "epsEstimated": 0.58,
    "time": "amc",
    "revenue": 984204000,
    "revenueEstimated": 977033370,
    "updatedFromDate": "2025-09-09",
    "fiscalDateEnding": "2025-03-31"
  },
  {
    "date": "2025-02-20",
    "symbol": "VICI",
    "eps": 0.58,
    "epsEstimated": 0.67,
    "time": "amc",
    "revenue": 976052000,
    "revenueEstimated": 969288560,
    "updatedFromDate": "2025-09-09",
    "fiscalDateEnding": "2024-12-31"
  },
  {
    "date": "2024-10-31",
    "symbol": "VICI",
    "eps": 0.7,
    "epsEstimated": 0.67,
    "time": "amc",
    "revenue": 964669000,
    "revenueEstimated": 971780000,
    "updatedFromDate": "2025-09-09",
    "fiscalDateEnding": "2024-09-30"
  },
  {
    "date": "2024-07-31",
    "symbol": "VICI",
    "eps": 0.71,
    "epsEstimated": 0.68,
    "time": "amc",
    "revenue": 957003000,
    "revenueEstimated": 952440000,
    "updatedFromDate": "2025-09-09",
    "fiscalDateEnding": "2024-06-30"
  },
  {
    "date": "2024-05-01",
    "symbol": "VICI",
    "eps": 0.57,
    "epsEstimated": 0.66,
    "time": "amc",
    "revenue": 951481000,
    "revenueEstimated": 936670000,
    "updatedFromDate": "2025-09-09",
    "fiscalDateEnding": "2024-03-31"
  },
  {
    "date": "2024-02-22",
    "symbol": "VICI",
    "eps": 0.72,
    "epsEstimated": 0.65,
    "time": "amc",
    "revenue": 931865000,
    "revenueEstimated": 921180000,
    "updatedFromDate": "2025-09-09",
    "fiscalDateEnding": "2023-12-31"
  },
  {
    "date": "2023-10-25",
    "symbol": "VICI",
    "eps": 0.55,
    "epsEstimated": 0.63,
    "time": "amc",
    "revenue": 904318000,
    "revenueEstimated": 898800000,
    "updatedFromDate": "2025-09-09",
    "fiscalDateEnding": "2023-09-30"
  },
  {
    "date": "2023-07-26",
    "symbol": "VICI",
    "eps": 0.69,
    "epsEstimated": 0.62,
    "time": "amc",
    "revenue": 898158000,
    "revenueEstimated": 888640000,
    "updatedFromDate": "2025-09-09",
    "fiscalDateEnding": "2023-06-30"
  },
  {
    "date": "2023-05-01",
    "symbol": "VICI",
    "eps": 0.52,
    "epsEstimated": 0.56,
    "time": "amc",
    "revenue": 877647000,
    "revenueEstimated": 856020000,
    "updatedFromDate": "2025-09-09",
    "fiscalDateEnding": "2023-03-31"
  },
  {
    "date": "2023-02-23",
    "symbol": "VICI",
    "eps": 0.63,
    "epsEstimated": 0.58,
    "time": "amc",
    "revenue": 769906000,
    "revenueEstimated": 747708255,
    "updatedFromDate": "2025-09-09",
    "fiscalDateEnding": "2022-12-31"
  },
  {
    "date": "2022-10-27",
    "symbol": "VICI",
    "eps": 0.34,
    "epsEstimated": 0.57,
    "time": "amc",
    "revenue": 751543000,
    "revenueEstimated": 726928331,
    "updatedFromDate": "2025-09-09",
    "fiscalDateEnding": "2022-09-30"
  },
  {
    "date": "2022-07-27",
    "symbol": "VICI",
    "eps": 0.48,
    "epsEstimated": 0.48,
    "time": "amc",
    "revenue": 662623000,
    "revenueEstimated": 598132699,
    "updatedFromDate": "2025-09-09",
    "fiscalDateEnding": "2022-06-30"
  },
  {
    "date": "2022-05-04",
    "symbol": "VICI",
    "eps": 0.35,
    "epsEstimated": 0.42,
    "time": "amc",
    "revenue": 416625000,
    "revenueEstimated": 411141156,
    "updatedFromDate": "2025-09-09",
    "fiscalDateEnding": "2022-03-31"
  },
  {
    "date": "2022-02-23",
    "symbol": "VICI",
    "eps": 0.44,
    "epsEstimated": 0.45,
    "time": "amc",
    "revenue": 383154000,
    "revenueEstimated": 377115153,
    "updatedFromDate": "2025-09-09",
    "fiscalDateEnding": "2021-12-31"
  },
  {
    "date": "2021-10-27",
    "symbol": "VICI",
    "eps": 0.28,
    "epsEstimated": 0.47,
    "time": "amc",
    "revenue": 375704000,
    "revenueEstimated": 369890000,
    "updatedFromDate": "2025-09-09",
    "fiscalDateEnding": "2021-09-30"
  },
  {
    "date": "2021-07-28",
    "symbol": "VICI",
    "eps": 0.54,
    "epsEstimated": 0.5,
    "time": "amc",
    "revenue": 376400000,
    "revenueEstimated": 369310000,
    "updatedFromDate": "2025-09-09",
    "fiscalDateEnding": "2021-06-30"
  },
  {
    "date": "2021-04-29",
    "symbol": "VICI",
    "eps": 0.5,
    "epsEstimated": 0.49,
    "time": "amc",
    "revenue": 374310000,
    "revenueEstimated": 363390000,
    "updatedFromDate": "2025-09-09",
    "fiscalDateEnding": "2021-03-31"
  },
  {
    "date": "2021-02-18",
    "symbol": "VICI",
    "eps": 0.53,
    "epsEstimated": 0.48,
    "time": "amc",
    "revenue": 373018000,
    "revenueEstimated": 334161958,
    "updatedFromDate": "2025-09-09",
    "fiscalDateEnding": "2020-12-31"
  },
  {
    "date": "2020-10-28",
    "symbol": "VICI",
    "eps": 0.74,
    "epsEstimated": 0.34,
    "time": "amc",
    "revenue": 339653000,
    "revenueEstimated": 333783995,
    "updatedFromDate": "2025-09-09",
    "fiscalDateEnding": "2020-09-30"
  },
  {
    "date": "2020-07-29",
    "symbol": "VICI",
    "eps": 0.34,
    "epsEstimated": 0.36,
    "time": "amc",
    "revenue": 257902000,
    "revenueEstimated": 197541957,
    "updatedFromDate": "2025-09-09",
    "fiscalDateEnding": "2020-06-30"
  },
  {
    "date": "2020-04-30",
    "symbol": "VICI",
    "eps": -0.05,
    "epsEstimated": 0.37,
    "time": "amc",
    "revenue": 255001000,
    "revenueEstimated": 1683006600,
    "updatedFromDate": "2025-09-09",
    "fiscalDateEnding": "2020-03-31"
  },
  {
    "date": "2020-02-20",
    "symbol": "VICI",
    "eps": 0.21,
    "epsEstimated": 0.33,
    "time": "amc",
    "revenue": 237537000,
    "revenueEstimated": 373272428,
    "updatedFromDate": "2025-09-09",
    "fiscalDateEnding": "2019-12-31"
  },
  {
    "date": "2019-10-31",
    "symbol": "VICI",
    "eps": 0.31,
    "epsEstimated": 0.33,
    "time": "amc",
    "revenue": 222513000,
    "revenueEstimated": 244046516,
    "updatedFromDate": "2025-09-09",
    "fiscalDateEnding": "2019-09-30"
  },
  {
    "date": "2019-07-31",
    "symbol": "VICI",
    "eps": 0.37,
    "epsEstimated": 0.37,
    "time": "amc",
    "revenue": 220746000,
    "revenueEstimated": 220746000,
    "updatedFromDate": "2025-09-09",
    "fiscalDateEnding": "2019-06-30"
  },
  {
    "date": "2019-05-01",
    "symbol": "VICI",
    "eps": 0.37,
    "epsEstimated": 0.36,
    "time": "amc",
    "revenue": 214002000,
    "revenueEstimated": 208218162,
    "updatedFromDate": "2025-09-09",
    "fiscalDateEnding": "2019-03-31"
  },
  {
    "date": "2019-02-14",
    "symbol": "VICI",
    "eps": 0.37,
    "epsEstimated": 0.37,
    "time": "amc",
    "revenue": 226039000,
    "revenueEstimated": 232148162,
    "updatedFromDate": "2025-09-09",
    "fiscalDateEnding": "2018-12-31"
  },
  {
    "date": "2018-11-01",
    "symbol": "VICI",
    "eps": 0.35,
    "epsEstimated": 0.39,
    "time": "amc",
    "revenue": 232687000,
    "revenueEstimated": 259294285,
    "updatedFromDate": "2025-09-09",
    "fiscalDateEnding": "2018-09-30"
  },
  {
    "date": "2018-08-02",
    "symbol": "VICI",
    "eps": 0.38,
    "epsEstimated": 0.37,
    "time": "amc",
    "revenue": 220975000,
    "revenueEstimated": 215184210,
    "updatedFromDate": "2025-09-09",
    "fiscalDateEnding": "2018-06-30"
  },
  {
    "date": "2018-05-03",
    "symbol": "VICI",
    "eps": 0.33,
    "epsEstimated": 0.34,
    "time": "amc",
    "revenue": 218276000,
    "revenueEstimated": 224915151,
    "updatedFromDate": "2025-09-09",
    "fiscalDateEnding": "2018-03-31"
  },
  {
    "date": "2018-03-08",
    "symbol": "VICI",
    "eps": 0.19,
    "epsEstimated": 0.33,
    "time": "bmo",
    "revenue": 187609000,
    "revenueEstimated": 301831894,
    "updatedFromDate": "2025-09-09",
    "fiscalDateEnding": "2017-12-31"
  },
  {
    "date": "2016-12-30",
    "symbol": "VICI",
    "eps": 0.00021,
    "epsEstimated": null,
    "time": "amc",
    "revenue": 4823000,
    "revenueEstimated": null,
    "updatedFromDate": "2025-09-09",
    "fiscalDateEnding": "2016-12-31"
  }
]