[
  {
    "date": "2026-04-22",
    "symbol": "VLO",
    "eps": null,
    "epsEstimated": null,
    "time": "bmo",
    "revenue": null,
    "revenueEstimated": null,
    "updatedFromDate": "2025-10-02",
    "fiscalDateEnding": "2026-03-30"
  },
  {
    "date": "2026-01-28",
    "symbol": "VLO",
    "eps": null,
    "epsEstimated": null,
    "time": "bmo",
    "revenue": null,
    "revenueEstimated": null,
    "updatedFromDate": "2025-10-02",
    "fiscalDateEnding": "2025-12-30"
  },
  {
    "date": "2025-10-23",
    "symbol": "VLO",
    "eps": null,
    "epsEstimated": 3.15,
    "time": "bmo",
    "revenue": null,
    "revenueEstimated": 28796430060,
    "updatedFromDate": "2025-10-02",
    "fiscalDateEnding": "2025-09-30"
  },
  {
    "date": "2025-07-24",
    "symbol": "VLO",
    "eps": 2.28,
    "epsEstimated": 1.75,
    "time": "bmo",
    "revenue": 29889000000,
    "revenueEstimated": 27507694531,
    "updatedFromDate": "2025-10-02",
    "fiscalDateEnding": "2025-06-30"
  },
  {
    "date": "2025-04-24",
    "symbol": "VLO",
    "eps": 0.89,
    "epsEstimated": 0.4103,
    "time": "bmo",
    "revenue": 30258000000,
    "revenueEstimated": 28758332229,
    "updatedFromDate": "2025-07-24",
    "fiscalDateEnding": "2025-03-31"
  },
  {
    "date": "2025-01-30",
    "symbol": "VLO",
    "eps": 0.64,
    "epsEstimated": 0.06888,
    "time": "bmo",
    "revenue": 30756000000,
    "revenueEstimated": 30022863496,
    "updatedFromDate": "2025-04-30",
    "fiscalDateEnding": "2024-12-31"
  },
  {
    "date": "2024-10-24",
    "symbol": "VLO",
    "eps": 1.14,
    "epsEstimated": 0.98,
    "time": "bmo",
    "revenue": 32852000000,
    "revenueEstimated": 31037596120,
    "updatedFromDate": "2025-04-25",
    "fiscalDateEnding": "2024-09-30"
  },
  {
    "date": "2024-07-25",
    "symbol": "VLO",
    "eps": 2.71,
    "epsEstimated": 2.6,
    "time": "bmo",
    "revenue": 34463000000,
    "revenueEstimated": 32968359516,
    "updatedFromDate": "2025-04-25",
    "fiscalDateEnding": "2024-06-30"
  },
  {
    "date": "2024-04-25",
    "symbol": "VLO",
    "eps": 3.82,
    "epsEstimated": 3.24,
    "time": "bmo",
    "revenue": 31739000000,
    "revenueEstimated": 32237205846,
    "updatedFromDate": "2025-04-25",
    "fiscalDateEnding": "2024-03-31"
  },
  {
    "date": "2024-01-25",
    "symbol": "VLO",
    "eps": 3.55,
    "epsEstimated": 2.96,
    "time": "bmo",
    "revenue": 35414000000,
    "revenueEstimated": 35874800000,
    "updatedFromDate": "2025-04-25",
    "fiscalDateEnding": "2023-12-31"
  },
  {
    "date": "2023-10-26",
    "symbol": "VLO",
    "eps": 7.49,
    "epsEstimated": 7.47,
    "time": "bmo",
    "revenue": 38404000000,
    "revenueEstimated": 38563300000,
    "updatedFromDate": "2025-04-25",
    "fiscalDateEnding": "2023-09-30"
  },
  {
    "date": "2023-07-27",
    "symbol": "VLO",
    "eps": 5.4,
    "epsEstimated": 5.08,
    "time": "bmo",
    "revenue": 34509000000,
    "revenueEstimated": 34367400000,
    "updatedFromDate": "2025-04-25",
    "fiscalDateEnding": "2023-06-30"
  },
  {
    "date": "2023-04-27",
    "symbol": "VLO",
    "eps": 8.27,
    "epsEstimated": 7.23,
    "time": "bmo",
    "revenue": 36439000000,
    "revenueEstimated": 35414100000,
    "updatedFromDate": "2025-04-25",
    "fiscalDateEnding": "2023-03-31"
  },
  {
    "date": "2023-01-26",
    "symbol": "VLO",
    "eps": 8.45,
    "epsEstimated": 7.37,
    "time": "bmo",
    "revenue": 41746000000,
    "revenueEstimated": 39518190015,
    "updatedFromDate": "2025-04-25",
    "fiscalDateEnding": "2022-12-31"
  },
  {
    "date": "2022-10-25",
    "symbol": "VLO",
    "eps": 7.15,
    "epsEstimated": 6.85,
    "time": "bmo",
    "revenue": 44454000000,
    "revenueEstimated": 38780275087,
    "updatedFromDate": "2025-04-25",
    "fiscalDateEnding": "2022-09-30"
  },
  {
    "date": "2022-07-28",
    "symbol": "VLO",
    "eps": 11.36,
    "epsEstimated": 9.58,
    "time": "bmo",
    "revenue": 51641000000,
    "revenueEstimated": 41250118333,
    "updatedFromDate": "2025-04-25",
    "fiscalDateEnding": "2022-06-30"
  },
  {
    "date": "2022-04-26",
    "symbol": "VLO",
    "eps": 2.31,
    "epsEstimated": 1.66,
    "time": "bmo",
    "revenue": 38542000000,
    "revenueEstimated": 31639142333,
    "updatedFromDate": "2025-04-25",
    "fiscalDateEnding": "2022-03-31"
  },
  {
    "date": "2022-01-27",
    "symbol": "VLO",
    "eps": 2.47,
    "epsEstimated": 1.84,
    "time": "bmo",
    "revenue": 35903000000,
    "revenueEstimated": 28811800000,
    "updatedFromDate": "2025-04-25",
    "fiscalDateEnding": "2021-12-31"
  },
  {
    "date": "2021-10-21",
    "symbol": "VLO",
    "eps": 1.22,
    "epsEstimated": 0.92,
    "time": "bmo",
    "revenue": 29520000000,
    "revenueEstimated": 24725000000,
    "updatedFromDate": "2025-04-25",
    "fiscalDateEnding": "2021-09-30"
  },
  {
    "date": "2021-07-29",
    "symbol": "VLO",
    "eps": 0.48,
    "epsEstimated": 0.14,
    "time": "bmo",
    "revenue": 27748000000,
    "revenueEstimated": 21747300000,
    "updatedFromDate": "2025-04-25",
    "fiscalDateEnding": "2021-06-30"
  },
  {
    "date": "2021-04-22",
    "symbol": "VLO",
    "eps": -1.73,
    "epsEstimated": -1.91,
    "time": "bmo",
    "revenue": 20806000000,
    "revenueEstimated": 22567354497,
    "updatedFromDate": "2025-04-25",
    "fiscalDateEnding": "2021-03-31"
  },
  {
    "date": "2021-01-28",
    "symbol": "VLO",
    "eps": -1.06,
    "epsEstimated": -1.48,
    "time": "bmo",
    "revenue": 16604000000,
    "revenueEstimated": 21741070422,
    "updatedFromDate": "2025-04-25",
    "fiscalDateEnding": "2020-12-31"
  },
  {
    "date": "2020-10-22",
    "symbol": "VLO",
    "eps": -1.16,
    "epsEstimated": -1.35,
    "time": "bmo",
    "revenue": 15809000000,
    "revenueEstimated": 20817612068,
    "updatedFromDate": "2025-04-25",
    "fiscalDateEnding": "2020-09-30"
  },
  {
    "date": "2020-07-30",
    "symbol": "VLO",
    "eps": -1.25,
    "epsEstimated": -1.42,
    "time": "bmo",
    "revenue": 10397000000,
    "revenueEstimated": 11727815999,
    "updatedFromDate": "2025-04-25",
    "fiscalDateEnding": "2020-06-30"
  },
  {
    "date": "2020-04-29",
    "symbol": "VLO",
    "eps": 0.34,
    "epsEstimated": -0.15,
    "time": "bmo",
    "revenue": 22102000000,
    "revenueEstimated": 9750882352,
    "updatedFromDate": "2025-04-25",
    "fiscalDateEnding": "2020-03-31"
  },
  {
    "date": "2020-01-30",
    "symbol": "VLO",
    "eps": 2.13,
    "epsEstimated": 1.62,
    "time": "bmo",
    "revenue": 27879000000,
    "revenueEstimated": 21203746478,
    "updatedFromDate": "2025-04-25",
    "fiscalDateEnding": "2019-12-31"
  },
  {
    "date": "2019-10-24",
    "symbol": "VLO",
    "eps": 1.48,
    "epsEstimated": 1.35,
    "time": "bmo",
    "revenue": 27249000000,
    "revenueEstimated": 24855506756,
    "updatedFromDate": "2025-04-25",
    "fiscalDateEnding": "2019-09-30"
  },
  {
    "date": "2019-07-25",
    "symbol": "VLO",
    "eps": 1.51,
    "epsEstimated": 1.37,
    "time": "bmo",
    "revenue": 28933000000,
    "revenueEstimated": 26250470198,
    "updatedFromDate": "2025-04-25",
    "fiscalDateEnding": "2019-06-30"
  },
  {
    "date": "2019-04-25",
    "symbol": "VLO",
    "eps": 0.34,
    "epsEstimated": 0.23,
    "time": "bmo",
    "revenue": 24263000000,
    "revenueEstimated": 16413205882,
    "updatedFromDate": "2025-04-25",
    "fiscalDateEnding": "2019-03-31"
  },
  {
    "date": "2019-01-31",
    "symbol": "VLO",
    "eps": 2.12,
    "epsEstimated": 1.07,
    "time": "bmo",
    "revenue": 28730000000,
    "revenueEstimated": 22708887580,
    "updatedFromDate": "2025-04-25",
    "fiscalDateEnding": "2018-12-31"
  },
  {
    "date": "2018-10-25",
    "symbol": "VLO",
    "eps": 2.01,
    "epsEstimated": 1.95,
    "time": "bmo",
    "revenue": 30849000000,
    "revenueEstimated": 29928134328,
    "updatedFromDate": "2025-04-25",
    "fiscalDateEnding": "2018-09-30"
  },
  {
    "date": "2018-07-26",
    "symbol": "VLO",
    "eps": 2.15,
    "epsEstimated": 1.98,
    "time": "bmo",
    "revenue": 31015000000,
    "revenueEstimated": 28562651162,
    "updatedFromDate": "2025-04-25",
    "fiscalDateEnding": "2018-06-30"
  },
  {
    "date": "2018-04-26",
    "symbol": "VLO",
    "eps": 1,
    "epsEstimated": 0.94,
    "time": "bmo",
    "revenue": 26439000000,
    "revenueEstimated": 24852660000,
    "updatedFromDate": "2025-04-25",
    "fiscalDateEnding": "2018-03-31"
  },
  {
    "date": "2018-02-01",
    "symbol": "VLO",
    "eps": 1.16,
    "epsEstimated": 1.06,
    "time": "bmo",
    "revenue": 26392000000,
    "revenueEstimated": 24571862068,
    "updatedFromDate": "2025-04-25",
    "fiscalDateEnding": "2017-12-31"
  },
  {
    "date": "2017-10-26",
    "symbol": "VLO",
    "eps": 1.91,
    "epsEstimated": 1.83,
    "time": "bmo",
    "revenue": 23562000000,
    "revenueEstimated": 22575109947,
    "updatedFromDate": "2025-04-25",
    "fiscalDateEnding": "2017-09-30"
  },
  {
    "date": "2017-07-27",
    "symbol": "VLO",
    "eps": 1.23,
    "epsEstimated": 1.1,
    "time": "bmo",
    "revenue": 22254000000,
    "revenueEstimated": 19901951219,
    "updatedFromDate": "2025-04-25",
    "fiscalDateEnding": "2017-06-30"
  },
  {
    "date": "2017-04-25",
    "symbol": "VLO",
    "eps": 0.68,
    "epsEstimated": 0.6,
    "time": "bmo",
    "revenue": 21772000000,
    "revenueEstimated": 19210588235,
    "updatedFromDate": "2025-04-25",
    "fiscalDateEnding": "2017-03-31"
  },
  {
    "date": "2017-01-31",
    "symbol": "VLO",
    "eps": 0.81,
    "epsEstimated": 0.77,
    "time": "bmo",
    "revenue": 20712000000,
    "revenueEstimated": 19689185185,
    "updatedFromDate": "2025-04-25",
    "fiscalDateEnding": "2016-12-31"
  },
  {
    "date": "2016-10-25",
    "symbol": "VLO",
    "eps": 1.24,
    "epsEstimated": 0.93,
    "time": "bmo",
    "revenue": 19649000000,
    "revenueEstimated": 14736750000,
    "updatedFromDate": "2025-04-25",
    "fiscalDateEnding": "2016-09-30"
  },
  {
    "date": "2016-07-26",
    "symbol": "VLO",
    "eps": 1.07,
    "epsEstimated": 1.01,
    "time": "bmo",
    "revenue": 19584000000,
    "revenueEstimated": 18302803738,
    "updatedFromDate": "2025-04-25",
    "fiscalDateEnding": "2016-06-30"
  }
]