[
  {
    "date": "2026-04-27",
    "symbol": "VLTO",
    "eps": null,
    "epsEstimated": null,
    "time": "amc",
    "revenue": null,
    "revenueEstimated": null,
    "updatedFromDate": "2025-10-02",
    "fiscalDateEnding": "2026-04-04"
  },
  {
    "date": "2026-02-02",
    "symbol": "VLTO",
    "eps": null,
    "epsEstimated": null,
    "time": "amc",
    "revenue": null,
    "revenueEstimated": null,
    "updatedFromDate": "2025-10-02",
    "fiscalDateEnding": "2026-01-04"
  },
  {
    "date": "2025-10-22",
    "symbol": "VLTO",
    "eps": null,
    "epsEstimated": 0.95,
    "time": "bmo",
    "revenue": null,
    "revenueEstimated": 1398117410,
    "updatedFromDate": "2025-10-02",
    "fiscalDateEnding": "2025-10-04"
  },
  {
    "date": "2025-07-28",
    "symbol": "VLTO",
    "eps": 0.93,
    "epsEstimated": 0.882,
    "time": "amc",
    "revenue": 1371000000,
    "revenueEstimated": 1343620643,
    "updatedFromDate": "2025-10-02",
    "fiscalDateEnding": "2025-07-04"
  },
  {
    "date": "2025-04-29",
    "symbol": "VLTO",
    "eps": 0.95,
    "epsEstimated": 0.867,
    "time": "amc",
    "revenue": 1332000000,
    "revenueEstimated": 1279519954,
    "updatedFromDate": "2025-07-29",
    "fiscalDateEnding": "2025-04-04"
  },
  {
    "date": "2025-02-04",
    "symbol": "VLTO",
    "eps": 0.95,
    "epsEstimated": 0.9,
    "time": "amc",
    "revenue": 1345000000,
    "revenueEstimated": 1345273192,
    "updatedFromDate": "2025-05-04",
    "fiscalDateEnding": "2024-12-31"
  },
  {
    "date": "2024-10-23",
    "symbol": "VLTO",
    "eps": 0.89,
    "epsEstimated": 0.85,
    "time": "amc",
    "revenue": 1314000000,
    "revenueEstimated": 1305370208,
    "updatedFromDate": "2025-04-25",
    "fiscalDateEnding": "2024-09-27"
  },
  {
    "date": "2024-07-25",
    "symbol": "VLTO",
    "eps": 0.85,
    "epsEstimated": 0.8,
    "time": "amc",
    "revenue": 1288000000,
    "revenueEstimated": 1277036545,
    "updatedFromDate": "2025-04-25",
    "fiscalDateEnding": "2024-06-28"
  },
  {
    "date": "2024-04-23",
    "symbol": "VLTO",
    "eps": 0.84,
    "epsEstimated": 0.76,
    "time": "amc",
    "revenue": 1246000000,
    "revenueEstimated": 1225822480,
    "updatedFromDate": "2025-04-25",
    "fiscalDateEnding": "2024-03-31"
  },
  {
    "date": "2024-02-06",
    "symbol": "VLTO",
    "eps": 0.87,
    "epsEstimated": 0.81,
    "time": "amc",
    "revenue": 1288000000,
    "revenueEstimated": 1249525714,
    "updatedFromDate": "2025-04-25",
    "fiscalDateEnding": "2023-12-31"
  },
  {
    "date": "2023-10-25",
    "symbol": "VLTO",
    "eps": 0.75,
    "epsEstimated": 0.7,
    "time": "amc",
    "revenue": 1255000000,
    "revenueEstimated": 1205000000,
    "updatedFromDate": "2025-04-25",
    "fiscalDateEnding": "2023-09-30"
  },
  {
    "date": "2023-06-29",
    "symbol": "VLTO",
    "eps": 0.849,
    "epsEstimated": null,
    "time": "amc",
    "revenue": 1253000000,
    "revenueEstimated": null,
    "updatedFromDate": "2025-04-25",
    "fiscalDateEnding": "2023-06-30"
  },
  {
    "date": "2023-03-30",
    "symbol": "VLTO",
    "eps": 0.914,
    "epsEstimated": null,
    "time": "amc",
    "revenue": 1225000000,
    "revenueEstimated": null,
    "updatedFromDate": "2025-04-25",
    "fiscalDateEnding": "2023-03-31"
  },
  {
    "date": "2022-12-30",
    "symbol": "VLTO",
    "eps": 0.3251,
    "epsEstimated": null,
    "time": "amc",
    "revenue": 1257000000,
    "revenueEstimated": null,
    "updatedFromDate": "2025-04-25",
    "fiscalDateEnding": "2022-12-31"
  },
  {
    "date": "2022-09-29",
    "symbol": "VLTO",
    "eps": 0.885,
    "epsEstimated": null,
    "time": "amc",
    "revenue": 1219000000,
    "revenueEstimated": null,
    "updatedFromDate": "2025-04-25",
    "fiscalDateEnding": "2022-09-30"
  },
  {
    "date": "2022-06-30",
    "symbol": "VLTO",
    "eps": 0.939,
    "epsEstimated": null,
    "time": "amc",
    "revenue": 1231000000,
    "revenueEstimated": null,
    "updatedFromDate": "2025-04-25",
    "fiscalDateEnding": "2022-07-01"
  },
  {
    "date": "2022-04-28",
    "symbol": "VLTO",
    "eps": 0.731,
    "epsEstimated": null,
    "time": "amc",
    "revenue": 1172000000,
    "revenueEstimated": null,
    "updatedFromDate": "2025-04-25",
    "fiscalDateEnding": "2022-04-30"
  }
]