[
  {
    "date": "2026-04-28",
    "symbol": "VMC",
    "eps": null,
    "epsEstimated": null,
    "time": "bmo",
    "revenue": null,
    "revenueEstimated": null,
    "updatedFromDate": "2025-10-02",
    "fiscalDateEnding": "2026-03-30"
  },
  {
    "date": "2026-02-16",
    "symbol": "VMC",
    "eps": null,
    "epsEstimated": null,
    "time": "bmo",
    "revenue": null,
    "revenueEstimated": null,
    "updatedFromDate": "2025-10-02",
    "fiscalDateEnding": "2025-12-30"
  },
  {
    "date": "2025-10-29",
    "symbol": "VMC",
    "eps": null,
    "epsEstimated": 2.66,
    "time": "bmo",
    "revenue": null,
    "revenueEstimated": 2275492770,
    "updatedFromDate": "2025-10-02",
    "fiscalDateEnding": "2025-09-30"
  },
  {
    "date": "2025-07-31",
    "symbol": "VMC",
    "eps": 2.45,
    "epsEstimated": 2.53,
    "time": "bmo",
    "revenue": 2102400000,
    "revenueEstimated": 2202891422,
    "updatedFromDate": "2025-10-02",
    "fiscalDateEnding": "2025-06-30"
  },
  {
    "date": "2025-04-30",
    "symbol": "VMC",
    "eps": 1,
    "epsEstimated": 0.764,
    "time": "bmo",
    "revenue": 1634600000,
    "revenueEstimated": 1653773199,
    "updatedFromDate": "2025-07-30",
    "fiscalDateEnding": "2025-03-31"
  },
  {
    "date": "2025-02-18",
    "symbol": "VMC",
    "eps": 2.17,
    "epsEstimated": 1.79,
    "time": "bmo",
    "revenue": 1853600000,
    "revenueEstimated": 1812484949,
    "updatedFromDate": "2025-05-18",
    "fiscalDateEnding": "2024-12-31"
  },
  {
    "date": "2024-10-30",
    "symbol": "VMC",
    "eps": 2.22,
    "epsEstimated": 2.3,
    "time": "bmo",
    "revenue": 2003900000,
    "revenueEstimated": 1999919053,
    "updatedFromDate": "2025-04-24",
    "fiscalDateEnding": "2024-09-30"
  },
  {
    "date": "2024-08-06",
    "symbol": "VMC",
    "eps": 2.35,
    "epsEstimated": 2.48,
    "time": "bmo",
    "revenue": 2014400000,
    "revenueEstimated": 2034017975,
    "updatedFromDate": "2025-04-24",
    "fiscalDateEnding": "2024-06-30"
  },
  {
    "date": "2024-05-02",
    "symbol": "VMC",
    "eps": 0.8,
    "epsEstimated": 0.97,
    "time": "bmo",
    "revenue": 1545700000,
    "revenueEstimated": 1502483330,
    "updatedFromDate": "2025-04-24",
    "fiscalDateEnding": "2024-03-31"
  },
  {
    "date": "2024-02-16",
    "symbol": "VMC",
    "eps": 1.46,
    "epsEstimated": 1.39,
    "time": "bmo",
    "revenue": 1834300000,
    "revenueEstimated": 1837007050,
    "updatedFromDate": "2025-04-24",
    "fiscalDateEnding": "2023-12-31"
  },
  {
    "date": "2023-10-26",
    "symbol": "VMC",
    "eps": 2.29,
    "epsEstimated": 2.3,
    "time": "bmo",
    "revenue": 2185800000,
    "revenueEstimated": 2174040000,
    "updatedFromDate": "2025-04-24",
    "fiscalDateEnding": "2023-09-30"
  },
  {
    "date": "2023-08-03",
    "symbol": "VMC",
    "eps": 2.29,
    "epsEstimated": 1.91,
    "time": "bmo",
    "revenue": 2112900000,
    "revenueEstimated": 2041070000,
    "updatedFromDate": "2025-04-24",
    "fiscalDateEnding": "2023-06-30"
  },
  {
    "date": "2023-05-04",
    "symbol": "VMC",
    "eps": 0.95,
    "epsEstimated": 0.61,
    "time": "bmo",
    "revenue": 1649000000,
    "revenueEstimated": 1569620000,
    "updatedFromDate": "2025-04-24",
    "fiscalDateEnding": "2023-03-31"
  },
  {
    "date": "2023-02-16",
    "symbol": "VMC",
    "eps": 1.08,
    "epsEstimated": 1.26,
    "time": "bmo",
    "revenue": 1731900000,
    "revenueEstimated": 1839294994,
    "updatedFromDate": "2025-04-24",
    "fiscalDateEnding": "2022-12-31"
  },
  {
    "date": "2022-11-02",
    "symbol": "VMC",
    "eps": 1.78,
    "epsEstimated": 1.71,
    "time": "bmo",
    "revenue": 2088300000,
    "revenueEstimated": 2005377853,
    "updatedFromDate": "2025-04-24",
    "fiscalDateEnding": "2022-09-30"
  },
  {
    "date": "2022-08-04",
    "symbol": "VMC",
    "eps": 1.64,
    "epsEstimated": 1.69,
    "time": "bmo",
    "revenue": 1954300000,
    "revenueEstimated": 1859529244,
    "updatedFromDate": "2025-04-24",
    "fiscalDateEnding": "2022-06-30"
  },
  {
    "date": "2022-05-04",
    "symbol": "VMC",
    "eps": 0.73,
    "epsEstimated": 0.62,
    "time": "bmo",
    "revenue": 1540700000,
    "revenueEstimated": 1442926712,
    "updatedFromDate": "2025-04-24",
    "fiscalDateEnding": "2022-03-31"
  },
  {
    "date": "2022-02-16",
    "symbol": "VMC",
    "eps": 1.25,
    "epsEstimated": 1.16,
    "time": "bmo",
    "revenue": 1606300000,
    "revenueEstimated": 1596571526,
    "updatedFromDate": "2025-04-24",
    "fiscalDateEnding": "2021-12-31"
  },
  {
    "date": "2021-11-04",
    "symbol": "VMC",
    "eps": 1.54,
    "epsEstimated": 1.65,
    "time": "bmo",
    "revenue": 1516506000,
    "revenueEstimated": 1452000000,
    "updatedFromDate": "2025-04-24",
    "fiscalDateEnding": "2021-09-30"
  },
  {
    "date": "2021-08-04",
    "symbol": "VMC",
    "eps": 1.57,
    "epsEstimated": 1.66,
    "time": "bmo",
    "revenue": 1361047000,
    "revenueEstimated": 1361050000,
    "updatedFromDate": "2025-04-24",
    "fiscalDateEnding": "2021-06-30"
  },
  {
    "date": "2021-05-04",
    "symbol": "VMC",
    "eps": 0.69,
    "epsEstimated": 0.41,
    "time": "bmo",
    "revenue": 1068344000,
    "revenueEstimated": 1022430000,
    "updatedFromDate": "2025-04-24",
    "fiscalDateEnding": "2021-03-31"
  },
  {
    "date": "2021-02-16",
    "symbol": "VMC",
    "eps": 1.07,
    "epsEstimated": 0.98,
    "time": "bmo",
    "revenue": 1175120000,
    "revenueEstimated": 1080159888,
    "updatedFromDate": "2025-04-24",
    "fiscalDateEnding": "2020-12-31"
  },
  {
    "date": "2020-11-05",
    "symbol": "VMC",
    "eps": 1.56,
    "epsEstimated": 1.62,
    "time": "bmo",
    "revenue": 1309890000,
    "revenueEstimated": 1357808192,
    "updatedFromDate": "2025-04-24",
    "fiscalDateEnding": "2020-09-30"
  },
  {
    "date": "2020-08-04",
    "symbol": "VMC",
    "eps": 1.6,
    "epsEstimated": 1.38,
    "time": "bmo",
    "revenue": 1322575000,
    "revenueEstimated": 1140720937,
    "updatedFromDate": "2025-04-24",
    "fiscalDateEnding": "2020-06-30"
  },
  {
    "date": "2020-05-06",
    "symbol": "VMC",
    "eps": 0.47,
    "epsEstimated": 0.43,
    "time": "bmo",
    "revenue": 1049242000,
    "revenueEstimated": 959944808,
    "updatedFromDate": "2025-04-24",
    "fiscalDateEnding": "2020-03-31"
  },
  {
    "date": "2020-02-18",
    "symbol": "VMC",
    "eps": 1.08,
    "epsEstimated": 1.17,
    "time": "bmo",
    "revenue": 1186152000,
    "revenueEstimated": 1284998000,
    "updatedFromDate": "2025-04-24",
    "fiscalDateEnding": "2019-12-31"
  },
  {
    "date": "2019-11-06",
    "symbol": "VMC",
    "eps": 1.68,
    "epsEstimated": 1.7,
    "time": "bmo",
    "revenue": 1418758000,
    "revenueEstimated": 1435647976,
    "updatedFromDate": "2025-04-24",
    "fiscalDateEnding": "2019-09-30"
  },
  {
    "date": "2019-07-25",
    "symbol": "VMC",
    "eps": 1.48,
    "epsEstimated": 1.47,
    "time": "bmo",
    "revenue": 1327682000,
    "revenueEstimated": 1318711175,
    "updatedFromDate": "2025-04-24",
    "fiscalDateEnding": "2019-06-30"
  },
  {
    "date": "2019-05-02",
    "symbol": "VMC",
    "eps": 0.46,
    "epsEstimated": 0.36,
    "time": "bmo",
    "revenue": 996511000,
    "revenueEstimated": 779878173,
    "updatedFromDate": "2025-04-24",
    "fiscalDateEnding": "2019-03-31"
  },
  {
    "date": "2019-02-14",
    "symbol": "VMC",
    "eps": 0.99,
    "epsEstimated": 0.89,
    "time": "bmo",
    "revenue": 1088047000,
    "revenueEstimated": 978143262,
    "updatedFromDate": "2025-04-24",
    "fiscalDateEnding": "2018-12-31"
  },
  {
    "date": "2018-10-30",
    "symbol": "VMC",
    "eps": 1.4,
    "epsEstimated": 1.38,
    "time": "bmo",
    "revenue": 1240197000,
    "revenueEstimated": 1222479900,
    "updatedFromDate": "2025-04-24",
    "fiscalDateEnding": "2018-09-30"
  },
  {
    "date": "2018-07-31",
    "symbol": "VMC",
    "eps": 1.23,
    "epsEstimated": 1.35,
    "time": "bmo",
    "revenue": 1200151000,
    "revenueEstimated": 1327050406,
    "updatedFromDate": "2025-04-24",
    "fiscalDateEnding": "2018-06-30"
  },
  {
    "date": "2018-05-03",
    "symbol": "VMC",
    "eps": 0.44,
    "epsEstimated": 0.22,
    "time": "bmo",
    "revenue": 854474000,
    "revenueEstimated": 427250000,
    "updatedFromDate": "2025-04-24",
    "fiscalDateEnding": "2018-03-31"
  },
  {
    "date": "2018-02-16",
    "symbol": "VMC",
    "eps": 0.74,
    "epsEstimated": 0.72,
    "time": "bmo",
    "revenue": 977490000,
    "revenueEstimated": 977500000,
    "updatedFromDate": "2025-04-24",
    "fiscalDateEnding": "2017-12-31"
  },
  {
    "date": "2017-11-01",
    "symbol": "VMC",
    "eps": 1.04,
    "epsEstimated": 1.05,
    "time": "bmo",
    "revenue": 1094715000,
    "revenueEstimated": 1105225961,
    "updatedFromDate": "2025-04-24",
    "fiscalDateEnding": "2017-09-30"
  },
  {
    "date": "2017-08-02",
    "symbol": "VMC",
    "eps": 0.9,
    "epsEstimated": 1.2,
    "time": "bmo",
    "revenue": 1030763000,
    "revenueEstimated": 1374400000,
    "updatedFromDate": "2025-04-24",
    "fiscalDateEnding": "2017-06-30"
  },
  {
    "date": "2017-05-10",
    "symbol": "VMC",
    "eps": 0.34,
    "epsEstimated": 0.2,
    "time": "bmo",
    "revenue": 787328000,
    "revenueEstimated": 584591037,
    "updatedFromDate": "2025-04-24",
    "fiscalDateEnding": "2017-03-31"
  },
  {
    "date": "2017-02-07",
    "symbol": "VMC",
    "eps": 0.69,
    "epsEstimated": 0.85,
    "time": "bmo",
    "revenue": 872975000,
    "revenueEstimated": 1075434782,
    "updatedFromDate": "2025-04-24",
    "fiscalDateEnding": "2016-12-31"
  },
  {
    "date": "2016-11-02",
    "symbol": "VMC",
    "eps": 1.01,
    "epsEstimated": 1.13,
    "time": "bmo",
    "revenue": 1008140000,
    "revenueEstimated": 1127874257,
    "updatedFromDate": "2025-04-24",
    "fiscalDateEnding": "2016-09-30"
  },
  {
    "date": "2016-08-01",
    "symbol": "VMC",
    "eps": 0.9,
    "epsEstimated": 1,
    "time": "amc",
    "revenue": 956825000,
    "revenueEstimated": 1063111111,
    "updatedFromDate": "2025-04-24",
    "fiscalDateEnding": "2016-06-30"
  }
]