[
  {
    "date": "2026-05-05",
    "symbol": "VRSK",
    "eps": null,
    "epsEstimated": null,
    "time": "bmo",
    "revenue": null,
    "revenueEstimated": null,
    "updatedFromDate": "2025-10-02",
    "fiscalDateEnding": "2026-03-30"
  },
  {
    "date": "2026-02-24",
    "symbol": "VRSK",
    "eps": null,
    "epsEstimated": null,
    "time": "bmo",
    "revenue": null,
    "revenueEstimated": null,
    "updatedFromDate": "2025-10-02",
    "fiscalDateEnding": "2025-12-30"
  },
  {
    "date": "2025-10-29",
    "symbol": "VRSK",
    "eps": null,
    "epsEstimated": 1.69,
    "time": "bmo",
    "revenue": null,
    "revenueEstimated": 776329030,
    "updatedFromDate": "2025-10-02",
    "fiscalDateEnding": "2025-09-30"
  },
  {
    "date": "2025-07-30",
    "symbol": "VRSK",
    "eps": 1.88,
    "epsEstimated": 1.78,
    "time": "bmo",
    "revenue": 772600000,
    "revenueEstimated": 768725765,
    "updatedFromDate": "2025-10-02",
    "fiscalDateEnding": "2025-06-30"
  },
  {
    "date": "2025-05-07",
    "symbol": "VRSK",
    "eps": 1.73,
    "epsEstimated": 1.68,
    "time": "bmo",
    "revenue": 753000000,
    "revenueEstimated": 749824593,
    "updatedFromDate": "2025-08-07",
    "fiscalDateEnding": "2025-03-31"
  },
  {
    "date": "2025-02-26",
    "symbol": "VRSK",
    "eps": 1.61,
    "epsEstimated": 1.6,
    "time": "bmo",
    "revenue": 735600000,
    "revenueEstimated": 733698145,
    "updatedFromDate": "2025-05-26",
    "fiscalDateEnding": "2024-12-31"
  },
  {
    "date": "2024-10-30",
    "symbol": "VRSK",
    "eps": 1.67,
    "epsEstimated": 1.6,
    "time": "bmo",
    "revenue": 725300000,
    "revenueEstimated": 722192230,
    "updatedFromDate": "2025-04-25",
    "fiscalDateEnding": "2024-09-30"
  },
  {
    "date": "2024-07-31",
    "symbol": "VRSK",
    "eps": 1.74,
    "epsEstimated": 1.64,
    "time": "bmo",
    "revenue": 716800000,
    "revenueEstimated": 722449146,
    "updatedFromDate": "2025-04-25",
    "fiscalDateEnding": "2024-06-30"
  },
  {
    "date": "2024-05-01",
    "symbol": "VRSK",
    "eps": 1.63,
    "epsEstimated": 1.53,
    "time": "bmo",
    "revenue": 704000000,
    "revenueEstimated": 699066070,
    "updatedFromDate": "2025-04-25",
    "fiscalDateEnding": "2024-03-31"
  },
  {
    "date": "2024-02-21",
    "symbol": "VRSK",
    "eps": 1.4,
    "epsEstimated": 1.44,
    "time": "bmo",
    "revenue": 677200000,
    "revenueEstimated": 672190000,
    "updatedFromDate": "2025-04-25",
    "fiscalDateEnding": "2023-12-31"
  },
  {
    "date": "2023-11-01",
    "symbol": "VRSK",
    "eps": 1.52,
    "epsEstimated": 1.47,
    "time": "bmo",
    "revenue": 677600000,
    "revenueEstimated": 670660000,
    "updatedFromDate": "2025-04-25",
    "fiscalDateEnding": "2023-09-30"
  },
  {
    "date": "2023-08-02",
    "symbol": "VRSK",
    "eps": 1.51,
    "epsEstimated": 1.41,
    "time": "bmo",
    "revenue": 675000000,
    "revenueEstimated": 654490000,
    "updatedFromDate": "2025-04-25",
    "fiscalDateEnding": "2023-06-30"
  },
  {
    "date": "2023-05-03",
    "symbol": "VRSK",
    "eps": 1.29,
    "epsEstimated": 1.19,
    "time": "bmo",
    "revenue": 651600000,
    "revenueEstimated": 633330000,
    "updatedFromDate": "2025-04-25",
    "fiscalDateEnding": "2023-03-31"
  },
  {
    "date": "2023-02-28",
    "symbol": "VRSK",
    "eps": 1.43,
    "epsEstimated": 1.18,
    "time": "amc",
    "revenue": 630400000,
    "revenueEstimated": 614987274,
    "updatedFromDate": "2025-04-25",
    "fiscalDateEnding": "2022-12-31"
  },
  {
    "date": "2022-11-01",
    "symbol": "VRSK",
    "eps": 1.46,
    "epsEstimated": 1.47,
    "time": "amc",
    "revenue": 745300000,
    "revenueEstimated": 754374275,
    "updatedFromDate": "2025-04-25",
    "fiscalDateEnding": "2022-09-30"
  },
  {
    "date": "2022-08-02",
    "symbol": "VRSK",
    "eps": 1.53,
    "epsEstimated": 1.41,
    "time": "amc",
    "revenue": 612800000,
    "revenueEstimated": 745580240,
    "updatedFromDate": "2025-04-25",
    "fiscalDateEnding": "2022-06-30"
  },
  {
    "date": "2022-05-03",
    "symbol": "VRSK",
    "eps": 1.34,
    "epsEstimated": 1.39,
    "time": "amc",
    "revenue": 775500000,
    "revenueEstimated": 774728948,
    "updatedFromDate": "2025-04-25",
    "fiscalDateEnding": "2022-03-31"
  },
  {
    "date": "2022-02-22",
    "symbol": "VRSK",
    "eps": 1.47,
    "epsEstimated": 1.39,
    "time": "amc",
    "revenue": 766000000,
    "revenueEstimated": 770023815,
    "updatedFromDate": "2025-04-25",
    "fiscalDateEnding": "2021-12-31"
  },
  {
    "date": "2021-11-02",
    "symbol": "VRSK",
    "eps": 1.44,
    "epsEstimated": 1.36,
    "time": "amc",
    "revenue": 759000000,
    "revenueEstimated": 756930000,
    "updatedFromDate": "2025-04-25",
    "fiscalDateEnding": "2021-09-30"
  },
  {
    "date": "2021-08-03",
    "symbol": "VRSK",
    "eps": 1.17,
    "epsEstimated": 1.33,
    "time": "amc",
    "revenue": 747500000,
    "revenueEstimated": 737320000,
    "updatedFromDate": "2025-04-25",
    "fiscalDateEnding": "2021-06-30"
  },
  {
    "date": "2021-05-04",
    "symbol": "VRSK",
    "eps": 1.23,
    "epsEstimated": 1.25,
    "time": "amc",
    "revenue": 726100000,
    "revenueEstimated": 725640000,
    "updatedFromDate": "2025-04-25",
    "fiscalDateEnding": "2021-03-31"
  },
  {
    "date": "2021-02-23",
    "symbol": "VRSK",
    "eps": 1.27,
    "epsEstimated": 1.3,
    "time": "amc",
    "revenue": 713400000,
    "revenueEstimated": 729146923,
    "updatedFromDate": "2025-04-25",
    "fiscalDateEnding": "2020-12-31"
  },
  {
    "date": "2020-11-04",
    "symbol": "VRSK",
    "eps": 1.32,
    "epsEstimated": 1.2,
    "time": "amc",
    "revenue": 702700000,
    "revenueEstimated": 638181818,
    "updatedFromDate": "2025-04-25",
    "fiscalDateEnding": "2020-09-30"
  },
  {
    "date": "2020-08-04",
    "symbol": "VRSK",
    "eps": 1.29,
    "epsEstimated": 1.19,
    "time": "amc",
    "revenue": 678800000,
    "revenueEstimated": 626179844,
    "updatedFromDate": "2025-04-25",
    "fiscalDateEnding": "2020-06-30"
  },
  {
    "date": "2020-05-05",
    "symbol": "VRSK",
    "eps": 1.17,
    "epsEstimated": 1.13,
    "time": "amc",
    "revenue": 689800000,
    "revenueEstimated": 666217094,
    "updatedFromDate": "2025-04-25",
    "fiscalDateEnding": "2020-03-31"
  },
  {
    "date": "2020-02-18",
    "symbol": "VRSK",
    "eps": 1.13,
    "epsEstimated": 1.12,
    "time": "amc",
    "revenue": 676800000,
    "revenueEstimated": 670810619,
    "updatedFromDate": "2025-04-25",
    "fiscalDateEnding": "2019-12-31"
  },
  {
    "date": "2019-10-29",
    "symbol": "VRSK",
    "eps": 1.12,
    "epsEstimated": 1.13,
    "time": "amc",
    "revenue": 652700000,
    "revenueEstimated": 658527678,
    "updatedFromDate": "2025-04-25",
    "fiscalDateEnding": "2019-09-30"
  },
  {
    "date": "2019-07-30",
    "symbol": "VRSK",
    "eps": 1.1,
    "epsEstimated": 1.1,
    "time": "amc",
    "revenue": 652600000,
    "revenueEstimated": 652600000,
    "updatedFromDate": "2025-04-25",
    "fiscalDateEnding": "2019-06-30"
  },
  {
    "date": "2019-04-30",
    "symbol": "VRSK",
    "eps": 1.03,
    "epsEstimated": 1.03,
    "time": "amc",
    "revenue": 625000000,
    "revenueEstimated": 625000000,
    "updatedFromDate": "2025-04-25",
    "fiscalDateEnding": "2019-03-31"
  },
  {
    "date": "2019-02-19",
    "symbol": "VRSK",
    "eps": 1.04,
    "epsEstimated": 1.07,
    "time": "amc",
    "revenue": 613900000,
    "revenueEstimated": 631608653,
    "updatedFromDate": "2025-04-25",
    "fiscalDateEnding": "2018-12-31"
  },
  {
    "date": "2018-10-30",
    "symbol": "VRSK",
    "eps": 1.08,
    "epsEstimated": 1.07,
    "time": "amc",
    "revenue": 598700000,
    "revenueEstimated": 593156481,
    "updatedFromDate": "2025-04-25",
    "fiscalDateEnding": "2018-09-30"
  },
  {
    "date": "2018-07-31",
    "symbol": "VRSK",
    "eps": 1.06,
    "epsEstimated": 1,
    "time": "amc",
    "revenue": 601300000,
    "revenueEstimated": 567264150,
    "updatedFromDate": "2025-04-25",
    "fiscalDateEnding": "2018-06-30"
  },
  {
    "date": "2018-05-01",
    "symbol": "VRSK",
    "eps": 0.94,
    "epsEstimated": 0.94,
    "time": "amc",
    "revenue": 581200000,
    "revenueEstimated": 581200000,
    "updatedFromDate": "2025-04-25",
    "fiscalDateEnding": "2018-03-31"
  },
  {
    "date": "2018-02-20",
    "symbol": "VRSK",
    "eps": 0.81,
    "epsEstimated": 0.78,
    "time": "amc",
    "revenue": 570300000,
    "revenueEstimated": 549177777,
    "updatedFromDate": "2025-04-25",
    "fiscalDateEnding": "2017-12-31"
  },
  {
    "date": "2017-10-31",
    "symbol": "VRSK",
    "eps": 0.84,
    "epsEstimated": 0.78,
    "time": "amc",
    "revenue": 549100000,
    "revenueEstimated": 509878571,
    "updatedFromDate": "2025-04-25",
    "fiscalDateEnding": "2017-09-30"
  },
  {
    "date": "2017-08-01",
    "symbol": "VRSK",
    "eps": 0.82,
    "epsEstimated": 0.77,
    "time": "amc",
    "revenue": 523200000,
    "revenueEstimated": 491297560,
    "updatedFromDate": "2025-04-25",
    "fiscalDateEnding": "2017-06-30"
  },
  {
    "date": "2017-05-02",
    "symbol": "VRSK",
    "eps": 0.74,
    "epsEstimated": 0.79,
    "time": "amc",
    "revenue": 502600000,
    "revenueEstimated": 536559459,
    "updatedFromDate": "2025-04-25",
    "fiscalDateEnding": "2017-03-31"
  },
  {
    "date": "2017-02-21",
    "symbol": "VRSK",
    "eps": 0.8,
    "epsEstimated": 0.77,
    "time": "amc",
    "revenue": 506123000,
    "revenueEstimated": 487121249,
    "updatedFromDate": "2025-04-25",
    "fiscalDateEnding": "2016-12-31"
  },
  {
    "date": "2016-11-01",
    "symbol": "VRSK",
    "eps": 0.84,
    "epsEstimated": 0.75,
    "time": "amc",
    "revenue": 498081000,
    "revenueEstimated": 444732142,
    "updatedFromDate": "2025-04-25",
    "fiscalDateEnding": "2016-09-30"
  },
  {
    "date": "2016-08-02",
    "symbol": "VRSK",
    "eps": 0.73,
    "epsEstimated": 0.76,
    "time": "amc",
    "revenue": 498296000,
    "revenueEstimated": 518778082,
    "updatedFromDate": "2025-04-25",
    "fiscalDateEnding": "2016-06-30"
  }
]