[
  {
    "date": "2026-04-22",
    "symbol": "VRSN",
    "eps": null,
    "epsEstimated": null,
    "time": "amc",
    "revenue": null,
    "revenueEstimated": null,
    "updatedFromDate": "2025-10-02",
    "fiscalDateEnding": "2026-03-30"
  },
  {
    "date": "2026-02-04",
    "symbol": "VRSN",
    "eps": null,
    "epsEstimated": null,
    "time": "amc",
    "revenue": null,
    "revenueEstimated": null,
    "updatedFromDate": "2025-10-02",
    "fiscalDateEnding": "2025-12-30"
  },
  {
    "date": "2025-10-23",
    "symbol": "VRSN",
    "eps": null,
    "epsEstimated": 2.25,
    "time": "bmo",
    "revenue": null,
    "revenueEstimated": 416708780,
    "updatedFromDate": "2025-10-02",
    "fiscalDateEnding": "2025-09-30"
  },
  {
    "date": "2025-07-24",
    "symbol": "VRSN",
    "eps": 2.21,
    "epsEstimated": 2.2,
    "time": "amc",
    "revenue": 409900000,
    "revenueEstimated": 410965626,
    "updatedFromDate": "2025-10-02",
    "fiscalDateEnding": "2025-06-30"
  },
  {
    "date": "2025-04-24",
    "symbol": "VRSN",
    "eps": 2.1,
    "epsEstimated": 2.11,
    "time": "amc",
    "revenue": 402300000,
    "revenueEstimated": 401932960,
    "updatedFromDate": "2025-07-23",
    "fiscalDateEnding": "2025-03-31"
  },
  {
    "date": "2025-02-06",
    "symbol": "VRSN",
    "eps": 2,
    "epsEstimated": 2,
    "time": "amc",
    "revenue": 395400000,
    "revenueEstimated": 394150000,
    "updatedFromDate": "2025-02-13",
    "fiscalDateEnding": "2024-12-31"
  },
  {
    "date": "2024-10-24",
    "symbol": "VRSN",
    "eps": 2.07,
    "epsEstimated": 2.01,
    "time": "amc",
    "revenue": 390600000,
    "revenueEstimated": 390193177,
    "updatedFromDate": "2025-04-25",
    "fiscalDateEnding": "2024-09-30"
  },
  {
    "date": "2024-07-25",
    "symbol": "VRSN",
    "eps": 2.01,
    "epsEstimated": 1.93,
    "time": "amc",
    "revenue": 387100000,
    "revenueEstimated": 385802909,
    "updatedFromDate": "2025-04-25",
    "fiscalDateEnding": "2024-06-30"
  },
  {
    "date": "2024-04-25",
    "symbol": "VRSN",
    "eps": 1.92,
    "epsEstimated": 1.86,
    "time": "amc",
    "revenue": 384300000,
    "revenueEstimated": 381847644,
    "updatedFromDate": "2025-04-25",
    "fiscalDateEnding": "2024-03-31"
  },
  {
    "date": "2024-02-08",
    "symbol": "VRSN",
    "eps": 1.92,
    "epsEstimated": 1.86,
    "time": "amc",
    "revenue": 380400000,
    "revenueEstimated": 377870000,
    "updatedFromDate": "2025-04-25",
    "fiscalDateEnding": "2023-12-31"
  },
  {
    "date": "2023-10-26",
    "symbol": "VRSN",
    "eps": 1.83,
    "epsEstimated": 1.81,
    "time": "amc",
    "revenue": 376300000,
    "revenueEstimated": 378300000,
    "updatedFromDate": "2025-04-25",
    "fiscalDateEnding": "2023-09-30"
  },
  {
    "date": "2023-07-27",
    "symbol": "VRSN",
    "eps": 1.79,
    "epsEstimated": 1.75,
    "time": "amc",
    "revenue": 372000000,
    "revenueEstimated": 373100000,
    "updatedFromDate": "2025-04-25",
    "fiscalDateEnding": "2023-06-30"
  },
  {
    "date": "2023-04-27",
    "symbol": "VRSN",
    "eps": 1.7,
    "epsEstimated": 1.68,
    "time": "amc",
    "revenue": 364400000,
    "revenueEstimated": 364600000,
    "updatedFromDate": "2025-04-25",
    "fiscalDateEnding": "2023-03-31"
  },
  {
    "date": "2023-02-09",
    "symbol": "VRSN",
    "eps": 1.7,
    "epsEstimated": 1.61,
    "time": "amc",
    "revenue": 369200000,
    "revenueEstimated": 366080000,
    "updatedFromDate": "2025-04-25",
    "fiscalDateEnding": "2022-12-31"
  },
  {
    "date": "2022-10-27",
    "symbol": "VRSN",
    "eps": 1.58,
    "epsEstimated": 1.54,
    "time": "amc",
    "revenue": 356900000,
    "revenueEstimated": 356449000,
    "updatedFromDate": "2025-04-25",
    "fiscalDateEnding": "2022-09-30"
  },
  {
    "date": "2022-07-28",
    "symbol": "VRSN",
    "eps": 1.54,
    "epsEstimated": 1.52,
    "time": "amc",
    "revenue": 351900000,
    "revenueEstimated": 348772000,
    "updatedFromDate": "2025-04-25",
    "fiscalDateEnding": "2022-06-30"
  },
  {
    "date": "2022-04-28",
    "symbol": "VRSN",
    "eps": 1.43,
    "epsEstimated": 1.45,
    "time": "amc",
    "revenue": 346900000,
    "revenueEstimated": 342738500,
    "updatedFromDate": "2025-04-25",
    "fiscalDateEnding": "2022-03-31"
  },
  {
    "date": "2022-02-10",
    "symbol": "VRSN",
    "eps": 1.48,
    "epsEstimated": 1.38,
    "time": "amc",
    "revenue": 340308000,
    "revenueEstimated": 340000000,
    "updatedFromDate": "2025-04-25",
    "fiscalDateEnding": "2021-12-31"
  },
  {
    "date": "2021-10-28",
    "symbol": "VRSN",
    "eps": 1.4,
    "epsEstimated": 1.37,
    "time": "amc",
    "revenue": 334242000,
    "revenueEstimated": 332520000,
    "updatedFromDate": "2025-04-25",
    "fiscalDateEnding": "2021-09-30"
  },
  {
    "date": "2021-07-22",
    "symbol": "VRSN",
    "eps": 1.31,
    "epsEstimated": 1.33,
    "time": "amc",
    "revenue": 329405000,
    "revenueEstimated": 332520000,
    "updatedFromDate": "2025-04-25",
    "fiscalDateEnding": "2021-06-30"
  },
  {
    "date": "2021-04-22",
    "symbol": "VRSN",
    "eps": 1.33,
    "epsEstimated": 1.3,
    "time": "amc",
    "revenue": 323621000,
    "revenueEstimated": 321950000,
    "updatedFromDate": "2025-04-25",
    "fiscalDateEnding": "2021-03-31"
  },
  {
    "date": "2021-02-11",
    "symbol": "VRSN",
    "eps": 1.38,
    "epsEstimated": 1.29,
    "time": "amc",
    "revenue": 320284000,
    "revenueEstimated": 297938604,
    "updatedFromDate": "2025-04-25",
    "fiscalDateEnding": "2020-12-31"
  },
  {
    "date": "2020-10-22",
    "symbol": "VRSN",
    "eps": 1.49,
    "epsEstimated": 1.25,
    "time": "amc",
    "revenue": 317879000,
    "revenueEstimated": 266677013,
    "updatedFromDate": "2025-04-25",
    "fiscalDateEnding": "2020-09-30"
  },
  {
    "date": "2020-07-23",
    "symbol": "VRSN",
    "eps": 1.4,
    "epsEstimated": 1.27,
    "time": "amc",
    "revenue": 314365000,
    "revenueEstimated": 302457234,
    "updatedFromDate": "2025-04-25",
    "fiscalDateEnding": "2020-06-30"
  },
  {
    "date": "2020-04-23",
    "symbol": "VRSN",
    "eps": 1.42,
    "epsEstimated": 1.27,
    "time": "amc",
    "revenue": 312524000,
    "revenueEstimated": 271932501,
    "updatedFromDate": "2025-04-25",
    "fiscalDateEnding": "2020-03-31"
  },
  {
    "date": "2020-02-06",
    "symbol": "VRSN",
    "eps": 1.31,
    "epsEstimated": 1.33,
    "time": "amc",
    "revenue": 310543000,
    "revenueEstimated": 315284114,
    "updatedFromDate": "2025-04-25",
    "fiscalDateEnding": "2019-12-31"
  },
  {
    "date": "2019-10-24",
    "symbol": "VRSN",
    "eps": 1.36,
    "epsEstimated": 1.31,
    "time": "amc",
    "revenue": 308421000,
    "revenueEstimated": 297081992,
    "updatedFromDate": "2025-04-25",
    "fiscalDateEnding": "2019-09-30"
  },
  {
    "date": "2019-07-25",
    "symbol": "VRSN",
    "eps": 1.33,
    "epsEstimated": 1.29,
    "time": "amc",
    "revenue": 306289000,
    "revenueEstimated": 297077300,
    "updatedFromDate": "2025-04-25",
    "fiscalDateEnding": "2019-06-30"
  },
  {
    "date": "2019-04-25",
    "symbol": "VRSN",
    "eps": 1.31,
    "epsEstimated": 1.25,
    "time": "amc",
    "revenue": 306408000,
    "revenueEstimated": 292374045,
    "updatedFromDate": "2025-04-25",
    "fiscalDateEnding": "2019-03-31"
  },
  {
    "date": "2019-02-07",
    "symbol": "VRSN",
    "eps": 1.58,
    "epsEstimated": 1.21,
    "time": "amc",
    "revenue": 307452000,
    "revenueEstimated": 235453746,
    "updatedFromDate": "2025-04-25",
    "fiscalDateEnding": "2018-12-31"
  },
  {
    "date": "2018-10-25",
    "symbol": "VRSN",
    "eps": 1.23,
    "epsEstimated": 1.19,
    "time": "amc",
    "revenue": 305777000,
    "revenueEstimated": 298341463,
    "updatedFromDate": "2025-04-25",
    "fiscalDateEnding": "2018-09-30"
  },
  {
    "date": "2018-07-26",
    "symbol": "VRSN",
    "eps": 1.18,
    "epsEstimated": 1.14,
    "time": "amc",
    "revenue": 302452000,
    "revenueEstimated": 292245762,
    "updatedFromDate": "2025-04-25",
    "fiscalDateEnding": "2018-06-30"
  },
  {
    "date": "2018-04-26",
    "symbol": "VRSN",
    "eps": 1.07,
    "epsEstimated": 1.06,
    "time": "amc",
    "revenue": 299288000,
    "revenueEstimated": 296502803,
    "updatedFromDate": "2025-04-25",
    "fiscalDateEnding": "2018-03-31"
  },
  {
    "date": "2018-02-08",
    "symbol": "VRSN",
    "eps": 0.96,
    "epsEstimated": 0.97,
    "time": "amc",
    "revenue": 295501000,
    "revenueEstimated": 298578125,
    "updatedFromDate": "2025-04-25",
    "fiscalDateEnding": "2017-12-31"
  },
  {
    "date": "2017-10-26",
    "symbol": "VRSN",
    "eps": 1,
    "epsEstimated": 0.97,
    "time": "amc",
    "revenue": 292428000,
    "revenueEstimated": 283628000,
    "updatedFromDate": "2025-04-25",
    "fiscalDateEnding": "2017-09-30"
  },
  {
    "date": "2017-07-27",
    "symbol": "VRSN",
    "eps": 1.05,
    "epsEstimated": 0.99,
    "time": "amc",
    "revenue": 288552000,
    "revenueEstimated": 272108571,
    "updatedFromDate": "2025-04-25",
    "fiscalDateEnding": "2017-06-30"
  },
  {
    "date": "2017-04-27",
    "symbol": "VRSN",
    "eps": 0.96,
    "epsEstimated": 0.94,
    "time": "amc",
    "revenue": 288614000,
    "revenueEstimated": 282587500,
    "updatedFromDate": "2025-04-25",
    "fiscalDateEnding": "2017-03-31"
  },
  {
    "date": "2017-02-09",
    "symbol": "VRSN",
    "eps": 0.92,
    "epsEstimated": 0.88,
    "time": "amc",
    "revenue": 286271000,
    "revenueEstimated": 273852173,
    "updatedFromDate": "2025-04-25",
    "fiscalDateEnding": "2016-12-31"
  },
  {
    "date": "2016-10-27",
    "symbol": "VRSN",
    "eps": 0.93,
    "epsEstimated": 0.87,
    "time": "amc",
    "revenue": 287554000,
    "revenueEstimated": 269045161,
    "updatedFromDate": "2025-04-25",
    "fiscalDateEnding": "2016-09-30"
  },
  {
    "date": "2016-07-28",
    "symbol": "VRSN",
    "eps": 0.91,
    "epsEstimated": 0.86,
    "time": "amc",
    "revenue": 286466000,
    "revenueEstimated": 270758241,
    "updatedFromDate": "2025-04-25",
    "fiscalDateEnding": "2016-06-30"
  }
]