[
  {
    "date": "2026-05-04",
    "symbol": "VRTX",
    "eps": null,
    "epsEstimated": null,
    "time": "amc",
    "revenue": null,
    "revenueEstimated": null,
    "updatedFromDate": "2025-10-02",
    "fiscalDateEnding": "2026-03-30"
  },
  {
    "date": "2026-02-09",
    "symbol": "VRTX",
    "eps": null,
    "epsEstimated": null,
    "time": "amc",
    "revenue": null,
    "revenueEstimated": null,
    "updatedFromDate": "2025-10-02",
    "fiscalDateEnding": "2025-12-30"
  },
  {
    "date": "2025-11-03",
    "symbol": "VRTX",
    "eps": null,
    "epsEstimated": 4.56,
    "time": "bmo",
    "revenue": null,
    "revenueEstimated": null,
    "updatedFromDate": "2025-10-02",
    "fiscalDateEnding": "2025-09-30"
  },
  {
    "date": "2025-08-04",
    "symbol": "VRTX",
    "eps": 4.52,
    "epsEstimated": 4.27,
    "time": "amc",
    "revenue": 2964700000,
    "revenueEstimated": 2906258975,
    "updatedFromDate": "2025-10-02",
    "fiscalDateEnding": "2025-06-30"
  },
  {
    "date": "2025-05-05",
    "symbol": "VRTX",
    "eps": 4.06,
    "epsEstimated": 4.25,
    "time": "amc",
    "revenue": 2770200000,
    "revenueEstimated": 2861806801,
    "updatedFromDate": "2025-08-05",
    "fiscalDateEnding": "2025-03-31"
  },
  {
    "date": "2025-02-10",
    "symbol": "VRTX",
    "eps": 3.98,
    "epsEstimated": 4.02,
    "time": "amc",
    "revenue": 2912000000,
    "revenueEstimated": 2784163726,
    "updatedFromDate": "2025-05-10",
    "fiscalDateEnding": "2024-12-31"
  },
  {
    "date": "2024-11-04",
    "symbol": "VRTX",
    "eps": 4.38,
    "epsEstimated": 4.14,
    "time": "amc",
    "revenue": 2771900000,
    "revenueEstimated": 2685460400,
    "updatedFromDate": "2025-04-25",
    "fiscalDateEnding": "2024-09-30"
  },
  {
    "date": "2024-08-01",
    "symbol": "VRTX",
    "eps": -12.83,
    "epsEstimated": -11.63,
    "time": "amc",
    "revenue": 2634700000,
    "revenueEstimated": 2663659477,
    "updatedFromDate": "2025-04-25",
    "fiscalDateEnding": "2024-06-30"
  },
  {
    "date": "2024-05-06",
    "symbol": "VRTX",
    "eps": 4.76,
    "epsEstimated": 4.06,
    "time": "amc",
    "revenue": 2687200000,
    "revenueEstimated": 2581247308,
    "updatedFromDate": "2025-04-25",
    "fiscalDateEnding": "2024-03-31"
  },
  {
    "date": "2024-02-05",
    "symbol": "VRTX",
    "eps": 4.2,
    "epsEstimated": 4.1,
    "time": "amc",
    "revenue": 2517700000,
    "revenueEstimated": 2512806468,
    "updatedFromDate": "2025-04-25",
    "fiscalDateEnding": "2023-12-31"
  },
  {
    "date": "2023-11-06",
    "symbol": "VRTX",
    "eps": 4.08,
    "epsEstimated": 3.97,
    "time": "amc",
    "revenue": 2483500000,
    "revenueEstimated": 2498240000,
    "updatedFromDate": "2025-04-25",
    "fiscalDateEnding": "2023-09-30"
  },
  {
    "date": "2023-08-01",
    "symbol": "VRTX",
    "eps": 3.89,
    "epsEstimated": 3.88,
    "time": "amc",
    "revenue": 2493200000,
    "revenueEstimated": 2419410000,
    "updatedFromDate": "2025-04-25",
    "fiscalDateEnding": "2023-06-30"
  },
  {
    "date": "2023-05-01",
    "symbol": "VRTX",
    "eps": 3.05,
    "epsEstimated": 3,
    "time": "amc",
    "revenue": 2374800000,
    "revenueEstimated": 2336930000,
    "updatedFromDate": "2025-04-25",
    "fiscalDateEnding": "2023-03-31"
  },
  {
    "date": "2023-02-07",
    "symbol": "VRTX",
    "eps": 3.76,
    "epsEstimated": 3.51,
    "time": "amc",
    "revenue": 2302700000,
    "revenueEstimated": 2304798374,
    "updatedFromDate": "2025-04-25",
    "fiscalDateEnding": "2022-12-31"
  },
  {
    "date": "2022-10-27",
    "symbol": "VRTX",
    "eps": 4.01,
    "epsEstimated": 3.64,
    "time": "amc",
    "revenue": 2334300000,
    "revenueEstimated": 2230018501,
    "updatedFromDate": "2025-04-25",
    "fiscalDateEnding": "2022-09-30"
  },
  {
    "date": "2022-08-04",
    "symbol": "VRTX",
    "eps": 3.6,
    "epsEstimated": 3.48,
    "time": "amc",
    "revenue": 2196200000,
    "revenueEstimated": 2131907847,
    "updatedFromDate": "2025-04-25",
    "fiscalDateEnding": "2022-06-30"
  },
  {
    "date": "2022-05-05",
    "symbol": "VRTX",
    "eps": 3.52,
    "epsEstimated": 3.49,
    "time": "amc",
    "revenue": 2097500000,
    "revenueEstimated": 2074879249,
    "updatedFromDate": "2025-04-25",
    "fiscalDateEnding": "2022-03-31"
  },
  {
    "date": "2022-01-26",
    "symbol": "VRTX",
    "eps": 3.37,
    "epsEstimated": 3.3,
    "time": "amc",
    "revenue": 2072600000,
    "revenueEstimated": 2002574436,
    "updatedFromDate": "2025-04-25",
    "fiscalDateEnding": "2021-12-31"
  },
  {
    "date": "2021-11-02",
    "symbol": "VRTX",
    "eps": 3.56,
    "epsEstimated": 3.08,
    "time": "amc",
    "revenue": 1984164000,
    "revenueEstimated": 1846180000,
    "updatedFromDate": "2025-04-25",
    "fiscalDateEnding": "2021-09-30"
  },
  {
    "date": "2021-07-29",
    "symbol": "VRTX",
    "eps": 3.11,
    "epsEstimated": 2.69,
    "time": "amc",
    "revenue": 1793370000,
    "revenueEstimated": 1718070000,
    "updatedFromDate": "2025-04-25",
    "fiscalDateEnding": "2021-06-30"
  },
  {
    "date": "2021-04-29",
    "symbol": "VRTX",
    "eps": 2.98,
    "epsEstimated": 2.69,
    "time": "amc",
    "revenue": 1724305000,
    "revenueEstimated": 1660850000,
    "updatedFromDate": "2025-04-25",
    "fiscalDateEnding": "2021-03-31"
  },
  {
    "date": "2021-02-01",
    "symbol": "VRTX",
    "eps": 2.51,
    "epsEstimated": 2.59,
    "time": "amc",
    "revenue": 1627820000,
    "revenueEstimated": 1577780000,
    "updatedFromDate": "2025-04-25",
    "fiscalDateEnding": "2020-12-31"
  },
  {
    "date": "2020-10-29",
    "symbol": "VRTX",
    "eps": 2.64,
    "epsEstimated": 2.34,
    "time": "amc",
    "revenue": 1538271000,
    "revenueEstimated": 4055878568,
    "updatedFromDate": "2025-04-25",
    "fiscalDateEnding": "2020-09-30"
  },
  {
    "date": "2020-07-30",
    "symbol": "VRTX",
    "eps": 2.61,
    "epsEstimated": 2.07,
    "time": "amc",
    "revenue": 1524485000,
    "revenueEstimated": 1209074310,
    "updatedFromDate": "2025-04-25",
    "fiscalDateEnding": "2020-06-30"
  },
  {
    "date": "2020-04-29",
    "symbol": "VRTX",
    "eps": 2.56,
    "epsEstimated": 1.85,
    "time": "amc",
    "revenue": 1515107000,
    "revenueEstimated": 1094901542,
    "updatedFromDate": "2025-04-25",
    "fiscalDateEnding": "2020-03-31"
  },
  {
    "date": "2020-01-30",
    "symbol": "VRTX",
    "eps": 1.7,
    "epsEstimated": 1.21,
    "time": "amc",
    "revenue": 1413265000,
    "revenueEstimated": 1005912147,
    "updatedFromDate": "2025-04-25",
    "fiscalDateEnding": "2019-12-31"
  },
  {
    "date": "2019-10-30",
    "symbol": "VRTX",
    "eps": 1.23,
    "epsEstimated": 1.14,
    "time": "amc",
    "revenue": 949828000,
    "revenueEstimated": 888050569,
    "updatedFromDate": "2025-04-25",
    "fiscalDateEnding": "2019-09-30"
  },
  {
    "date": "2019-07-31",
    "symbol": "VRTX",
    "eps": 1.26,
    "epsEstimated": 1.07,
    "time": "amc",
    "revenue": 941293000,
    "revenueEstimated": 799351992,
    "updatedFromDate": "2025-04-25",
    "fiscalDateEnding": "2019-06-30"
  },
  {
    "date": "2019-04-30",
    "symbol": "VRTX",
    "eps": 1.14,
    "epsEstimated": 0.97,
    "time": "amc",
    "revenue": 858435000,
    "revenueEstimated": 730422763,
    "updatedFromDate": "2025-04-25",
    "fiscalDateEnding": "2019-03-31"
  },
  {
    "date": "2019-02-05",
    "symbol": "VRTX",
    "eps": 1.3,
    "epsEstimated": 1.05,
    "time": "amc",
    "revenue": 870106000,
    "revenueEstimated": 709471046,
    "updatedFromDate": "2025-04-25",
    "fiscalDateEnding": "2018-12-31"
  },
  {
    "date": "2018-10-24",
    "symbol": "VRTX",
    "eps": 1.09,
    "epsEstimated": 1,
    "time": "amc",
    "revenue": 784535000,
    "revenueEstimated": 734119266,
    "updatedFromDate": "2025-04-25",
    "fiscalDateEnding": "2018-09-30"
  },
  {
    "date": "2018-07-25",
    "symbol": "VRTX",
    "eps": 0.94,
    "epsEstimated": 0.75,
    "time": "amc",
    "revenue": 752157000,
    "revenueEstimated": 600159574,
    "updatedFromDate": "2025-04-25",
    "fiscalDateEnding": "2018-06-30"
  },
  {
    "date": "2018-04-26",
    "symbol": "VRTX",
    "eps": 0.76,
    "epsEstimated": 0.63,
    "time": "amc",
    "revenue": 640799000,
    "revenueEstimated": 531189473,
    "updatedFromDate": "2025-04-25",
    "fiscalDateEnding": "2018-03-31"
  },
  {
    "date": "2018-01-31",
    "symbol": "VRTX",
    "eps": 0.61,
    "epsEstimated": 0.58,
    "time": "amc",
    "revenue": 651634000,
    "revenueEstimated": 566144262,
    "updatedFromDate": "2025-04-25",
    "fiscalDateEnding": "2017-12-31"
  },
  {
    "date": "2017-10-25",
    "symbol": "VRTX",
    "eps": 0.53,
    "epsEstimated": 0.37,
    "time": "amc",
    "revenue": 578165000,
    "revenueEstimated": 415439527,
    "updatedFromDate": "2025-04-25",
    "fiscalDateEnding": "2017-09-30"
  },
  {
    "date": "2017-07-26",
    "symbol": "VRTX",
    "eps": 0.39,
    "epsEstimated": 0.35,
    "time": "amc",
    "revenue": 544135000,
    "revenueEstimated": 488294871,
    "updatedFromDate": "2025-04-25",
    "fiscalDateEnding": "2017-06-30"
  },
  {
    "date": "2017-04-27",
    "symbol": "VRTX",
    "eps": 0.41,
    "epsEstimated": 0.29,
    "time": "amc",
    "revenue": 714718000,
    "revenueEstimated": 679836585,
    "updatedFromDate": "2025-04-25",
    "fiscalDateEnding": "2017-03-31"
  },
  {
    "date": "2017-01-25",
    "symbol": "VRTX",
    "eps": 0.35,
    "epsEstimated": 0.26,
    "time": "amc",
    "revenue": 458706000,
    "revenueEstimated": 380065714,
    "updatedFromDate": "2025-04-25",
    "fiscalDateEnding": "2016-12-31"
  },
  {
    "date": "2016-10-25",
    "symbol": "VRTX",
    "eps": 0.16,
    "epsEstimated": 0.19,
    "time": "amc",
    "revenue": 413783000,
    "revenueEstimated": 465525000,
    "updatedFromDate": "2025-04-25",
    "fiscalDateEnding": "2016-09-30"
  },
  {
    "date": "2016-07-27",
    "symbol": "VRTX",
    "eps": 0.24,
    "epsEstimated": 0.22,
    "time": "amc",
    "revenue": 431608000,
    "revenueEstimated": 377650000,
    "updatedFromDate": "2025-04-25",
    "fiscalDateEnding": "2016-06-30"
  }
]