[
  {
    "date": "2026-05-05",
    "symbol": "VST",
    "eps": null,
    "epsEstimated": null,
    "time": "bmo",
    "revenue": null,
    "revenueEstimated": null,
    "updatedFromDate": "2025-10-02",
    "fiscalDateEnding": "2026-03-30"
  },
  {
    "date": "2026-02-25",
    "symbol": "VST",
    "eps": null,
    "epsEstimated": null,
    "time": "bmo",
    "revenue": null,
    "revenueEstimated": null,
    "updatedFromDate": "2025-10-02",
    "fiscalDateEnding": "2025-12-30"
  },
  {
    "date": "2025-11-06",
    "symbol": "VST",
    "eps": null,
    "epsEstimated": 1.78,
    "time": "bmo",
    "revenue": null,
    "revenueEstimated": 6600338350,
    "updatedFromDate": "2025-10-02",
    "fiscalDateEnding": "2025-09-30"
  },
  {
    "date": "2025-08-07",
    "symbol": "VST",
    "eps": 1.01,
    "epsEstimated": 0.875,
    "time": "bmo",
    "revenue": 4250000000,
    "revenueEstimated": 4744462200,
    "updatedFromDate": "2025-10-02",
    "fiscalDateEnding": "2025-06-30"
  },
  {
    "date": "2025-05-07",
    "symbol": "VST",
    "eps": 0.46,
    "epsEstimated": 0.536,
    "time": "bmo",
    "revenue": 3933000000,
    "revenueEstimated": 4548204000,
    "updatedFromDate": "2025-08-07",
    "fiscalDateEnding": "2025-03-31"
  },
  {
    "date": "2025-02-27",
    "symbol": "VST",
    "eps": 1.14,
    "epsEstimated": 0.85,
    "time": "bmo",
    "revenue": 4037000000,
    "revenueEstimated": 3913004363,
    "updatedFromDate": "2025-05-27",
    "fiscalDateEnding": "2024-12-31"
  },
  {
    "date": "2024-11-07",
    "symbol": "VST",
    "eps": 5.4,
    "epsEstimated": 1.2,
    "time": "bmo",
    "revenue": 6288000000,
    "revenueEstimated": 5012404707,
    "updatedFromDate": "2025-04-24",
    "fiscalDateEnding": "2024-09-30"
  },
  {
    "date": "2024-08-08",
    "symbol": "VST",
    "eps": 0.9,
    "epsEstimated": 1.38,
    "time": "bmo",
    "revenue": 3845000000,
    "revenueEstimated": 3964369613,
    "updatedFromDate": "2025-04-24",
    "fiscalDateEnding": "2024-06-30"
  },
  {
    "date": "2024-05-09",
    "symbol": "VST",
    "eps": 0.23,
    "epsEstimated": 0.619,
    "time": "bmo",
    "revenue": 3054000000,
    "revenueEstimated": 2923482623,
    "updatedFromDate": "2025-04-24",
    "fiscalDateEnding": "2024-03-31"
  },
  {
    "date": "2024-02-28",
    "symbol": "VST",
    "eps": -0.48,
    "epsEstimated": -0.03055,
    "time": "bmo",
    "revenue": 3078000000,
    "revenueEstimated": 3470610436,
    "updatedFromDate": "2025-04-24",
    "fiscalDateEnding": "2023-12-31"
  },
  {
    "date": "2023-11-07",
    "symbol": "VST",
    "eps": 1.25,
    "epsEstimated": 1.58,
    "time": "bmo",
    "revenue": 4086000000,
    "revenueEstimated": 4086000000,
    "updatedFromDate": "2025-04-24",
    "fiscalDateEnding": "2023-09-30"
  },
  {
    "date": "2023-08-09",
    "symbol": "VST",
    "eps": 1.17,
    "epsEstimated": 0.82,
    "time": "bmo",
    "revenue": 3189000000,
    "revenueEstimated": 5908910000,
    "updatedFromDate": "2025-04-24",
    "fiscalDateEnding": "2023-06-30"
  },
  {
    "date": "2023-05-09",
    "symbol": "VST",
    "eps": -0.4,
    "epsEstimated": -0.02,
    "time": "bmo",
    "revenue": 4425000000,
    "revenueEstimated": 1888920000,
    "updatedFromDate": "2025-04-24",
    "fiscalDateEnding": "2023-03-31"
  },
  {
    "date": "2023-03-01",
    "symbol": "VST",
    "eps": -0.68,
    "epsEstimated": 0.19,
    "time": "bmo",
    "revenue": 3869000000,
    "revenueEstimated": 6426533420,
    "updatedFromDate": "2025-04-24",
    "fiscalDateEnding": "2022-12-31"
  },
  {
    "date": "2022-11-04",
    "symbol": "VST",
    "eps": 1.51,
    "epsEstimated": 1.58,
    "time": "bmo",
    "revenue": 5146000000,
    "revenueEstimated": 6630799202,
    "updatedFromDate": "2025-04-24",
    "fiscalDateEnding": "2022-09-30"
  },
  {
    "date": "2022-08-05",
    "symbol": "VST",
    "eps": 1.48,
    "epsEstimated": 0.17,
    "time": "bmo",
    "revenue": 1588000000,
    "revenueEstimated": 4008065918,
    "updatedFromDate": "2025-04-24",
    "fiscalDateEnding": "2022-06-30"
  },
  {
    "date": "2022-05-06",
    "symbol": "VST",
    "eps": -0.06,
    "epsEstimated": 0.23,
    "time": "bmo",
    "revenue": 3125000000,
    "revenueEstimated": 3830609318,
    "updatedFromDate": "2025-04-24",
    "fiscalDateEnding": "2022-03-31"
  },
  {
    "date": "2022-02-25",
    "symbol": "VST",
    "eps": 1.5,
    "epsEstimated": 1.6,
    "time": "bmo",
    "revenue": 3314000000,
    "revenueEstimated": 6007169470,
    "updatedFromDate": "2025-04-24",
    "fiscalDateEnding": "2021-12-31"
  },
  {
    "date": "2021-11-05",
    "symbol": "VST",
    "eps": 0.03,
    "epsEstimated": 1.52,
    "time": "bmo",
    "revenue": 2991000000,
    "revenueEstimated": 4713180000,
    "updatedFromDate": "2025-04-24",
    "fiscalDateEnding": "2021-09-30"
  },
  {
    "date": "2021-08-05",
    "symbol": "VST",
    "eps": 0.07,
    "epsEstimated": 0.55,
    "time": "bmo",
    "revenue": 2565000000,
    "revenueEstimated": 3310220000,
    "updatedFromDate": "2025-04-24",
    "fiscalDateEnding": "2021-06-30"
  },
  {
    "date": "2021-05-04",
    "symbol": "VST",
    "eps": -4.21,
    "epsEstimated": -2.34,
    "time": "bmo",
    "revenue": 3207000000,
    "revenueEstimated": 2299439643,
    "updatedFromDate": "2025-04-24",
    "fiscalDateEnding": "2021-03-31"
  },
  {
    "date": "2021-02-26",
    "symbol": "VST",
    "eps": -0.02,
    "epsEstimated": 0.87,
    "time": "bmo",
    "revenue": 2524000000,
    "revenueEstimated": 4692647368,
    "updatedFromDate": "2025-04-24",
    "fiscalDateEnding": "2020-12-31"
  },
  {
    "date": "2020-11-04",
    "symbol": "VST",
    "eps": 0.97,
    "epsEstimated": 0.76,
    "time": "bmo",
    "revenue": 3552000000,
    "revenueEstimated": 3005538461,
    "updatedFromDate": "2025-04-24",
    "fiscalDateEnding": "2020-09-30"
  },
  {
    "date": "2020-08-05",
    "symbol": "VST",
    "eps": 0.34,
    "epsEstimated": 0.41,
    "time": "bmo",
    "revenue": 2509000000,
    "revenueEstimated": 3025558823,
    "updatedFromDate": "2025-04-24",
    "fiscalDateEnding": "2020-06-30"
  },
  {
    "date": "2020-05-05",
    "symbol": "VST",
    "eps": 0.28,
    "epsEstimated": 0.42,
    "time": "bmo",
    "revenue": 2858000000,
    "revenueEstimated": 9613272727,
    "updatedFromDate": "2025-04-24",
    "fiscalDateEnding": "2020-03-31"
  },
  {
    "date": "2020-02-28",
    "symbol": "VST",
    "eps": 0.49,
    "epsEstimated": 0.54,
    "time": "bmo",
    "revenue": 2860000000,
    "revenueEstimated": 3151836734,
    "updatedFromDate": "2025-04-24",
    "fiscalDateEnding": "2019-12-31"
  },
  {
    "date": "2019-11-05",
    "symbol": "VST",
    "eps": 0.23,
    "epsEstimated": 0.87,
    "time": "bmo",
    "revenue": 3194000000,
    "revenueEstimated": 12081652173,
    "updatedFromDate": "2025-04-24",
    "fiscalDateEnding": "2019-09-30"
  },
  {
    "date": "2019-08-02",
    "symbol": "VST",
    "eps": 0.7,
    "epsEstimated": 0.26,
    "time": "bmo",
    "revenue": 2832000000,
    "revenueEstimated": 1960615384,
    "updatedFromDate": "2025-04-24",
    "fiscalDateEnding": "2019-06-30"
  },
  {
    "date": "2019-05-03",
    "symbol": "VST",
    "eps": 0.15,
    "epsEstimated": 0.2,
    "time": "bmo",
    "revenue": 2923000000,
    "revenueEstimated": 2712909373,
    "updatedFromDate": "2025-04-24",
    "fiscalDateEnding": "2019-03-31"
  },
  {
    "date": "2019-02-28",
    "symbol": "VST",
    "eps": -0.32,
    "epsEstimated": 0.15,
    "time": "bmo",
    "revenue": 2563000000,
    "revenueEstimated": 3463513513,
    "updatedFromDate": "2025-04-24",
    "fiscalDateEnding": "2018-12-31"
  },
  {
    "date": "2018-11-02",
    "symbol": "VST",
    "eps": 0.6,
    "epsEstimated": 0.87,
    "time": "bmo",
    "revenue": 3243000000,
    "revenueEstimated": 4702350000,
    "updatedFromDate": "2025-04-24",
    "fiscalDateEnding": "2018-09-30"
  },
  {
    "date": "2018-08-06",
    "symbol": "VST",
    "eps": 0.2,
    "epsEstimated": 0.27,
    "time": "bmo",
    "revenue": 2574000000,
    "revenueEstimated": 3474900000,
    "updatedFromDate": "2025-04-24",
    "fiscalDateEnding": "2018-06-30"
  },
  {
    "date": "2018-05-04",
    "symbol": "VST",
    "eps": 0.08,
    "epsEstimated": 0.18,
    "time": "bmo",
    "revenue": 765000000,
    "revenueEstimated": 140070422,
    "updatedFromDate": "2025-04-24",
    "fiscalDateEnding": "2018-03-31"
  },
  {
    "date": "2018-02-26",
    "symbol": "VST",
    "eps": 0.13,
    "epsEstimated": 0.156,
    "time": "bmo",
    "revenue": 943000000,
    "revenueEstimated": 1152555555,
    "updatedFromDate": "2025-04-24",
    "fiscalDateEnding": "2017-12-31"
  },
  {
    "date": "2017-11-03",
    "symbol": "VST",
    "eps": 0.64,
    "epsEstimated": 0.39,
    "time": "bmo",
    "revenue": 1833000000,
    "revenueEstimated": 1628550000,
    "updatedFromDate": "2025-04-24",
    "fiscalDateEnding": "2017-09-30"
  },
  {
    "date": "2017-08-04",
    "symbol": "VST",
    "eps": 0.01,
    "epsEstimated": -0.01167,
    "time": "bmo",
    "revenue": 1296000000,
    "revenueEstimated": 1512000000,
    "updatedFromDate": "2025-04-24",
    "fiscalDateEnding": "2017-06-30"
  },
  {
    "date": "2017-05-18",
    "symbol": "VST",
    "eps": 0.18,
    "epsEstimated": 0.08,
    "time": "bmo",
    "revenue": 1357000000,
    "revenueEstimated": 1259465621,
    "updatedFromDate": "2025-04-24",
    "fiscalDateEnding": "2017-03-31"
  },
  {
    "date": "2017-03-30",
    "symbol": "VST",
    "eps": 0.4374,
    "epsEstimated": null,
    "time": "bmo",
    "revenue": 1690000000,
    "revenueEstimated": null,
    "updatedFromDate": "2025-04-24",
    "fiscalDateEnding": "2016-09-30"
  },
  {
    "date": "2016-12-30",
    "symbol": "VST",
    "eps": -0.38123,
    "epsEstimated": null,
    "time": "bmo",
    "revenue": 1191000000,
    "revenueEstimated": null,
    "updatedFromDate": "2025-04-24",
    "fiscalDateEnding": "2016-12-31"
  },
  {
    "date": "2016-06-29",
    "symbol": "VST",
    "eps": -1.16725,
    "epsEstimated": null,
    "time": "bmo",
    "revenue": 1233000000,
    "revenueEstimated": null,
    "updatedFromDate": "2025-04-24",
    "fiscalDateEnding": "2016-06-30"
  }
]