[
  {
    "date": "2026-04-28",
    "symbol": "VTR",
    "eps": null,
    "epsEstimated": null,
    "time": "amc",
    "revenue": null,
    "revenueEstimated": null,
    "updatedFromDate": "2025-10-02",
    "fiscalDateEnding": "2026-03-30"
  },
  {
    "date": "2026-02-10",
    "symbol": "VTR",
    "eps": null,
    "epsEstimated": null,
    "time": "amc",
    "revenue": null,
    "revenueEstimated": null,
    "updatedFromDate": "2025-10-02",
    "fiscalDateEnding": "2025-12-30"
  },
  {
    "date": "2025-10-29",
    "symbol": "VTR",
    "eps": null,
    "epsEstimated": 0.87,
    "time": "bmo",
    "revenue": null,
    "revenueEstimated": 1435034580,
    "updatedFromDate": "2025-10-02",
    "fiscalDateEnding": "2025-09-30"
  },
  {
    "date": "2025-07-30",
    "symbol": "VTR",
    "eps": 0.87,
    "epsEstimated": 0.85,
    "time": "amc",
    "revenue": 1420893000,
    "revenueEstimated": 1404806380,
    "updatedFromDate": "2025-10-02",
    "fiscalDateEnding": "2025-06-30"
  },
  {
    "date": "2025-04-30",
    "symbol": "VTR",
    "eps": 0.84,
    "epsEstimated": 0.82,
    "time": "amc",
    "revenue": 1358074000,
    "revenueEstimated": 1315345580,
    "updatedFromDate": "2025-07-30",
    "fiscalDateEnding": "2025-03-31"
  },
  {
    "date": "2025-02-12",
    "symbol": "VTR",
    "eps": 0.81,
    "epsEstimated": -0.02,
    "time": "amc",
    "revenue": 1287057000,
    "revenueEstimated": 1254130970,
    "updatedFromDate": "2025-05-12",
    "fiscalDateEnding": "2024-12-31"
  },
  {
    "date": "2024-10-30",
    "symbol": "VTR",
    "eps": 0.8,
    "epsEstimated": 0.8,
    "time": "amc",
    "revenue": 1236315000,
    "revenueEstimated": 1231740000,
    "updatedFromDate": "2024-11-08",
    "fiscalDateEnding": "2024-09-30"
  },
  {
    "date": "2024-08-01",
    "symbol": "VTR",
    "eps": 0.8,
    "epsEstimated": 0.79,
    "time": "amc",
    "revenue": 1200980000,
    "revenueEstimated": 1194550000,
    "updatedFromDate": "2025-04-22",
    "fiscalDateEnding": "2024-06-30"
  },
  {
    "date": "2024-05-01",
    "symbol": "VTR",
    "eps": 0.78,
    "epsEstimated": 0.74,
    "time": "amc",
    "revenue": 1199914000,
    "revenueEstimated": 1180150000,
    "updatedFromDate": "2025-04-22",
    "fiscalDateEnding": "2024-03-31"
  },
  {
    "date": "2024-02-14",
    "symbol": "VTR",
    "eps": 0.76,
    "epsEstimated": 0.76,
    "time": "amc",
    "revenue": 1164392000,
    "revenueEstimated": 1149950000,
    "updatedFromDate": "2025-04-22",
    "fiscalDateEnding": "2023-12-31"
  },
  {
    "date": "2023-11-02",
    "symbol": "VTR",
    "eps": 0.75,
    "epsEstimated": 0.74,
    "time": "amc",
    "revenue": 1149832000,
    "revenueEstimated": 1118690000,
    "updatedFromDate": "2025-04-22",
    "fiscalDateEnding": "2023-09-30"
  },
  {
    "date": "2023-08-03",
    "symbol": "VTR",
    "eps": 0.75,
    "epsEstimated": 0.74,
    "time": "amc",
    "revenue": 1106358000,
    "revenueEstimated": 1093520000,
    "updatedFromDate": "2025-04-22",
    "fiscalDateEnding": "2023-06-30"
  },
  {
    "date": "2023-05-08",
    "symbol": "VTR",
    "eps": 0.74,
    "epsEstimated": 0.7,
    "time": "amc",
    "revenue": 1077245000,
    "revenueEstimated": 1077240000,
    "updatedFromDate": "2025-04-22",
    "fiscalDateEnding": "2023-03-31"
  },
  {
    "date": "2023-02-09",
    "symbol": "VTR",
    "eps": 0.73,
    "epsEstimated": 0.72,
    "time": "amc",
    "revenue": 1051425000,
    "revenueEstimated": 1041771396,
    "updatedFromDate": "2025-04-22",
    "fiscalDateEnding": "2022-12-31"
  },
  {
    "date": "2022-11-03",
    "symbol": "VTR",
    "eps": 0.76,
    "epsEstimated": 6.19,
    "time": "amc",
    "revenue": 1037276000,
    "revenueEstimated": 1025318185,
    "updatedFromDate": "2025-04-22",
    "fiscalDateEnding": "2022-09-30"
  },
  {
    "date": "2022-08-04",
    "symbol": "VTR",
    "eps": 0.72,
    "epsEstimated": 0.72,
    "time": "amc",
    "revenue": 1022938000,
    "revenueEstimated": 1035693751,
    "updatedFromDate": "2025-04-22",
    "fiscalDateEnding": "2022-06-30"
  },
  {
    "date": "2022-05-05",
    "symbol": "VTR",
    "eps": 0.79,
    "epsEstimated": 0.77,
    "time": "amc",
    "revenue": 1017554000,
    "revenueEstimated": 1022895399,
    "updatedFromDate": "2025-04-22",
    "fiscalDateEnding": "2022-03-31"
  },
  {
    "date": "2022-02-17",
    "symbol": "VTR",
    "eps": 0.73,
    "epsEstimated": 0.71,
    "time": "amc",
    "revenue": 1022444000,
    "revenueEstimated": 957617902,
    "updatedFromDate": "2025-04-22",
    "fiscalDateEnding": "2021-12-31"
  },
  {
    "date": "2021-11-05",
    "symbol": "VTR",
    "eps": 0.73,
    "epsEstimated": 0.73,
    "time": "bmo",
    "revenue": 976078000,
    "revenueEstimated": 1002050000,
    "updatedFromDate": "2025-04-22",
    "fiscalDateEnding": "2021-09-30"
  },
  {
    "date": "2021-08-06",
    "symbol": "VTR",
    "eps": 0.73,
    "epsEstimated": 0.72,
    "time": "bmo",
    "revenue": 919194000,
    "revenueEstimated": 919194000,
    "updatedFromDate": "2025-04-22",
    "fiscalDateEnding": "2021-06-30"
  },
  {
    "date": "2021-05-07",
    "symbol": "VTR",
    "eps": 0.72,
    "epsEstimated": 0.7,
    "time": "bmo",
    "revenue": 910291000,
    "revenueEstimated": 900260000,
    "updatedFromDate": "2025-04-22",
    "fiscalDateEnding": "2021-03-31"
  },
  {
    "date": "2021-02-18",
    "symbol": "VTR",
    "eps": 0.83,
    "epsEstimated": 0.73,
    "time": "bmo",
    "revenue": 921165000,
    "revenueEstimated": 1789964999,
    "updatedFromDate": "2025-04-22",
    "fiscalDateEnding": "2020-12-31"
  },
  {
    "date": "2020-11-06",
    "symbol": "VTR",
    "eps": 0.75,
    "epsEstimated": 0.72,
    "time": "bmo",
    "revenue": 918940000,
    "revenueEstimated": 918940000,
    "updatedFromDate": "2025-04-22",
    "fiscalDateEnding": "2020-09-30"
  },
  {
    "date": "2020-08-07",
    "symbol": "VTR",
    "eps": 0.77,
    "epsEstimated": 0.73,
    "time": "bmo",
    "revenue": 943198000,
    "revenueEstimated": 592240604,
    "updatedFromDate": "2025-04-22",
    "fiscalDateEnding": "2020-06-30"
  },
  {
    "date": "2020-05-08",
    "symbol": "VTR",
    "eps": 1.26,
    "epsEstimated": 0.28,
    "time": "bmo",
    "revenue": 1012054000,
    "revenueEstimated": 176707841,
    "updatedFromDate": "2025-04-22",
    "fiscalDateEnding": "2020-03-31"
  },
  {
    "date": "2020-02-20",
    "symbol": "VTR",
    "eps": 0.93,
    "epsEstimated": 0.92,
    "time": "bmo",
    "revenue": 996004000,
    "revenueEstimated": 8964036000,
    "updatedFromDate": "2025-04-22",
    "fiscalDateEnding": "2019-12-31"
  },
  {
    "date": "2019-10-25",
    "symbol": "VTR",
    "eps": 0.96,
    "epsEstimated": 0.94,
    "time": "bmo",
    "revenue": 983155000,
    "revenueEstimated": 1367867826,
    "updatedFromDate": "2025-04-22",
    "fiscalDateEnding": "2019-09-30"
  },
  {
    "date": "2019-07-26",
    "symbol": "VTR",
    "eps": 0.97,
    "epsEstimated": 0.96,
    "time": "bmo",
    "revenue": 950717000,
    "revenueEstimated": 655382704,
    "updatedFromDate": "2025-04-22",
    "fiscalDateEnding": "2019-06-30"
  },
  {
    "date": "2019-04-26",
    "symbol": "VTR",
    "eps": 0.99,
    "epsEstimated": 0.96,
    "time": "bmo",
    "revenue": 942874000,
    "revenueEstimated": 835116971,
    "updatedFromDate": "2025-04-22",
    "fiscalDateEnding": "2019-03-31"
  },
  {
    "date": "2019-02-08",
    "symbol": "VTR",
    "eps": 0.96,
    "epsEstimated": 0.95,
    "time": "bmo",
    "revenue": 923263000,
    "revenueEstimated": 1900835588,
    "updatedFromDate": "2025-04-22",
    "fiscalDateEnding": "2018-12-31"
  },
  {
    "date": "2018-10-26",
    "symbol": "VTR",
    "eps": 0.99,
    "epsEstimated": 0.97,
    "time": "bmo",
    "revenue": 936538000,
    "revenueEstimated": 1204120285,
    "updatedFromDate": "2025-04-22",
    "fiscalDateEnding": "2018-09-30"
  },
  {
    "date": "2018-07-27",
    "symbol": "VTR",
    "eps": 1.08,
    "epsEstimated": 1.02,
    "time": "bmo",
    "revenue": 942304000,
    "revenueEstimated": 757936956,
    "updatedFromDate": "2025-04-22",
    "fiscalDateEnding": "2018-06-30"
  },
  {
    "date": "2018-04-27",
    "symbol": "VTR",
    "eps": 0.96,
    "epsEstimated": 1.01,
    "time": "bmo",
    "revenue": 943705000,
    "revenueEstimated": 1844504545,
    "updatedFromDate": "2025-04-22",
    "fiscalDateEnding": "2018-03-31"
  },
  {
    "date": "2018-02-09",
    "symbol": "VTR",
    "eps": 1.09,
    "epsEstimated": 0.63,
    "time": "bmo",
    "revenue": 895288000,
    "revenueEstimated": 594464985,
    "updatedFromDate": "2025-04-22",
    "fiscalDateEnding": "2017-12-31"
  },
  {
    "date": "2017-10-27",
    "symbol": "VTR",
    "eps": 1.04,
    "epsEstimated": 1.04,
    "time": "bmo",
    "revenue": 899928000,
    "revenueEstimated": 236815789,
    "updatedFromDate": "2025-04-22",
    "fiscalDateEnding": "2017-09-30"
  },
  {
    "date": "2017-07-28",
    "symbol": "VTR",
    "eps": 1.06,
    "epsEstimated": 1.05,
    "time": "bmo",
    "revenue": 895490000,
    "revenueEstimated": 959464285,
    "updatedFromDate": "2025-04-22",
    "fiscalDateEnding": "2017-06-30"
  },
  {
    "date": "2017-04-28",
    "symbol": "VTR",
    "eps": 1.04,
    "epsEstimated": 1.02,
    "time": "bmo",
    "revenue": 883443000,
    "revenueEstimated": 642472727,
    "updatedFromDate": "2025-04-22",
    "fiscalDateEnding": "2017-03-31"
  },
  {
    "date": "2017-02-10",
    "symbol": "VTR",
    "eps": 1.03,
    "epsEstimated": 1.03,
    "time": "bmo",
    "revenue": 875713000,
    "revenueEstimated": 649225862,
    "updatedFromDate": "2025-04-22",
    "fiscalDateEnding": "2016-12-31"
  },
  {
    "date": "2016-10-28",
    "symbol": "VTR",
    "eps": 1.03,
    "epsEstimated": 1.01,
    "time": "bmo",
    "revenue": 867116000,
    "revenueEstimated": 846454761,
    "updatedFromDate": "2025-04-22",
    "fiscalDateEnding": "2016-09-30"
  },
  {
    "date": "2016-07-29",
    "symbol": "VTR",
    "eps": 1.04,
    "epsEstimated": 1.04,
    "time": "bmo",
    "revenue": 848404000,
    "revenueEstimated": 767600000,
    "updatedFromDate": "2025-04-22",
    "fiscalDateEnding": "2016-06-30"
  }
]