[
  {
    "date": "2026-05-06",
    "symbol": "VTRS",
    "eps": null,
    "epsEstimated": null,
    "time": "bmo",
    "revenue": null,
    "revenueEstimated": null,
    "updatedFromDate": "2025-10-02",
    "fiscalDateEnding": "2026-03-30"
  },
  {
    "date": "2026-02-25",
    "symbol": "VTRS",
    "eps": null,
    "epsEstimated": null,
    "time": "bmo",
    "revenue": null,
    "revenueEstimated": null,
    "updatedFromDate": "2025-10-02",
    "fiscalDateEnding": "2025-12-30"
  },
  {
    "date": "2025-11-06",
    "symbol": "VTRS",
    "eps": null,
    "epsEstimated": 0.63,
    "time": "bmo",
    "revenue": null,
    "revenueEstimated": 3604866500,
    "updatedFromDate": "2025-10-02",
    "fiscalDateEnding": "2025-09-30"
  },
  {
    "date": "2025-08-07",
    "symbol": "VTRS",
    "eps": 0.62,
    "epsEstimated": 0.556,
    "time": "bmo",
    "revenue": 3582100000,
    "revenueEstimated": 3466994744,
    "updatedFromDate": "2025-10-02",
    "fiscalDateEnding": "2025-06-30"
  },
  {
    "date": "2025-05-08",
    "symbol": "VTRS",
    "eps": 0.5,
    "epsEstimated": 0.4919,
    "time": "bmo",
    "revenue": 3254300000,
    "revenueEstimated": 3235270250,
    "updatedFromDate": "2025-08-08",
    "fiscalDateEnding": "2025-03-31"
  },
  {
    "date": "2025-02-27",
    "symbol": "VTRS",
    "eps": 0.54,
    "epsEstimated": 0.61,
    "time": "bmo",
    "revenue": 3528100000,
    "revenueEstimated": 3600014022,
    "updatedFromDate": "2025-05-27",
    "fiscalDateEnding": "2024-12-31"
  },
  {
    "date": "2024-11-07",
    "symbol": "VTRS",
    "eps": 0.75,
    "epsEstimated": 0.677,
    "time": "bmo",
    "revenue": 3738000000,
    "revenueEstimated": 3715426285,
    "updatedFromDate": "2025-04-25",
    "fiscalDateEnding": "2024-09-30"
  },
  {
    "date": "2024-08-08",
    "symbol": "VTRS",
    "eps": 0.69,
    "epsEstimated": 0.678,
    "time": "bmo",
    "revenue": 3796600000,
    "revenueEstimated": 3780909000,
    "updatedFromDate": "2025-04-25",
    "fiscalDateEnding": "2024-06-30"
  },
  {
    "date": "2024-05-09",
    "symbol": "VTRS",
    "eps": 0.67,
    "epsEstimated": 0.673,
    "time": "bmo",
    "revenue": 3663400000,
    "revenueEstimated": 3690962702,
    "updatedFromDate": "2025-04-25",
    "fiscalDateEnding": "2024-03-31"
  },
  {
    "date": "2024-02-28",
    "symbol": "VTRS",
    "eps": 0.61,
    "epsEstimated": 0.67,
    "time": "bmo",
    "revenue": 3837300000,
    "revenueEstimated": 3869760000,
    "updatedFromDate": "2025-04-25",
    "fiscalDateEnding": "2023-12-31"
  },
  {
    "date": "2023-11-07",
    "symbol": "VTRS",
    "eps": 0.78,
    "epsEstimated": 0.74,
    "time": "amc",
    "revenue": 3941900000,
    "revenueEstimated": 3866760000,
    "updatedFromDate": "2025-04-25",
    "fiscalDateEnding": "2023-09-30"
  },
  {
    "date": "2023-08-07",
    "symbol": "VTRS",
    "eps": 0.75,
    "epsEstimated": 0.71,
    "time": "bmo",
    "revenue": 3918600000,
    "revenueEstimated": 3865780000,
    "updatedFromDate": "2025-04-25",
    "fiscalDateEnding": "2023-06-30"
  },
  {
    "date": "2023-05-08",
    "symbol": "VTRS",
    "eps": 0.78,
    "epsEstimated": 0.69,
    "time": "bmo",
    "revenue": 3729100000,
    "revenueEstimated": 3808110000,
    "updatedFromDate": "2025-04-25",
    "fiscalDateEnding": "2023-03-31"
  },
  {
    "date": "2023-02-27",
    "symbol": "VTRS",
    "eps": 0.67,
    "epsEstimated": 0.72,
    "time": "bmo",
    "revenue": 3876000000,
    "revenueEstimated": 3990452700,
    "updatedFromDate": "2025-04-25",
    "fiscalDateEnding": "2022-12-31"
  },
  {
    "date": "2022-11-07",
    "symbol": "VTRS",
    "eps": 0.86,
    "epsEstimated": 0.82,
    "time": "bmo",
    "revenue": 4078200000,
    "revenueEstimated": 4135717249,
    "updatedFromDate": "2025-04-25",
    "fiscalDateEnding": "2022-09-30"
  },
  {
    "date": "2022-08-08",
    "symbol": "VTRS",
    "eps": 0.88,
    "epsEstimated": 0.81,
    "time": "bmo",
    "revenue": 4116800000,
    "revenueEstimated": 4184864749,
    "updatedFromDate": "2025-04-25",
    "fiscalDateEnding": "2022-06-30"
  },
  {
    "date": "2022-05-09",
    "symbol": "VTRS",
    "eps": 0.93,
    "epsEstimated": 0.81,
    "time": "bmo",
    "revenue": 4191700000,
    "revenueEstimated": 4231944274,
    "updatedFromDate": "2025-04-25",
    "fiscalDateEnding": "2022-03-31"
  },
  {
    "date": "2022-02-28",
    "symbol": "VTRS",
    "eps": 0.8,
    "epsEstimated": 0.82,
    "time": "bmo",
    "revenue": 4341600000,
    "revenueEstimated": 4346073407,
    "updatedFromDate": "2025-04-25",
    "fiscalDateEnding": "2021-12-31"
  },
  {
    "date": "2021-11-08",
    "symbol": "VTRS",
    "eps": 0.99,
    "epsEstimated": 0.86,
    "time": "bmo",
    "revenue": 4536600000,
    "revenueEstimated": 4391210000,
    "updatedFromDate": "2025-04-25",
    "fiscalDateEnding": "2021-09-30"
  },
  {
    "date": "2021-08-09",
    "symbol": "VTRS",
    "eps": 0.98,
    "epsEstimated": 0.88,
    "time": "bmo",
    "revenue": 4577800000,
    "revenueEstimated": 4378430000,
    "updatedFromDate": "2025-04-25",
    "fiscalDateEnding": "2021-06-30"
  },
  {
    "date": "2021-05-10",
    "symbol": "VTRS",
    "eps": 0.92,
    "epsEstimated": 0.79,
    "time": "bmo",
    "revenue": 4430300000,
    "revenueEstimated": 3765755000,
    "updatedFromDate": "2025-04-25",
    "fiscalDateEnding": "2021-03-31"
  },
  {
    "date": "2021-03-01",
    "symbol": "VTRS",
    "eps": 0.94,
    "epsEstimated": 1.24,
    "time": "bmo",
    "revenue": 3623500000,
    "revenueEstimated": null,
    "updatedFromDate": "2025-04-25",
    "fiscalDateEnding": "2020-12-31"
  },
  {
    "date": "2020-11-06",
    "symbol": "VTRS",
    "eps": 1.31,
    "epsEstimated": 1.16,
    "time": "bmo",
    "revenue": 2972100000,
    "revenueEstimated": 2616464102,
    "updatedFromDate": "2025-04-25",
    "fiscalDateEnding": "2020-09-27"
  },
  {
    "date": "2020-08-06",
    "symbol": "VTRS",
    "eps": 1.11,
    "epsEstimated": 0.98,
    "time": "bmo",
    "revenue": 2731200000,
    "revenueEstimated": 2368897959,
    "updatedFromDate": "2025-04-25",
    "fiscalDateEnding": "2020-06-28"
  },
  {
    "date": "2020-05-11",
    "symbol": "VTRS",
    "eps": 0.9,
    "epsEstimated": 0.86,
    "time": "bmo",
    "revenue": 2619200000,
    "revenueEstimated": 2497376744,
    "updatedFromDate": "2025-04-25",
    "fiscalDateEnding": "2020-03-29"
  },
  {
    "date": "2020-02-27",
    "symbol": "VTRS",
    "eps": 1.4,
    "epsEstimated": 1.28,
    "time": "bmo",
    "revenue": 3191800000,
    "revenueEstimated": 2892568750,
    "updatedFromDate": "2025-04-25",
    "fiscalDateEnding": "2019-12-31"
  },
  {
    "date": "2019-11-05",
    "symbol": "VTRS",
    "eps": 1.17,
    "epsEstimated": 1.13,
    "time": "bmo",
    "revenue": 2961700000,
    "revenueEstimated": 2856861061,
    "updatedFromDate": "2025-04-25",
    "fiscalDateEnding": "2019-09-29"
  },
  {
    "date": "2019-07-29",
    "symbol": "VTRS",
    "eps": 1.03,
    "epsEstimated": 0.95,
    "time": "bmo",
    "revenue": 2851500000,
    "revenueEstimated": 2611373684,
    "updatedFromDate": "2025-04-25",
    "fiscalDateEnding": "2019-06-29"
  },
  {
    "date": "2019-05-07",
    "symbol": "VTRS",
    "eps": 0.82,
    "epsEstimated": 0.79,
    "time": "bmo",
    "revenue": 2495500000,
    "revenueEstimated": 2400734177,
    "updatedFromDate": "2025-04-25",
    "fiscalDateEnding": "2019-03-30"
  },
  {
    "date": "2019-02-26",
    "symbol": "VTRS",
    "eps": 1.3,
    "epsEstimated": 1.36,
    "time": "bmo",
    "revenue": 3078700000,
    "revenueEstimated": 3214525000,
    "updatedFromDate": "2025-04-25",
    "fiscalDateEnding": "2018-12-30"
  },
  {
    "date": "2018-11-05",
    "symbol": "VTRS",
    "eps": 1.25,
    "epsEstimated": 1.19,
    "time": "bmo",
    "revenue": 2862400000,
    "revenueEstimated": 2718077310,
    "updatedFromDate": "2025-04-25",
    "fiscalDateEnding": "2018-09-29"
  },
  {
    "date": "2018-08-08",
    "symbol": "VTRS",
    "eps": 1.07,
    "epsEstimated": 1.22,
    "time": "bmo",
    "revenue": 2808300000,
    "revenueEstimated": 3153582786,
    "updatedFromDate": "2025-04-25",
    "fiscalDateEnding": "2018-06-29"
  },
  {
    "date": "2018-05-09",
    "symbol": "VTRS",
    "eps": 0.96,
    "epsEstimated": 0.96,
    "time": "bmo",
    "revenue": 2684500000,
    "revenueEstimated": 2684500000,
    "updatedFromDate": "2025-04-25",
    "fiscalDateEnding": "2018-03-30"
  },
  {
    "date": "2018-02-28",
    "symbol": "VTRS",
    "eps": 1.43,
    "epsEstimated": 1.41,
    "time": "bmo",
    "revenue": 3238900000,
    "revenueEstimated": 3192958156,
    "updatedFromDate": "2025-04-25",
    "fiscalDateEnding": "2017-12-30"
  },
  {
    "date": "2017-11-06",
    "symbol": "VTRS",
    "eps": 1.1,
    "epsEstimated": 1.2,
    "time": "bmo",
    "revenue": 2987100000,
    "revenueEstimated": 3236025000,
    "updatedFromDate": "2025-04-25",
    "fiscalDateEnding": "2017-09-29"
  },
  {
    "date": "2017-08-09",
    "symbol": "VTRS",
    "eps": 1.1,
    "epsEstimated": 1.16,
    "time": "bmo",
    "revenue": 2962200000,
    "revenueEstimated": 3115417241,
    "updatedFromDate": "2025-04-25",
    "fiscalDateEnding": "2017-06-29"
  },
  {
    "date": "2017-05-10",
    "symbol": "VTRS",
    "eps": 0.93,
    "epsEstimated": 0.92,
    "time": "bmo",
    "revenue": 2719500000,
    "revenueEstimated": 2689940217,
    "updatedFromDate": "2025-04-25",
    "fiscalDateEnding": "2017-03-30"
  },
  {
    "date": "2017-03-01",
    "symbol": "VTRS",
    "eps": 1.57,
    "epsEstimated": 1.42,
    "time": "bmo",
    "revenue": 3267800000,
    "revenueEstimated": null,
    "updatedFromDate": "2025-04-25",
    "fiscalDateEnding": "2016-12-30"
  },
  {
    "date": "2016-11-09",
    "symbol": "VTRS",
    "eps": 1.38,
    "epsEstimated": 1.45,
    "time": "bmo",
    "revenue": 3057100000,
    "revenueEstimated": 3204684137,
    "updatedFromDate": "2025-04-25",
    "fiscalDateEnding": "2016-09-29"
  },
  {
    "date": "2016-08-09",
    "symbol": "VTRS",
    "eps": 1.16,
    "epsEstimated": 1.13,
    "time": "bmo",
    "revenue": 2560700000,
    "revenueEstimated": 2492716814,
    "updatedFromDate": "2025-04-25",
    "fiscalDateEnding": "2016-06-29"
  }
]