[
  {
    "date": "2026-04-20",
    "symbol": "VZ",
    "eps": null,
    "epsEstimated": null,
    "time": "bmo",
    "revenue": null,
    "revenueEstimated": null,
    "updatedFromDate": "2025-10-02",
    "fiscalDateEnding": "2026-03-30"
  },
  {
    "date": "2026-01-22",
    "symbol": "VZ",
    "eps": null,
    "epsEstimated": null,
    "time": "bmo",
    "revenue": null,
    "revenueEstimated": null,
    "updatedFromDate": "2025-10-02",
    "fiscalDateEnding": "2025-12-30"
  },
  {
    "date": "2025-10-21",
    "symbol": "VZ",
    "eps": null,
    "epsEstimated": 1.2,
    "time": "bmo",
    "revenue": null,
    "revenueEstimated": 34195143980,
    "updatedFromDate": "2025-10-02",
    "fiscalDateEnding": "2025-09-30"
  },
  {
    "date": "2025-07-21",
    "symbol": "VZ",
    "eps": 1.22,
    "epsEstimated": 1.19,
    "time": "bmo",
    "revenue": 34504000000,
    "revenueEstimated": 33744202061,
    "updatedFromDate": "2025-10-02",
    "fiscalDateEnding": "2025-06-30"
  },
  {
    "date": "2025-04-22",
    "symbol": "VZ",
    "eps": 1.19,
    "epsEstimated": 1.15,
    "time": "bmo",
    "revenue": 33485000000,
    "revenueEstimated": 33282890844,
    "updatedFromDate": "2025-07-22",
    "fiscalDateEnding": "2025-03-31"
  },
  {
    "date": "2025-01-24",
    "symbol": "VZ",
    "eps": 1.1,
    "epsEstimated": 1.11,
    "time": "bmo",
    "revenue": 35681000000,
    "revenueEstimated": 35335415441,
    "updatedFromDate": "2025-04-25",
    "fiscalDateEnding": "2024-12-31"
  },
  {
    "date": "2024-10-22",
    "symbol": "VZ",
    "eps": 1.19,
    "epsEstimated": 1.18,
    "time": "bmo",
    "revenue": 33330000000,
    "revenueEstimated": 33420337294,
    "updatedFromDate": "2025-04-25",
    "fiscalDateEnding": "2024-09-30"
  },
  {
    "date": "2024-07-22",
    "symbol": "VZ",
    "eps": 1.15,
    "epsEstimated": 1.15,
    "time": "bmo",
    "revenue": 32796000000,
    "revenueEstimated": 33048020977,
    "updatedFromDate": "2025-04-25",
    "fiscalDateEnding": "2024-06-30"
  },
  {
    "date": "2024-04-22",
    "symbol": "VZ",
    "eps": 1.15,
    "epsEstimated": 1.12,
    "time": "bmo",
    "revenue": 32981000000,
    "revenueEstimated": 33233338422,
    "updatedFromDate": "2025-04-25",
    "fiscalDateEnding": "2024-03-31"
  },
  {
    "date": "2024-01-23",
    "symbol": "VZ",
    "eps": 1.08,
    "epsEstimated": 1.07,
    "time": "bmo",
    "revenue": 35130000000,
    "revenueEstimated": 34583100000,
    "updatedFromDate": "2025-04-25",
    "fiscalDateEnding": "2023-12-31"
  },
  {
    "date": "2023-10-24",
    "symbol": "VZ",
    "eps": 1.22,
    "epsEstimated": 1.18,
    "time": "bmo",
    "revenue": 33336000000,
    "revenueEstimated": 33250500000,
    "updatedFromDate": "2025-04-25",
    "fiscalDateEnding": "2023-09-30"
  },
  {
    "date": "2023-07-25",
    "symbol": "VZ",
    "eps": 1.21,
    "epsEstimated": 1.17,
    "time": "bmo",
    "revenue": 32596000000,
    "revenueEstimated": 33278300000,
    "updatedFromDate": "2025-04-25",
    "fiscalDateEnding": "2023-06-30"
  },
  {
    "date": "2023-04-25",
    "symbol": "VZ",
    "eps": 1.2,
    "epsEstimated": 1.2,
    "time": "bmo",
    "revenue": 32912000000,
    "revenueEstimated": 33571100000,
    "updatedFromDate": "2025-04-25",
    "fiscalDateEnding": "2023-03-31"
  },
  {
    "date": "2023-01-24",
    "symbol": "VZ",
    "eps": 1.19,
    "epsEstimated": 1.19,
    "time": "bmo",
    "revenue": 35251000000,
    "revenueEstimated": 35089735360,
    "updatedFromDate": "2025-04-25",
    "fiscalDateEnding": "2022-12-31"
  },
  {
    "date": "2022-10-21",
    "symbol": "VZ",
    "eps": 1.32,
    "epsEstimated": 1.29,
    "time": "bmo",
    "revenue": 34241000000,
    "revenueEstimated": 33758171630,
    "updatedFromDate": "2025-04-25",
    "fiscalDateEnding": "2022-09-30"
  },
  {
    "date": "2022-07-22",
    "symbol": "VZ",
    "eps": 1.31,
    "epsEstimated": 1.32,
    "time": "bmo",
    "revenue": 33789000000,
    "revenueEstimated": 33735301120,
    "updatedFromDate": "2025-04-25",
    "fiscalDateEnding": "2022-06-30"
  },
  {
    "date": "2022-04-22",
    "symbol": "VZ",
    "eps": 1.35,
    "epsEstimated": 1.35,
    "time": "bmo",
    "revenue": 33554000000,
    "revenueEstimated": 33614740145,
    "updatedFromDate": "2025-04-25",
    "fiscalDateEnding": "2022-03-31"
  },
  {
    "date": "2022-01-25",
    "symbol": "VZ",
    "eps": 1.31,
    "epsEstimated": 1.28,
    "time": "bmo",
    "revenue": 34067000000,
    "revenueEstimated": 33175800000,
    "updatedFromDate": "2025-04-25",
    "fiscalDateEnding": "2021-12-31"
  },
  {
    "date": "2021-10-20",
    "symbol": "VZ",
    "eps": 1.41,
    "epsEstimated": 1.36,
    "time": "bmo",
    "revenue": 32915000000,
    "revenueEstimated": 33743500000,
    "updatedFromDate": "2025-04-25",
    "fiscalDateEnding": "2021-09-30"
  },
  {
    "date": "2021-07-21",
    "symbol": "VZ",
    "eps": 1.37,
    "epsEstimated": 1.3,
    "time": "bmo",
    "revenue": 33764000000,
    "revenueEstimated": 33738800000,
    "updatedFromDate": "2025-04-25",
    "fiscalDateEnding": "2021-06-30"
  },
  {
    "date": "2021-04-21",
    "symbol": "VZ",
    "eps": 1.31,
    "epsEstimated": 1.29,
    "time": "bmo",
    "revenue": 32867000000,
    "revenueEstimated": 32357434108,
    "updatedFromDate": "2025-04-25",
    "fiscalDateEnding": "2021-03-31"
  },
  {
    "date": "2021-01-26",
    "symbol": "VZ",
    "eps": 1.21,
    "epsEstimated": 1.17,
    "time": "bmo",
    "revenue": 34692000000,
    "revenueEstimated": 33505948717,
    "updatedFromDate": "2025-04-25",
    "fiscalDateEnding": "2020-12-31"
  },
  {
    "date": "2020-10-21",
    "symbol": "VZ",
    "eps": 1.25,
    "epsEstimated": 1.22,
    "time": "bmo",
    "revenue": 31543000000,
    "revenueEstimated": 30785968000,
    "updatedFromDate": "2025-04-25",
    "fiscalDateEnding": "2020-09-30"
  },
  {
    "date": "2020-07-24",
    "symbol": "VZ",
    "eps": 1.18,
    "epsEstimated": 1.15,
    "time": "bmo",
    "revenue": 30447000000,
    "revenueEstimated": 29672923728,
    "updatedFromDate": "2025-04-25",
    "fiscalDateEnding": "2020-06-30"
  },
  {
    "date": "2020-04-24",
    "symbol": "VZ",
    "eps": 1.26,
    "epsEstimated": 1.22,
    "time": "bmo",
    "revenue": 31610000000,
    "revenueEstimated": 30606507936,
    "updatedFromDate": "2025-04-25",
    "fiscalDateEnding": "2020-03-31"
  },
  {
    "date": "2020-01-30",
    "symbol": "VZ",
    "eps": 1.13,
    "epsEstimated": 1.14,
    "time": "bmo",
    "revenue": 34775000000,
    "revenueEstimated": 35082743362,
    "updatedFromDate": "2025-04-25",
    "fiscalDateEnding": "2019-12-31"
  },
  {
    "date": "2019-10-25",
    "symbol": "VZ",
    "eps": 1.25,
    "epsEstimated": 1.24,
    "time": "bmo",
    "revenue": 32894000000,
    "revenueEstimated": 32630848000,
    "updatedFromDate": "2025-04-25",
    "fiscalDateEnding": "2019-09-30"
  },
  {
    "date": "2019-08-01",
    "symbol": "VZ",
    "eps": 1.23,
    "epsEstimated": 1.2,
    "time": "bmo",
    "revenue": 32071000000,
    "revenueEstimated": 31288780487,
    "updatedFromDate": "2025-04-25",
    "fiscalDateEnding": "2019-06-30"
  },
  {
    "date": "2019-04-23",
    "symbol": "VZ",
    "eps": 1.2,
    "epsEstimated": 1.17,
    "time": "bmo",
    "revenue": 32128000000,
    "revenueEstimated": 31324800000,
    "updatedFromDate": "2025-04-25",
    "fiscalDateEnding": "2019-03-31"
  },
  {
    "date": "2019-01-29",
    "symbol": "VZ",
    "eps": 1.12,
    "epsEstimated": 1.09,
    "time": "bmo",
    "revenue": 34281000000,
    "revenueEstimated": 33362758928,
    "updatedFromDate": "2025-04-25",
    "fiscalDateEnding": "2018-12-31"
  },
  {
    "date": "2018-10-23",
    "symbol": "VZ",
    "eps": 1.22,
    "epsEstimated": 1.19,
    "time": "bmo",
    "revenue": 32607000000,
    "revenueEstimated": 31805188524,
    "updatedFromDate": "2025-04-25",
    "fiscalDateEnding": "2018-09-30"
  },
  {
    "date": "2018-07-24",
    "symbol": "VZ",
    "eps": 1.2,
    "epsEstimated": 1.14,
    "time": "bmo",
    "revenue": 32203000000,
    "revenueEstimated": 30592850000,
    "updatedFromDate": "2025-04-25",
    "fiscalDateEnding": "2018-06-30"
  },
  {
    "date": "2018-04-24",
    "symbol": "VZ",
    "eps": 1.17,
    "epsEstimated": 1.1,
    "time": "bmo",
    "revenue": 31772000000,
    "revenueEstimated": 29871111111,
    "updatedFromDate": "2025-04-25",
    "fiscalDateEnding": "2018-03-31"
  },
  {
    "date": "2018-01-23",
    "symbol": "VZ",
    "eps": 0.86,
    "epsEstimated": 0.88,
    "time": "bmo",
    "revenue": 33955000000,
    "revenueEstimated": 34744651162,
    "updatedFromDate": "2025-04-25",
    "fiscalDateEnding": "2017-12-31"
  },
  {
    "date": "2017-10-19",
    "symbol": "VZ",
    "eps": 0.98,
    "epsEstimated": 0.98,
    "time": "bmo",
    "revenue": 31717000000,
    "revenueEstimated": 31717000000,
    "updatedFromDate": "2025-04-25",
    "fiscalDateEnding": "2017-09-30"
  },
  {
    "date": "2017-07-27",
    "symbol": "VZ",
    "eps": 0.96,
    "epsEstimated": 0.96,
    "time": "bmo",
    "revenue": 30548000000,
    "revenueEstimated": 30548000000,
    "updatedFromDate": "2025-04-25",
    "fiscalDateEnding": "2017-06-30"
  },
  {
    "date": "2017-04-20",
    "symbol": "VZ",
    "eps": 0.95,
    "epsEstimated": 0.96,
    "time": "bmo",
    "revenue": 29814000000,
    "revenueEstimated": 30127831578,
    "updatedFromDate": "2025-04-25",
    "fiscalDateEnding": "2017-03-31"
  },
  {
    "date": "2017-01-24",
    "symbol": "VZ",
    "eps": 0.86,
    "epsEstimated": 0.89,
    "time": "bmo",
    "revenue": 32340000000,
    "revenueEstimated": 33468139534,
    "updatedFromDate": "2025-04-25",
    "fiscalDateEnding": "2016-12-31"
  },
  {
    "date": "2016-10-20",
    "symbol": "VZ",
    "eps": 1.01,
    "epsEstimated": 0.99,
    "time": "bmo",
    "revenue": 30937000000,
    "revenueEstimated": 30324386138,
    "updatedFromDate": "2025-04-25",
    "fiscalDateEnding": "2016-09-30"
  },
  {
    "date": "2016-07-26",
    "symbol": "VZ",
    "eps": 0.94,
    "epsEstimated": 0.93,
    "time": "bmo",
    "revenue": 30532000000,
    "revenueEstimated": 29882382978,
    "updatedFromDate": "2025-04-25",
    "fiscalDateEnding": "2016-06-30"
  }
]