[
  {
    "date": "2026-04-21",
    "symbol": "WAB",
    "eps": null,
    "epsEstimated": null,
    "time": "bmo",
    "revenue": null,
    "revenueEstimated": null,
    "updatedFromDate": "2025-10-02",
    "fiscalDateEnding": "2026-03-30"
  },
  {
    "date": "2026-02-10",
    "symbol": "WAB",
    "eps": null,
    "epsEstimated": null,
    "time": "bmo",
    "revenue": null,
    "revenueEstimated": null,
    "updatedFromDate": "2025-10-02",
    "fiscalDateEnding": "2025-12-30"
  },
  {
    "date": "2025-10-22",
    "symbol": "WAB",
    "eps": null,
    "epsEstimated": 2.27,
    "time": "bmo",
    "revenue": null,
    "revenueEstimated": 2879754380,
    "updatedFromDate": "2025-10-02",
    "fiscalDateEnding": "2025-09-30"
  },
  {
    "date": "2025-07-24",
    "symbol": "WAB",
    "eps": 1.96,
    "epsEstimated": 2.17,
    "time": "bmo",
    "revenue": 2706000000,
    "revenueEstimated": 2769518065,
    "updatedFromDate": "2025-10-02",
    "fiscalDateEnding": "2025-06-30"
  },
  {
    "date": "2025-04-23",
    "symbol": "WAB",
    "eps": 2.28,
    "epsEstimated": 2.03,
    "time": "bmo",
    "revenue": 2610000000,
    "revenueEstimated": 2607830800,
    "updatedFromDate": "2025-07-23",
    "fiscalDateEnding": "2025-03-31"
  },
  {
    "date": "2025-02-12",
    "symbol": "WAB",
    "eps": 1.68,
    "epsEstimated": 1.74,
    "time": "bmo",
    "revenue": 2583000000,
    "revenueEstimated": 2622396750,
    "updatedFromDate": "2025-05-12",
    "fiscalDateEnding": "2024-12-31"
  },
  {
    "date": "2024-10-23",
    "symbol": "WAB",
    "eps": 2,
    "epsEstimated": 1.9,
    "time": "bmo",
    "revenue": 2663000000,
    "revenueEstimated": 2681335625,
    "updatedFromDate": "2025-04-24",
    "fiscalDateEnding": "2024-09-30"
  },
  {
    "date": "2024-07-24",
    "symbol": "WAB",
    "eps": 1.96,
    "epsEstimated": 1.88,
    "time": "bmo",
    "revenue": 2644000000,
    "revenueEstimated": 2638397513,
    "updatedFromDate": "2025-04-24",
    "fiscalDateEnding": "2024-06-30"
  },
  {
    "date": "2024-04-24",
    "symbol": "WAB",
    "eps": 1.89,
    "epsEstimated": 1.49,
    "time": "bmo",
    "revenue": 2497000000,
    "revenueEstimated": 2396912875,
    "updatedFromDate": "2025-04-24",
    "fiscalDateEnding": "2024-03-31"
  },
  {
    "date": "2024-02-14",
    "symbol": "WAB",
    "eps": 1.54,
    "epsEstimated": 1.58,
    "time": "bmo",
    "revenue": 2526000000,
    "revenueEstimated": 2484510000,
    "updatedFromDate": "2025-04-24",
    "fiscalDateEnding": "2023-12-31"
  },
  {
    "date": "2023-10-25",
    "symbol": "WAB",
    "eps": 1.7,
    "epsEstimated": 1.46,
    "time": "bmo",
    "revenue": 2550000000,
    "revenueEstimated": 2402580000,
    "updatedFromDate": "2025-04-24",
    "fiscalDateEnding": "2023-09-30"
  },
  {
    "date": "2023-07-27",
    "symbol": "WAB",
    "eps": 1.41,
    "epsEstimated": 1.35,
    "time": "bmo",
    "revenue": 2407000000,
    "revenueEstimated": 2252040000,
    "updatedFromDate": "2025-04-24",
    "fiscalDateEnding": "2023-06-30"
  },
  {
    "date": "2023-04-26",
    "symbol": "WAB",
    "eps": 1.28,
    "epsEstimated": 1.19,
    "time": "bmo",
    "revenue": 2194000000,
    "revenueEstimated": 2227570000,
    "updatedFromDate": "2025-04-24",
    "fiscalDateEnding": "2023-03-31"
  },
  {
    "date": "2023-02-15",
    "symbol": "WAB",
    "eps": 1.3,
    "epsEstimated": 1.3,
    "time": "bmo",
    "revenue": 8362000000,
    "revenueEstimated": 2206860545,
    "updatedFromDate": "2025-04-24",
    "fiscalDateEnding": "2022-12-31"
  },
  {
    "date": "2022-11-01",
    "symbol": "WAB",
    "eps": 1.22,
    "epsEstimated": 1.2,
    "time": "bmo",
    "revenue": 2081000000,
    "revenueEstimated": 2150608727,
    "updatedFromDate": "2025-04-24",
    "fiscalDateEnding": "2022-09-30"
  },
  {
    "date": "2022-08-05",
    "symbol": "WAB",
    "eps": 1.23,
    "epsEstimated": 1.22,
    "time": "bmo",
    "revenue": 2048000000,
    "revenueEstimated": 2064856672,
    "updatedFromDate": "2025-04-24",
    "fiscalDateEnding": "2022-06-30"
  },
  {
    "date": "2022-04-27",
    "symbol": "WAB",
    "eps": 1.13,
    "epsEstimated": 1.14,
    "time": "bmo",
    "revenue": 1927000000,
    "revenueEstimated": 1976916048,
    "updatedFromDate": "2025-04-24",
    "fiscalDateEnding": "2022-03-31"
  },
  {
    "date": "2022-02-16",
    "symbol": "WAB",
    "eps": 1.18,
    "epsEstimated": 1.17,
    "time": "bmo",
    "revenue": 2073000000,
    "revenueEstimated": 2178580900,
    "updatedFromDate": "2025-04-24",
    "fiscalDateEnding": "2021-12-31"
  },
  {
    "date": "2021-10-27",
    "symbol": "WAB",
    "eps": 1.14,
    "epsEstimated": 1.13,
    "time": "bmo",
    "revenue": 1906900000,
    "revenueEstimated": 2076900000,
    "updatedFromDate": "2025-04-24",
    "fiscalDateEnding": "2021-09-30"
  },
  {
    "date": "2021-07-29",
    "symbol": "WAB",
    "eps": 1.06,
    "epsEstimated": 0.98,
    "time": "bmo",
    "revenue": 2012300000,
    "revenueEstimated": 2012300000,
    "updatedFromDate": "2025-04-24",
    "fiscalDateEnding": "2021-06-30"
  },
  {
    "date": "2021-04-29",
    "symbol": "WAB",
    "eps": 0.89,
    "epsEstimated": 0.85,
    "time": "bmo",
    "revenue": 1830200000,
    "revenueEstimated": 1851560000,
    "updatedFromDate": "2025-04-24",
    "fiscalDateEnding": "2021-03-31"
  },
  {
    "date": "2021-02-18",
    "symbol": "WAB",
    "eps": 0.98,
    "epsEstimated": 1.06,
    "time": "bmo",
    "revenue": 2023700000,
    "revenueEstimated": 2121833009,
    "updatedFromDate": "2025-04-24",
    "fiscalDateEnding": "2020-12-31"
  },
  {
    "date": "2020-10-29",
    "symbol": "WAB",
    "eps": 0.95,
    "epsEstimated": 0.9,
    "time": "bmo",
    "revenue": 1865100000,
    "revenueEstimated": 1786473684,
    "updatedFromDate": "2025-04-24",
    "fiscalDateEnding": "2020-09-30"
  },
  {
    "date": "2020-07-28",
    "symbol": "WAB",
    "eps": 0.87,
    "epsEstimated": 0.77,
    "time": "bmo",
    "revenue": 1737400000,
    "revenueEstimated": 1497758620,
    "updatedFromDate": "2025-04-24",
    "fiscalDateEnding": "2020-06-30"
  },
  {
    "date": "2020-05-04",
    "symbol": "WAB",
    "eps": 0.97,
    "epsEstimated": 0.99,
    "time": "bmo",
    "revenue": 1929900000,
    "revenueEstimated": 1929900000,
    "updatedFromDate": "2025-04-24",
    "fiscalDateEnding": "2020-03-31"
  },
  {
    "date": "2020-02-18",
    "symbol": "WAB",
    "eps": 1.04,
    "epsEstimated": 1.03,
    "time": "bmo",
    "revenue": 2368400000,
    "revenueEstimated": 2391173076,
    "updatedFromDate": "2025-04-24",
    "fiscalDateEnding": "2019-12-31"
  },
  {
    "date": "2019-10-31",
    "symbol": "WAB",
    "eps": 1.03,
    "epsEstimated": 1,
    "time": "bmo",
    "revenue": 2001700000,
    "revenueEstimated": 1962832038,
    "updatedFromDate": "2025-04-24",
    "fiscalDateEnding": "2019-09-30"
  },
  {
    "date": "2019-07-30",
    "symbol": "WAB",
    "eps": 1.06,
    "epsEstimated": 0.98,
    "time": "bmo",
    "revenue": 2236284000,
    "revenueEstimated": 2046410830,
    "updatedFromDate": "2025-04-24",
    "fiscalDateEnding": "2019-06-30"
  },
  {
    "date": "2019-04-25",
    "symbol": "WAB",
    "eps": 1.06,
    "epsEstimated": 0.8,
    "time": "bmo",
    "revenue": 1593617000,
    "revenueEstimated": 1277900424,
    "updatedFromDate": "2025-04-24",
    "fiscalDateEnding": "2019-03-31"
  },
  {
    "date": "2019-02-25",
    "symbol": "WAB",
    "eps": 0.97,
    "epsEstimated": 1.02,
    "time": "bmo",
    "revenue": 1117876000,
    "revenueEstimated": 1175498474,
    "updatedFromDate": "2025-04-24",
    "fiscalDateEnding": "2018-12-31"
  },
  {
    "date": "2018-10-30",
    "symbol": "WAB",
    "eps": 0.95,
    "epsEstimated": 0.95,
    "time": "bmo",
    "revenue": 1077814000,
    "revenueEstimated": 1077814000,
    "updatedFromDate": "2025-04-24",
    "fiscalDateEnding": "2018-09-30"
  },
  {
    "date": "2018-07-24",
    "symbol": "WAB",
    "eps": 0.93,
    "epsEstimated": 0.93,
    "time": "bmo",
    "revenue": 1111680000,
    "revenueEstimated": 1076959375,
    "updatedFromDate": "2025-04-24",
    "fiscalDateEnding": "2018-06-30"
  },
  {
    "date": "2018-04-24",
    "symbol": "WAB",
    "eps": 0.99,
    "epsEstimated": 0.9,
    "time": "bmo",
    "revenue": 1056177000,
    "revenueEstimated": 1033239130,
    "updatedFromDate": "2025-04-24",
    "fiscalDateEnding": "2018-03-31"
  },
  {
    "date": "2018-02-20",
    "symbol": "WAB",
    "eps": 0.9,
    "epsEstimated": 0.9,
    "time": "bmo",
    "revenue": 1075538000,
    "revenueEstimated": 1099400000,
    "updatedFromDate": "2025-04-24",
    "fiscalDateEnding": "2017-12-31"
  },
  {
    "date": "2017-10-24",
    "symbol": "WAB",
    "eps": 0.78,
    "epsEstimated": 0.84,
    "time": "bmo",
    "revenue": 957931000,
    "revenueEstimated": 914359090,
    "updatedFromDate": "2025-04-24",
    "fiscalDateEnding": "2017-09-30"
  },
  {
    "date": "2017-07-25",
    "symbol": "WAB",
    "eps": 0.8,
    "epsEstimated": 0.94,
    "time": "bmo",
    "revenue": 932253000,
    "revenueEstimated": 1095397274,
    "updatedFromDate": "2025-04-24",
    "fiscalDateEnding": "2017-07-01"
  },
  {
    "date": "2017-04-25",
    "symbol": "WAB",
    "eps": 0.84,
    "epsEstimated": 0.82,
    "time": "bmo",
    "revenue": 916034000,
    "revenueEstimated": 894190476,
    "updatedFromDate": "2025-04-24",
    "fiscalDateEnding": "2017-03-31"
  },
  {
    "date": "2017-02-21",
    "symbol": "WAB",
    "eps": 0.81,
    "epsEstimated": 0.94,
    "time": "bmo",
    "revenue": 759982000,
    "revenueEstimated": 881975308,
    "updatedFromDate": "2025-04-24",
    "fiscalDateEnding": "2016-12-31"
  },
  {
    "date": "2016-10-25",
    "symbol": "WAB",
    "eps": 0.94,
    "epsEstimated": 0.99,
    "time": "bmo",
    "revenue": 675574000,
    "revenueEstimated": 711536170,
    "updatedFromDate": "2025-04-24",
    "fiscalDateEnding": "2016-09-30"
  },
  {
    "date": "2016-07-25",
    "symbol": "WAB",
    "eps": 1.05,
    "epsEstimated": 1.08,
    "time": "bmo",
    "revenue": 723601000,
    "revenueEstimated": 744274285,
    "updatedFromDate": "2025-04-24",
    "fiscalDateEnding": "2016-06-30"
  }
]