[
  {
    "date": "2026-05-04",
    "symbol": "WAT",
    "eps": null,
    "epsEstimated": null,
    "time": "bmo",
    "revenue": null,
    "revenueEstimated": null,
    "updatedFromDate": "2025-10-02",
    "fiscalDateEnding": "2026-03-28"
  },
  {
    "date": "2026-02-10",
    "symbol": "WAT",
    "eps": null,
    "epsEstimated": null,
    "time": "bmo",
    "revenue": null,
    "revenueEstimated": null,
    "updatedFromDate": "2025-10-02",
    "fiscalDateEnding": "2025-12-28"
  },
  {
    "date": "2025-11-07",
    "symbol": "WAT",
    "eps": null,
    "epsEstimated": 3.22,
    "time": "bmo",
    "revenue": null,
    "revenueEstimated": 779959520,
    "updatedFromDate": "2025-10-02",
    "fiscalDateEnding": "2025-09-28"
  },
  {
    "date": "2025-08-04",
    "symbol": "WAT",
    "eps": 2.95,
    "epsEstimated": 2.94,
    "time": "bmo",
    "revenue": 771332000,
    "revenueEstimated": 748664055,
    "updatedFromDate": "2025-10-02",
    "fiscalDateEnding": "2025-06-28"
  },
  {
    "date": "2025-05-06",
    "symbol": "WAT",
    "eps": 2.25,
    "epsEstimated": 2.22,
    "time": "bmo",
    "revenue": 661705000,
    "revenueEstimated": 654807451,
    "updatedFromDate": "2025-08-05",
    "fiscalDateEnding": "2025-03-29"
  },
  {
    "date": "2025-02-12",
    "symbol": "WAT",
    "eps": 4.1,
    "epsEstimated": 4.03,
    "time": "bmo",
    "revenue": 872714000,
    "revenueEstimated": 857059849,
    "updatedFromDate": "2025-05-12",
    "fiscalDateEnding": "2024-12-31"
  },
  {
    "date": "2024-11-01",
    "symbol": "WAT",
    "eps": 2.93,
    "epsEstimated": 2.68,
    "time": "bmo",
    "revenue": 740305000,
    "revenueEstimated": 712992599,
    "updatedFromDate": "2025-04-22",
    "fiscalDateEnding": "2024-09-28"
  },
  {
    "date": "2024-07-31",
    "symbol": "WAT",
    "eps": 2.63,
    "epsEstimated": 2.56,
    "time": "bmo",
    "revenue": 708529000,
    "revenueEstimated": 700088709,
    "updatedFromDate": "2025-04-22",
    "fiscalDateEnding": "2024-06-29"
  },
  {
    "date": "2024-05-07",
    "symbol": "WAT",
    "eps": 2.21,
    "epsEstimated": 2.1,
    "time": "bmo",
    "revenue": 636839000,
    "revenueEstimated": 635568232,
    "updatedFromDate": "2025-04-22",
    "fiscalDateEnding": "2024-03-30"
  },
  {
    "date": "2024-02-06",
    "symbol": "WAT",
    "eps": 3.62,
    "epsEstimated": 3.55,
    "time": "bmo",
    "revenue": 819474000,
    "revenueEstimated": 815030000,
    "updatedFromDate": "2025-04-22",
    "fiscalDateEnding": "2023-12-31"
  },
  {
    "date": "2023-11-07",
    "symbol": "WAT",
    "eps": 2.84,
    "epsEstimated": 2.55,
    "time": "bmo",
    "revenue": 711692000,
    "revenueEstimated": 724080000,
    "updatedFromDate": "2025-04-22",
    "fiscalDateEnding": "2023-09-30"
  },
  {
    "date": "2023-08-02",
    "symbol": "WAT",
    "eps": 2.8,
    "epsEstimated": 2.59,
    "time": "bmo",
    "revenue": 740576000,
    "revenueEstimated": 734450000,
    "updatedFromDate": "2025-04-22",
    "fiscalDateEnding": "2023-07-01"
  },
  {
    "date": "2023-05-09",
    "symbol": "WAT",
    "eps": 2.49,
    "epsEstimated": 2.61,
    "time": "bmo",
    "revenue": 684674000,
    "revenueEstimated": 697920000,
    "updatedFromDate": "2025-04-22",
    "fiscalDateEnding": "2023-04-01"
  },
  {
    "date": "2023-02-15",
    "symbol": "WAT",
    "eps": 3.84,
    "epsEstimated": 3.73,
    "time": "bmo",
    "revenue": 858510000,
    "revenueEstimated": 833192592,
    "updatedFromDate": "2025-04-22",
    "fiscalDateEnding": "2022-12-31"
  },
  {
    "date": "2022-11-01",
    "symbol": "WAT",
    "eps": 2.64,
    "epsEstimated": 2.57,
    "time": "bmo",
    "revenue": 708555000,
    "revenueEstimated": 680059590,
    "updatedFromDate": "2025-04-22",
    "fiscalDateEnding": "2022-10-01"
  },
  {
    "date": "2022-08-02",
    "symbol": "WAT",
    "eps": 2.75,
    "epsEstimated": 2.66,
    "time": "bmo",
    "revenue": 714319000,
    "revenueEstimated": 707549693,
    "updatedFromDate": "2025-04-22",
    "fiscalDateEnding": "2022-07-02"
  },
  {
    "date": "2022-05-03",
    "symbol": "WAT",
    "eps": 2.8,
    "epsEstimated": 2.32,
    "time": "bmo",
    "revenue": 690572000,
    "revenueEstimated": 634140876,
    "updatedFromDate": "2025-04-22",
    "fiscalDateEnding": "2022-04-02"
  },
  {
    "date": "2022-02-01",
    "symbol": "WAT",
    "eps": 3.67,
    "epsEstimated": 3.47,
    "time": "bmo",
    "revenue": 836449000,
    "revenueEstimated": 820825750,
    "updatedFromDate": "2025-04-22",
    "fiscalDateEnding": "2021-12-31"
  },
  {
    "date": "2021-11-02",
    "symbol": "WAT",
    "eps": 2.66,
    "epsEstimated": 2.35,
    "time": "bmo",
    "revenue": 659233000,
    "revenueEstimated": 653740000,
    "updatedFromDate": "2025-04-22",
    "fiscalDateEnding": "2021-10-02"
  },
  {
    "date": "2021-08-03",
    "symbol": "WAT",
    "eps": 2.6,
    "epsEstimated": 2.25,
    "time": "bmo",
    "revenue": 681647000,
    "revenueEstimated": 681647000,
    "updatedFromDate": "2025-04-22",
    "fiscalDateEnding": "2021-07-03"
  },
  {
    "date": "2021-05-05",
    "symbol": "WAT",
    "eps": 2.29,
    "epsEstimated": 1.57,
    "time": "bmo",
    "revenue": 608545000,
    "revenueEstimated": 522580000,
    "updatedFromDate": "2025-04-22",
    "fiscalDateEnding": "2021-04-03"
  },
  {
    "date": "2021-02-02",
    "symbol": "WAT",
    "eps": 3.65,
    "epsEstimated": 2.89,
    "time": "bmo",
    "revenue": 786658000,
    "revenueEstimated": 579786000,
    "updatedFromDate": "2025-04-22",
    "fiscalDateEnding": "2020-12-31"
  },
  {
    "date": "2020-10-27",
    "symbol": "WAT",
    "eps": 2.16,
    "epsEstimated": 1.93,
    "time": "bmo",
    "revenue": 593784000,
    "revenueEstimated": 530556999,
    "updatedFromDate": "2025-04-22",
    "fiscalDateEnding": "2020-09-26"
  },
  {
    "date": "2020-07-28",
    "symbol": "WAT",
    "eps": 2.1,
    "epsEstimated": 1.54,
    "time": "bmo",
    "revenue": 519984000,
    "revenueEstimated": 381321600,
    "updatedFromDate": "2025-04-22",
    "fiscalDateEnding": "2020-06-27"
  },
  {
    "date": "2020-04-28",
    "symbol": "WAT",
    "eps": 1.15,
    "epsEstimated": 1.42,
    "time": "bmo",
    "revenue": 464939000,
    "revenueEstimated": 594313330,
    "updatedFromDate": "2025-04-22",
    "fiscalDateEnding": "2020-03-28"
  },
  {
    "date": "2020-02-04",
    "symbol": "WAT",
    "eps": 3.2,
    "epsEstimated": 3.01,
    "time": "bmo",
    "revenue": 716294000,
    "revenueEstimated": 673764043,
    "updatedFromDate": "2025-04-22",
    "fiscalDateEnding": "2019-12-31"
  },
  {
    "date": "2019-10-29",
    "symbol": "WAT",
    "eps": 2.13,
    "epsEstimated": 2.13,
    "time": "bmo",
    "revenue": 577278000,
    "revenueEstimated": 577278000,
    "updatedFromDate": "2025-04-22",
    "fiscalDateEnding": "2019-09-28"
  },
  {
    "date": "2019-07-30",
    "symbol": "WAT",
    "eps": 2.14,
    "epsEstimated": 2.11,
    "time": "bmo",
    "revenue": 599162000,
    "revenueEstimated": 590762532,
    "updatedFromDate": "2025-04-22",
    "fiscalDateEnding": "2019-06-29"
  },
  {
    "date": "2019-04-23",
    "symbol": "WAT",
    "eps": 1.6,
    "epsEstimated": 1.72,
    "time": "bmo",
    "revenue": 513862000,
    "revenueEstimated": 552401650,
    "updatedFromDate": "2025-04-22",
    "fiscalDateEnding": "2019-03-30"
  },
  {
    "date": "2019-01-23",
    "symbol": "WAT",
    "eps": 2.87,
    "epsEstimated": 2.64,
    "time": "bmo",
    "revenue": 715019000,
    "revenueEstimated": 657717825,
    "updatedFromDate": "2025-04-22",
    "fiscalDateEnding": "2018-12-31"
  },
  {
    "date": "2018-10-23",
    "symbol": "WAT",
    "eps": 1.92,
    "epsEstimated": 1.9,
    "time": "bmo",
    "revenue": 578021000,
    "revenueEstimated": 571979166,
    "updatedFromDate": "2025-04-22",
    "fiscalDateEnding": "2018-09-29"
  },
  {
    "date": "2018-07-24",
    "symbol": "WAT",
    "eps": 1.95,
    "epsEstimated": 1.92,
    "time": "bmo",
    "revenue": 596219000,
    "revenueEstimated": 587027692,
    "updatedFromDate": "2025-04-22",
    "fiscalDateEnding": "2018-06-30"
  },
  {
    "date": "2018-04-24",
    "symbol": "WAT",
    "eps": 1.59,
    "epsEstimated": 1.55,
    "time": "bmo",
    "revenue": 530670000,
    "revenueEstimated": 517349056,
    "updatedFromDate": "2025-04-22",
    "fiscalDateEnding": "2018-03-31"
  },
  {
    "date": "2018-01-23",
    "symbol": "WAT",
    "eps": 2.51,
    "epsEstimated": 2.44,
    "time": "bmo",
    "revenue": 687275000,
    "revenueEstimated": 668132270,
    "updatedFromDate": "2025-04-22",
    "fiscalDateEnding": "2017-12-31"
  },
  {
    "date": "2017-10-24",
    "symbol": "WAT",
    "eps": 1.77,
    "epsEstimated": 1.74,
    "time": "bmo",
    "revenue": 565584000,
    "revenueEstimated": 556013559,
    "updatedFromDate": "2025-04-22",
    "fiscalDateEnding": "2017-09-30"
  },
  {
    "date": "2017-07-25",
    "symbol": "WAT",
    "eps": 1.76,
    "epsEstimated": 1.71,
    "time": "bmo",
    "revenue": 558250000,
    "revenueEstimated": 542439204,
    "updatedFromDate": "2025-04-22",
    "fiscalDateEnding": "2017-07-01"
  },
  {
    "date": "2017-04-25",
    "symbol": "WAT",
    "eps": 1.46,
    "epsEstimated": 1.33,
    "time": "bmo",
    "revenue": 497969000,
    "revenueEstimated": 453657534,
    "updatedFromDate": "2025-04-22",
    "fiscalDateEnding": "2017-04-01"
  },
  {
    "date": "2017-01-24",
    "symbol": "WAT",
    "eps": 2.21,
    "epsEstimated": 2.13,
    "time": "bmo",
    "revenue": 628787000,
    "revenueEstimated": 606038009,
    "updatedFromDate": "2025-04-22",
    "fiscalDateEnding": "2016-12-31"
  },
  {
    "date": "2016-10-25",
    "symbol": "WAT",
    "eps": 1.57,
    "epsEstimated": 1.57,
    "time": "bmo",
    "revenue": 526830000,
    "revenueEstimated": 526800000,
    "updatedFromDate": "2025-04-22",
    "fiscalDateEnding": "2016-10-01"
  },
  {
    "date": "2016-07-26",
    "symbol": "WAT",
    "eps": 1.58,
    "epsEstimated": 1.45,
    "time": "bmo",
    "revenue": 536560000,
    "revenueEstimated": 492449367,
    "updatedFromDate": "2025-04-22",
    "fiscalDateEnding": "2016-07-02"
  }
]