[
  {
    "date": "2026-05-06",
    "symbol": "WBD",
    "eps": null,
    "epsEstimated": null,
    "time": "bmo",
    "revenue": null,
    "revenueEstimated": null,
    "updatedFromDate": "2025-10-02",
    "fiscalDateEnding": "2026-03-30"
  },
  {
    "date": "2026-02-25",
    "symbol": "WBD",
    "eps": null,
    "epsEstimated": null,
    "time": "bmo",
    "revenue": null,
    "revenueEstimated": null,
    "updatedFromDate": "2025-10-02",
    "fiscalDateEnding": "2025-12-30"
  },
  {
    "date": "2025-11-06",
    "symbol": "WBD",
    "eps": null,
    "epsEstimated": -0.08,
    "time": "bmo",
    "revenue": null,
    "revenueEstimated": 9136406050,
    "updatedFromDate": "2025-10-02",
    "fiscalDateEnding": "2025-09-30"
  },
  {
    "date": "2025-08-07",
    "symbol": "WBD",
    "eps": 0.63,
    "epsEstimated": -0.23974,
    "time": "bmo",
    "revenue": 9812000000,
    "revenueEstimated": 9773560140,
    "updatedFromDate": "2025-10-02",
    "fiscalDateEnding": "2025-06-30"
  },
  {
    "date": "2025-05-08",
    "symbol": "WBD",
    "eps": -0.18,
    "epsEstimated": -0.17349,
    "time": "bmo",
    "revenue": 8979000000,
    "revenueEstimated": 9591309067,
    "updatedFromDate": "2025-08-08",
    "fiscalDateEnding": "2025-03-31"
  },
  {
    "date": "2025-02-27",
    "symbol": "WBD",
    "eps": -0.2,
    "epsEstimated": -0.02637,
    "time": "bmo",
    "revenue": 10027000000,
    "revenueEstimated": 10178526713,
    "updatedFromDate": "2025-05-27",
    "fiscalDateEnding": "2024-12-31"
  },
  {
    "date": "2024-11-07",
    "symbol": "WBD",
    "eps": 0.05,
    "epsEstimated": -0.09,
    "time": "bmo",
    "revenue": 9623000000,
    "revenueEstimated": 9790839073,
    "updatedFromDate": "2025-04-23",
    "fiscalDateEnding": "2024-09-30"
  },
  {
    "date": "2024-08-07",
    "symbol": "WBD",
    "eps": -4.07,
    "epsEstimated": -0.26367,
    "time": "amc",
    "revenue": 9711000000,
    "revenueEstimated": 10072537749,
    "updatedFromDate": "2025-04-23",
    "fiscalDateEnding": "2024-06-30"
  },
  {
    "date": "2024-05-09",
    "symbol": "WBD",
    "eps": -0.4,
    "epsEstimated": -0.19552,
    "time": "bmo",
    "revenue": 9954000000,
    "revenueEstimated": 10223233861,
    "updatedFromDate": "2025-04-23",
    "fiscalDateEnding": "2024-03-31"
  },
  {
    "date": "2024-02-23",
    "symbol": "WBD",
    "eps": -0.16,
    "epsEstimated": -0.11,
    "time": "bmo",
    "revenue": 10289000000,
    "revenueEstimated": 10344700000,
    "updatedFromDate": "2025-04-23",
    "fiscalDateEnding": "2023-12-31"
  },
  {
    "date": "2023-11-08",
    "symbol": "WBD",
    "eps": -0.17,
    "epsEstimated": -0.13,
    "time": "bmo",
    "revenue": 9979000000,
    "revenueEstimated": 10041600000,
    "updatedFromDate": "2025-04-23",
    "fiscalDateEnding": "2023-09-30"
  },
  {
    "date": "2023-08-03",
    "symbol": "WBD",
    "eps": -0.51,
    "epsEstimated": -0.39,
    "time": "bmo",
    "revenue": 10358000000,
    "revenueEstimated": 10456400000,
    "updatedFromDate": "2025-04-23",
    "fiscalDateEnding": "2023-06-30"
  },
  {
    "date": "2023-05-05",
    "symbol": "WBD",
    "eps": 0.18,
    "epsEstimated": 0.21,
    "time": "bmo",
    "revenue": 10700000000,
    "revenueEstimated": 10776900000,
    "updatedFromDate": "2025-04-23",
    "fiscalDateEnding": "2023-03-31"
  },
  {
    "date": "2023-02-23",
    "symbol": "WBD",
    "eps": 0.42,
    "epsEstimated": -0.19164,
    "time": "amc",
    "revenue": 11008000000,
    "revenueEstimated": 11202844707,
    "updatedFromDate": "2025-04-23",
    "fiscalDateEnding": "2022-12-31"
  },
  {
    "date": "2022-11-03",
    "symbol": "WBD",
    "eps": 0.17,
    "epsEstimated": -0.06707,
    "time": "amc",
    "revenue": 9823000000,
    "revenueEstimated": 10332807959,
    "updatedFromDate": "2025-04-23",
    "fiscalDateEnding": "2022-09-30"
  },
  {
    "date": "2022-08-04",
    "symbol": "WBD",
    "eps": -0.11,
    "epsEstimated": -0.00283,
    "time": "amc",
    "revenue": 9827000000,
    "revenueEstimated": 11816594609,
    "updatedFromDate": "2025-04-23",
    "fiscalDateEnding": "2022-06-30"
  },
  {
    "date": "2022-04-26",
    "symbol": "WBD",
    "eps": 0.69,
    "epsEstimated": 0.04,
    "time": "bmo",
    "revenue": 3159000000,
    "revenueEstimated": 3667028758,
    "updatedFromDate": "2025-04-23",
    "fiscalDateEnding": "2022-03-31"
  },
  {
    "date": "2022-02-24",
    "symbol": "WBD",
    "eps": 0.08,
    "epsEstimated": 0.83,
    "time": "bmo",
    "revenue": 3187000000,
    "revenueEstimated": 3123672132,
    "updatedFromDate": "2025-04-23",
    "fiscalDateEnding": "2021-12-31"
  },
  {
    "date": "2021-11-03",
    "symbol": "WBD",
    "eps": 0.24,
    "epsEstimated": 0.41,
    "time": "bmo",
    "revenue": 3150000000,
    "revenueEstimated": null,
    "updatedFromDate": "2025-04-23",
    "fiscalDateEnding": "2021-09-30"
  },
  {
    "date": "2021-08-03",
    "symbol": "WBD",
    "eps": 0.89,
    "epsEstimated": 0.86,
    "time": "bmo",
    "revenue": 3062000000,
    "revenueEstimated": null,
    "updatedFromDate": "2025-04-23",
    "fiscalDateEnding": "2021-06-30"
  },
  {
    "date": "2021-04-28",
    "symbol": "WBD",
    "eps": 0.53,
    "epsEstimated": 0.65,
    "time": "bmo",
    "revenue": 2792000000,
    "revenueEstimated": null,
    "updatedFromDate": "2025-04-23",
    "fiscalDateEnding": "2021-03-31"
  },
  {
    "date": "2021-02-22",
    "symbol": "WBD",
    "eps": 0.76,
    "epsEstimated": 0.72,
    "time": "bmo",
    "revenue": 2886000000,
    "revenueEstimated": null,
    "updatedFromDate": "2025-04-23",
    "fiscalDateEnding": "2020-12-31"
  },
  {
    "date": "2020-11-05",
    "symbol": "WBD",
    "eps": 0.81,
    "epsEstimated": 0.66,
    "time": "bmo",
    "revenue": 2561000000,
    "revenueEstimated": null,
    "updatedFromDate": "2025-04-23",
    "fiscalDateEnding": "2020-09-30"
  },
  {
    "date": "2020-08-05",
    "symbol": "WBD",
    "eps": 0.77,
    "epsEstimated": 0.7,
    "time": "bmo",
    "revenue": 2541000000,
    "revenueEstimated": null,
    "updatedFromDate": "2025-04-23",
    "fiscalDateEnding": "2020-06-30"
  },
  {
    "date": "2020-05-06",
    "symbol": "WBD",
    "eps": 0.87,
    "epsEstimated": 0.84,
    "time": "bmo",
    "revenue": 2683000000,
    "revenueEstimated": null,
    "updatedFromDate": "2025-04-23",
    "fiscalDateEnding": "2020-03-31"
  },
  {
    "date": "2020-02-27",
    "symbol": "WBD",
    "eps": 0.98,
    "epsEstimated": 0.92,
    "time": "bmo",
    "revenue": 2874000000,
    "revenueEstimated": null,
    "updatedFromDate": "2025-04-23",
    "fiscalDateEnding": "2019-12-31"
  },
  {
    "date": "2019-11-07",
    "symbol": "WBD",
    "eps": 0.87,
    "epsEstimated": 0.82,
    "time": "bmo",
    "revenue": 2678000000,
    "revenueEstimated": null,
    "updatedFromDate": "2025-04-23",
    "fiscalDateEnding": "2019-09-30"
  },
  {
    "date": "2019-08-06",
    "symbol": "WBD",
    "eps": 0.97,
    "epsEstimated": 1.06,
    "time": "bmo",
    "revenue": 2885000000,
    "revenueEstimated": null,
    "updatedFromDate": "2025-04-23",
    "fiscalDateEnding": "2019-06-30"
  },
  {
    "date": "2019-05-02",
    "symbol": "WBD",
    "eps": 0.87,
    "epsEstimated": 0.79,
    "time": "bmo",
    "revenue": 2707000000,
    "revenueEstimated": null,
    "updatedFromDate": "2025-04-23",
    "fiscalDateEnding": "2019-03-31"
  },
  {
    "date": "2019-02-26",
    "symbol": "WBD",
    "eps": 0.74,
    "epsEstimated": 0.8,
    "time": "bmo",
    "revenue": 2809000000,
    "revenueEstimated": null,
    "updatedFromDate": "2025-04-23",
    "fiscalDateEnding": "2018-12-31"
  },
  {
    "date": "2018-11-08",
    "symbol": "WBD",
    "eps": 0.52,
    "epsEstimated": 0.59,
    "time": "bmo",
    "revenue": 2592000000,
    "revenueEstimated": null,
    "updatedFromDate": "2025-04-23",
    "fiscalDateEnding": "2018-09-30"
  },
  {
    "date": "2018-08-07",
    "symbol": "WBD",
    "eps": 0.66,
    "epsEstimated": 0.86,
    "time": "bmo",
    "revenue": 2845000000,
    "revenueEstimated": null,
    "updatedFromDate": "2025-04-23",
    "fiscalDateEnding": "2018-06-30"
  },
  {
    "date": "2018-05-08",
    "symbol": "WBD",
    "eps": 0.53,
    "epsEstimated": 0.42,
    "time": "bmo",
    "revenue": 2307000000,
    "revenueEstimated": null,
    "updatedFromDate": "2025-04-23",
    "fiscalDateEnding": "2018-03-31"
  },
  {
    "date": "2018-02-27",
    "symbol": "WBD",
    "eps": 0.37,
    "epsEstimated": 0.41,
    "time": "bmo",
    "revenue": 1864000000,
    "revenueEstimated": null,
    "updatedFromDate": "2025-04-23",
    "fiscalDateEnding": "2017-12-31"
  },
  {
    "date": "2017-11-02",
    "symbol": "WBD",
    "eps": 0.43,
    "epsEstimated": 0.54,
    "time": "bmo",
    "revenue": 1651000000,
    "revenueEstimated": null,
    "updatedFromDate": "2025-04-23",
    "fiscalDateEnding": "2017-09-30"
  },
  {
    "date": "2017-07-31",
    "symbol": "WBD",
    "eps": 0.68,
    "epsEstimated": 0.72,
    "time": "bmo",
    "revenue": 1745000000,
    "revenueEstimated": null,
    "updatedFromDate": "2025-04-23",
    "fiscalDateEnding": "2017-06-30"
  },
  {
    "date": "2017-05-09",
    "symbol": "WBD",
    "eps": 0.43,
    "epsEstimated": 0.45,
    "time": "bmo",
    "revenue": 1613000000,
    "revenueEstimated": null,
    "updatedFromDate": "2025-04-23",
    "fiscalDateEnding": "2017-03-31"
  },
  {
    "date": "2017-02-14",
    "symbol": "WBD",
    "eps": 0.52,
    "epsEstimated": 0.47,
    "time": "bmo",
    "revenue": 1672000000,
    "revenueEstimated": null,
    "updatedFromDate": "2025-04-23",
    "fiscalDateEnding": "2016-12-31"
  },
  {
    "date": "2016-11-01",
    "symbol": "WBD",
    "eps": 0.36,
    "epsEstimated": 0.4,
    "time": "bmo",
    "revenue": 1556000000,
    "revenueEstimated": null,
    "updatedFromDate": "2025-04-23",
    "fiscalDateEnding": "2016-09-30"
  },
  {
    "date": "2016-08-02",
    "symbol": "WBD",
    "eps": 0.66,
    "epsEstimated": 0.54,
    "time": "bmo",
    "revenue": 1708000000,
    "revenueEstimated": null,
    "updatedFromDate": "2025-04-23",
    "fiscalDateEnding": "2016-06-30"
  }
]