[
  {
    "date": "2026-05-20",
    "symbol": "WDAY",
    "eps": null,
    "epsEstimated": null,
    "time": "amc",
    "revenue": null,
    "revenueEstimated": null,
    "updatedFromDate": "2025-10-02",
    "fiscalDateEnding": "2026-04-30"
  },
  {
    "date": "2026-02-23",
    "symbol": "WDAY",
    "eps": null,
    "epsEstimated": null,
    "time": "amc",
    "revenue": null,
    "revenueEstimated": null,
    "updatedFromDate": "2025-10-02",
    "fiscalDateEnding": "2026-01-31"
  },
  {
    "date": "2025-11-25",
    "symbol": "WDAY",
    "eps": null,
    "epsEstimated": 2.12,
    "time": "bmo",
    "revenue": null,
    "revenueEstimated": 2416783020,
    "updatedFromDate": "2025-10-02",
    "fiscalDateEnding": "2025-10-31"
  },
  {
    "date": "2025-08-21",
    "symbol": "WDAY",
    "eps": 2.21,
    "epsEstimated": 2.11,
    "time": "amc",
    "revenue": 2348000000,
    "revenueEstimated": 2341451111,
    "updatedFromDate": "2025-10-02",
    "fiscalDateEnding": "2025-07-31"
  },
  {
    "date": "2025-05-22",
    "symbol": "WDAY",
    "eps": 2.23,
    "epsEstimated": 2.01,
    "time": "amc",
    "revenue": 2232000000,
    "revenueEstimated": 2217731758,
    "updatedFromDate": "2025-08-22",
    "fiscalDateEnding": "2025-04-30"
  },
  {
    "date": "2025-02-25",
    "symbol": "WDAY",
    "eps": 1.92,
    "epsEstimated": 1.78,
    "time": "amc",
    "revenue": 2211000000,
    "revenueEstimated": 2183935469,
    "updatedFromDate": "2025-05-23",
    "fiscalDateEnding": "2025-01-31"
  },
  {
    "date": "2024-11-26",
    "symbol": "WDAY",
    "eps": 1.89,
    "epsEstimated": 1.76,
    "time": "amc",
    "revenue": 2160000000,
    "revenueEstimated": 2138368391,
    "updatedFromDate": "2025-04-25",
    "fiscalDateEnding": "2024-10-31"
  },
  {
    "date": "2024-08-22",
    "symbol": "WDAY",
    "eps": 1.75,
    "epsEstimated": 1.65,
    "time": "amc",
    "revenue": 2085000000,
    "revenueEstimated": 2072099581,
    "updatedFromDate": "2025-04-25",
    "fiscalDateEnding": "2024-07-31"
  },
  {
    "date": "2024-05-23",
    "symbol": "WDAY",
    "eps": 1.74,
    "epsEstimated": 1.6,
    "time": "amc",
    "revenue": 1982000000,
    "revenueEstimated": 1975916617,
    "updatedFromDate": "2025-04-25",
    "fiscalDateEnding": "2024-04-30"
  },
  {
    "date": "2024-02-26",
    "symbol": "WDAY",
    "eps": 1.57,
    "epsEstimated": 1.47,
    "time": "amc",
    "revenue": 1909217000,
    "revenueEstimated": 1916738459,
    "updatedFromDate": "2025-04-25",
    "fiscalDateEnding": "2024-01-31"
  },
  {
    "date": "2023-11-28",
    "symbol": "WDAY",
    "eps": 1.53,
    "epsEstimated": 1.4,
    "time": "amc",
    "revenue": 1865675000,
    "revenueEstimated": 1846763810,
    "updatedFromDate": "2025-04-25",
    "fiscalDateEnding": "2023-10-31"
  },
  {
    "date": "2023-08-24",
    "symbol": "WDAY",
    "eps": 1.43,
    "epsEstimated": 1.25,
    "time": "amc",
    "revenue": 1786766000,
    "revenueEstimated": 1773850000,
    "updatedFromDate": "2025-04-25",
    "fiscalDateEnding": "2023-07-31"
  },
  {
    "date": "2023-05-25",
    "symbol": "WDAY",
    "eps": 1.31,
    "epsEstimated": 1.11,
    "time": "amc",
    "revenue": 1684312000,
    "revenueEstimated": 1667280000,
    "updatedFromDate": "2025-04-25",
    "fiscalDateEnding": "2023-04-30"
  },
  {
    "date": "2023-02-27",
    "symbol": "WDAY",
    "eps": 0.99,
    "epsEstimated": 0.89,
    "time": "amc",
    "revenue": 1646260000,
    "revenueEstimated": 1633225578,
    "updatedFromDate": "2025-04-25",
    "fiscalDateEnding": "2023-01-31"
  },
  {
    "date": "2022-11-29",
    "symbol": "WDAY",
    "eps": 0.99,
    "epsEstimated": 0.84,
    "time": "amc",
    "revenue": 1599103000,
    "revenueEstimated": 1585583677,
    "updatedFromDate": "2025-04-25",
    "fiscalDateEnding": "2022-10-31"
  },
  {
    "date": "2022-08-25",
    "symbol": "WDAY",
    "eps": 0.83,
    "epsEstimated": 0.79,
    "time": "amc",
    "revenue": 1535798000,
    "revenueEstimated": 1518664180,
    "updatedFromDate": "2025-04-25",
    "fiscalDateEnding": "2022-07-31"
  },
  {
    "date": "2022-05-26",
    "symbol": "WDAY",
    "eps": 0.83,
    "epsEstimated": 0.86,
    "time": "amc",
    "revenue": 1434657000,
    "revenueEstimated": 1425291528,
    "updatedFromDate": "2025-04-25",
    "fiscalDateEnding": "2022-04-30"
  },
  {
    "date": "2022-02-28",
    "symbol": "WDAY",
    "eps": 0.78,
    "epsEstimated": 0.71,
    "time": "amc",
    "revenue": 1376141000,
    "revenueEstimated": 1355460000,
    "updatedFromDate": "2025-04-25",
    "fiscalDateEnding": "2022-01-31"
  },
  {
    "date": "2021-11-18",
    "symbol": "WDAY",
    "eps": 1.1,
    "epsEstimated": 0.87,
    "time": "amc",
    "revenue": 1327263000,
    "revenueEstimated": 1308800000,
    "updatedFromDate": "2025-04-25",
    "fiscalDateEnding": "2021-10-31"
  },
  {
    "date": "2021-08-26",
    "symbol": "WDAY",
    "eps": 1.23,
    "epsEstimated": 0.78,
    "time": "amc",
    "revenue": 1260361000,
    "revenueEstimated": 1308800000,
    "updatedFromDate": "2025-04-25",
    "fiscalDateEnding": "2021-07-31"
  },
  {
    "date": "2021-05-26",
    "symbol": "WDAY",
    "eps": 0.87,
    "epsEstimated": 0.73,
    "time": "amc",
    "revenue": 1175033000,
    "revenueEstimated": 1159900000,
    "updatedFromDate": "2025-04-25",
    "fiscalDateEnding": "2021-04-30"
  },
  {
    "date": "2021-02-25",
    "symbol": "WDAY",
    "eps": 0.73,
    "epsEstimated": 0.55,
    "time": "amc",
    "revenue": 1131684000,
    "revenueEstimated": 1115240000,
    "updatedFromDate": "2025-04-25",
    "fiscalDateEnding": "2021-01-31"
  },
  {
    "date": "2020-11-19",
    "symbol": "WDAY",
    "eps": 0.86,
    "epsEstimated": 0.67,
    "time": "amc",
    "revenue": 1105960000,
    "revenueEstimated": 792329552,
    "updatedFromDate": "2025-04-25",
    "fiscalDateEnding": "2020-10-31"
  },
  {
    "date": "2020-08-27",
    "symbol": "WDAY",
    "eps": 0.84,
    "epsEstimated": 0.65,
    "time": "amc",
    "revenue": 1061967000,
    "revenueEstimated": 834402642,
    "updatedFromDate": "2025-04-25",
    "fiscalDateEnding": "2020-07-31"
  },
  {
    "date": "2020-05-27",
    "symbol": "WDAY",
    "eps": 0.44,
    "epsEstimated": 0.47,
    "time": "amc",
    "revenue": 1018385000,
    "revenueEstimated": 1110965454,
    "updatedFromDate": "2025-04-25",
    "fiscalDateEnding": "2020-04-30"
  },
  {
    "date": "2020-02-27",
    "symbol": "WDAY",
    "eps": 0.5,
    "epsEstimated": 0.4,
    "time": "amc",
    "revenue": 976299000,
    "revenueEstimated": 781039200,
    "updatedFromDate": "2025-04-25",
    "fiscalDateEnding": "2020-01-31"
  },
  {
    "date": "2019-12-03",
    "symbol": "WDAY",
    "eps": 0.53,
    "epsEstimated": 0.38,
    "time": "amc",
    "revenue": 938100000,
    "revenueEstimated": 654900000,
    "updatedFromDate": "2025-04-25",
    "fiscalDateEnding": "2019-10-31"
  },
  {
    "date": "2019-08-29",
    "symbol": "WDAY",
    "eps": 0.44,
    "epsEstimated": 0.35,
    "time": "amc",
    "revenue": 887752000,
    "revenueEstimated": 706166363,
    "updatedFromDate": "2025-04-25",
    "fiscalDateEnding": "2019-07-31"
  },
  {
    "date": "2019-05-28",
    "symbol": "WDAY",
    "eps": 0.43,
    "epsEstimated": 0.41,
    "time": "amc",
    "revenue": 825055000,
    "revenueEstimated": 786680348,
    "updatedFromDate": "2025-04-25",
    "fiscalDateEnding": "2019-04-30"
  },
  {
    "date": "2019-02-28",
    "symbol": "WDAY",
    "eps": 0.41,
    "epsEstimated": 0.32,
    "time": "amc",
    "revenue": 788628000,
    "revenueEstimated": 615514536,
    "updatedFromDate": "2025-04-25",
    "fiscalDateEnding": "2019-01-31"
  },
  {
    "date": "2018-11-29",
    "symbol": "WDAY",
    "eps": 0.31,
    "epsEstimated": 0.15,
    "time": "amc",
    "revenue": 743189000,
    "revenueEstimated": 591233391,
    "updatedFromDate": "2025-04-25",
    "fiscalDateEnding": "2018-10-31"
  },
  {
    "date": "2018-09-04",
    "symbol": "WDAY",
    "eps": 0.31,
    "epsEstimated": 0.26,
    "time": "amc",
    "revenue": 671720000,
    "revenueEstimated": 563378064,
    "updatedFromDate": "2025-04-25",
    "fiscalDateEnding": "2018-07-31"
  },
  {
    "date": "2018-05-31",
    "symbol": "WDAY",
    "eps": 0.33,
    "epsEstimated": 0.26,
    "time": "amc",
    "revenue": 618643000,
    "revenueEstimated": 487415696,
    "updatedFromDate": "2025-04-25",
    "fiscalDateEnding": "2018-04-30"
  },
  {
    "date": "2018-02-27",
    "symbol": "WDAY",
    "eps": 0.28,
    "epsEstimated": 0.21,
    "time": "amc",
    "revenue": 582480000,
    "revenueEstimated": 416057142,
    "updatedFromDate": "2025-04-25",
    "fiscalDateEnding": "2018-01-31"
  },
  {
    "date": "2017-11-29",
    "symbol": "WDAY",
    "eps": 0.24,
    "epsEstimated": 0.15,
    "time": "amc",
    "revenue": 555389000,
    "revenueEstimated": 347118125,
    "updatedFromDate": "2025-04-25",
    "fiscalDateEnding": "2017-10-31"
  },
  {
    "date": "2017-08-30",
    "symbol": "WDAY",
    "eps": 0.24,
    "epsEstimated": 0.15,
    "time": "amc",
    "revenue": 525320000,
    "revenueEstimated": 328325000,
    "updatedFromDate": "2025-04-25",
    "fiscalDateEnding": "2017-07-31"
  },
  {
    "date": "2017-06-01",
    "symbol": "WDAY",
    "eps": 0.29,
    "epsEstimated": 0.16,
    "time": "amc",
    "revenue": 479861000,
    "revenueEstimated": 334028242,
    "updatedFromDate": "2025-04-25",
    "fiscalDateEnding": "2017-04-30"
  },
  {
    "date": "2017-02-27",
    "symbol": "WDAY",
    "eps": 0.07,
    "epsEstimated": 0.00776,
    "time": "amc",
    "revenue": 436672000,
    "revenueEstimated": 62381714,
    "updatedFromDate": "2025-04-25",
    "fiscalDateEnding": "2017-01-31"
  },
  {
    "date": "2016-12-01",
    "symbol": "WDAY",
    "eps": 0.03,
    "epsEstimated": 0.01105,
    "time": "amc",
    "revenue": 409582000,
    "revenueEstimated": 546109333,
    "updatedFromDate": "2025-04-25",
    "fiscalDateEnding": "2016-10-31"
  },
  {
    "date": "2016-08-24",
    "symbol": "WDAY",
    "eps": -0.04,
    "epsEstimated": -0.02136,
    "time": "amc",
    "revenue": 377723000,
    "revenueEstimated": 188861500,
    "updatedFromDate": "2025-04-25",
    "fiscalDateEnding": "2016-07-31"
  }
]