[
  {
    "date": "2026-04-28",
    "symbol": "WDC",
    "eps": null,
    "epsEstimated": null,
    "time": "amc",
    "revenue": null,
    "revenueEstimated": null,
    "updatedFromDate": "2025-10-02",
    "fiscalDateEnding": "2026-03-28"
  },
  {
    "date": "2026-01-27",
    "symbol": "WDC",
    "eps": null,
    "epsEstimated": null,
    "time": "amc",
    "revenue": null,
    "revenueEstimated": null,
    "updatedFromDate": "2025-10-02",
    "fiscalDateEnding": "2025-12-28"
  },
  {
    "date": "2025-10-23",
    "symbol": "WDC",
    "eps": null,
    "epsEstimated": 1.58,
    "time": "bmo",
    "revenue": null,
    "revenueEstimated": 2717701600,
    "updatedFromDate": "2025-10-02",
    "fiscalDateEnding": "2025-09-28"
  },
  {
    "date": "2025-07-30",
    "symbol": "WDC",
    "eps": 1.66,
    "epsEstimated": 1.48,
    "time": "amc",
    "revenue": 2605000000,
    "revenueEstimated": 2472094789,
    "updatedFromDate": "2025-10-02",
    "fiscalDateEnding": "2025-06-28"
  },
  {
    "date": "2025-04-30",
    "symbol": "WDC",
    "eps": 1.36,
    "epsEstimated": 1.12,
    "time": "bmo",
    "revenue": 2294000000,
    "revenueEstimated": 2314948758,
    "updatedFromDate": "2025-07-30",
    "fiscalDateEnding": "2025-03-28"
  },
  {
    "date": "2025-01-29",
    "symbol": "WDC",
    "eps": 1.77,
    "epsEstimated": 1.35,
    "time": "amc",
    "revenue": 4285000000,
    "revenueEstimated": 4260919493,
    "updatedFromDate": "2025-04-29",
    "fiscalDateEnding": "2024-12-27"
  },
  {
    "date": "2024-10-24",
    "symbol": "WDC",
    "eps": 1.78,
    "epsEstimated": 1.72,
    "time": "amc",
    "revenue": 4095000000,
    "revenueEstimated": 4115401530,
    "updatedFromDate": "2025-04-25",
    "fiscalDateEnding": "2024-09-27"
  },
  {
    "date": "2024-07-31",
    "symbol": "WDC",
    "eps": 1.44,
    "epsEstimated": 1.18,
    "time": "amc",
    "revenue": 3764000000,
    "revenueEstimated": 3745788782,
    "updatedFromDate": "2025-04-25",
    "fiscalDateEnding": "2024-06-28"
  },
  {
    "date": "2024-04-25",
    "symbol": "WDC",
    "eps": 0.63,
    "epsEstimated": 0.217,
    "time": "amc",
    "revenue": 3457000000,
    "revenueEstimated": 3370265189,
    "updatedFromDate": "2025-04-25",
    "fiscalDateEnding": "2024-03-29"
  },
  {
    "date": "2024-01-25",
    "symbol": "WDC",
    "eps": -0.69,
    "epsEstimated": -1.13,
    "time": "amc",
    "revenue": 3032000000,
    "revenueEstimated": 3309220000,
    "updatedFromDate": "2025-04-25",
    "fiscalDateEnding": "2023-12-29"
  },
  {
    "date": "2023-10-30",
    "symbol": "WDC",
    "eps": -1.76,
    "epsEstimated": -1.88,
    "time": "bmo",
    "revenue": 2750000000,
    "revenueEstimated": 2649710000,
    "updatedFromDate": "2025-04-25",
    "fiscalDateEnding": "2023-09-29"
  },
  {
    "date": "2023-07-31",
    "symbol": "WDC",
    "eps": -1.98,
    "epsEstimated": -2,
    "time": "amc",
    "revenue": 2672000000,
    "revenueEstimated": 2526350000,
    "updatedFromDate": "2025-04-25",
    "fiscalDateEnding": "2023-06-30"
  },
  {
    "date": "2023-05-08",
    "symbol": "WDC",
    "eps": -1.37,
    "epsEstimated": -1.55,
    "time": "amc",
    "revenue": 2803000000,
    "revenueEstimated": 2699270000,
    "updatedFromDate": "2025-04-25",
    "fiscalDateEnding": "2023-03-31"
  },
  {
    "date": "2023-01-31",
    "symbol": "WDC",
    "eps": -0.42,
    "epsEstimated": -0.08,
    "time": "amc",
    "revenue": 3107000000,
    "revenueEstimated": 2978677001,
    "updatedFromDate": "2025-04-25",
    "fiscalDateEnding": "2022-12-30"
  },
  {
    "date": "2022-10-27",
    "symbol": "WDC",
    "eps": 0.2,
    "epsEstimated": 0.3,
    "time": "bmo",
    "revenue": 3736000000,
    "revenueEstimated": 3587867781,
    "updatedFromDate": "2025-04-25",
    "fiscalDateEnding": "2022-09-30"
  },
  {
    "date": "2022-08-05",
    "symbol": "WDC",
    "eps": 1.78,
    "epsEstimated": 1.77,
    "time": "bmo",
    "revenue": 4528000000,
    "revenueEstimated": 4566898989,
    "updatedFromDate": "2025-04-25",
    "fiscalDateEnding": "2022-07-01"
  },
  {
    "date": "2022-04-28",
    "symbol": "WDC",
    "eps": 1.65,
    "epsEstimated": 1.47,
    "time": "amc",
    "revenue": 4381000000,
    "revenueEstimated": 4344210880,
    "updatedFromDate": "2025-04-25",
    "fiscalDateEnding": "2022-04-01"
  },
  {
    "date": "2022-01-27",
    "symbol": "WDC",
    "eps": 2.3,
    "epsEstimated": 2.13,
    "time": "amc",
    "revenue": 4833000000,
    "revenueEstimated": 4037750000,
    "updatedFromDate": "2025-04-25",
    "fiscalDateEnding": "2021-12-31"
  },
  {
    "date": "2021-10-28",
    "symbol": "WDC",
    "eps": 2.49,
    "epsEstimated": 2.45,
    "time": "amc",
    "revenue": 5051000000,
    "revenueEstimated": 5054840000,
    "updatedFromDate": "2025-04-25",
    "fiscalDateEnding": "2021-10-01"
  },
  {
    "date": "2021-08-04",
    "symbol": "WDC",
    "eps": 2.16,
    "epsEstimated": 1.51,
    "time": "amc",
    "revenue": 4920000000,
    "revenueEstimated": 4920000000,
    "updatedFromDate": "2025-04-25",
    "fiscalDateEnding": "2021-07-02"
  },
  {
    "date": "2021-04-29",
    "symbol": "WDC",
    "eps": 1.02,
    "epsEstimated": 0.67,
    "time": "amc",
    "revenue": 4137000000,
    "revenueEstimated": 3962240000,
    "updatedFromDate": "2025-04-25",
    "fiscalDateEnding": "2021-04-02"
  },
  {
    "date": "2021-01-28",
    "symbol": "WDC",
    "eps": 0.69,
    "epsEstimated": 0.53,
    "time": "amc",
    "revenue": 3943000000,
    "revenueEstimated": null,
    "updatedFromDate": "2025-04-25",
    "fiscalDateEnding": "2021-01-01"
  },
  {
    "date": "2020-10-28",
    "symbol": "WDC",
    "eps": 0.65,
    "epsEstimated": 0.54,
    "time": "amc",
    "revenue": 3922000000,
    "revenueEstimated": 3318615384,
    "updatedFromDate": "2025-04-25",
    "fiscalDateEnding": "2020-10-02"
  },
  {
    "date": "2020-08-05",
    "symbol": "WDC",
    "eps": 1.23,
    "epsEstimated": 1.2,
    "time": "amc",
    "revenue": 4287000000,
    "revenueEstimated": 4252146341,
    "updatedFromDate": "2025-04-25",
    "fiscalDateEnding": "2020-07-03"
  },
  {
    "date": "2020-04-30",
    "symbol": "WDC",
    "eps": 0.85,
    "epsEstimated": 0.94,
    "time": "amc",
    "revenue": 4175000000,
    "revenueEstimated": 4567941176,
    "updatedFromDate": "2025-04-25",
    "fiscalDateEnding": "2020-04-03"
  },
  {
    "date": "2020-01-30",
    "symbol": "WDC",
    "eps": 0.62,
    "epsEstimated": 0.56,
    "time": "amc",
    "revenue": 4234000000,
    "revenueEstimated": 3960838709,
    "updatedFromDate": "2025-04-25",
    "fiscalDateEnding": "2020-01-03"
  },
  {
    "date": "2019-10-30",
    "symbol": "WDC",
    "eps": 0.34,
    "epsEstimated": 0.27,
    "time": "amc",
    "revenue": 4040000000,
    "revenueEstimated": 3564705882,
    "updatedFromDate": "2025-04-25",
    "fiscalDateEnding": "2019-10-04"
  },
  {
    "date": "2019-07-31",
    "symbol": "WDC",
    "eps": 0.17,
    "epsEstimated": 0.16,
    "time": "amc",
    "revenue": 3634000000,
    "revenueEstimated": 3634000000,
    "updatedFromDate": "2025-04-25",
    "fiscalDateEnding": "2019-06-28"
  },
  {
    "date": "2019-04-29",
    "symbol": "WDC",
    "eps": 0.17,
    "epsEstimated": 0.49,
    "time": "amc",
    "revenue": 3674000000,
    "revenueEstimated": 9941411764,
    "updatedFromDate": "2025-04-25",
    "fiscalDateEnding": "2019-03-29"
  },
  {
    "date": "2019-01-24",
    "symbol": "WDC",
    "eps": 1.45,
    "epsEstimated": 1.51,
    "time": "amc",
    "revenue": 4233000000,
    "revenueEstimated": 4408158620,
    "updatedFromDate": "2025-04-25",
    "fiscalDateEnding": "2018-12-28"
  },
  {
    "date": "2018-10-25",
    "symbol": "WDC",
    "eps": 3.04,
    "epsEstimated": 3.06,
    "time": "amc",
    "revenue": 5028000000,
    "revenueEstimated": 5028000000,
    "updatedFromDate": "2025-04-25",
    "fiscalDateEnding": "2018-09-28"
  },
  {
    "date": "2018-07-26",
    "symbol": "WDC",
    "eps": 3.61,
    "epsEstimated": 3.52,
    "time": "amc",
    "revenue": 5117000000,
    "revenueEstimated": 4946905817,
    "updatedFromDate": "2025-04-25",
    "fiscalDateEnding": "2018-06-29"
  },
  {
    "date": "2018-04-26",
    "symbol": "WDC",
    "eps": 3.63,
    "epsEstimated": 3.31,
    "time": "amc",
    "revenue": 5013000000,
    "revenueEstimated": 4557272727,
    "updatedFromDate": "2025-04-25",
    "fiscalDateEnding": "2018-03-30"
  },
  {
    "date": "2018-01-25",
    "symbol": "WDC",
    "eps": 3.95,
    "epsEstimated": 3.81,
    "time": "amc",
    "revenue": 5336000000,
    "revenueEstimated": 5119858227,
    "updatedFromDate": "2025-04-25",
    "fiscalDateEnding": "2017-12-29"
  },
  {
    "date": "2017-10-26",
    "symbol": "WDC",
    "eps": 3.56,
    "epsEstimated": 3.3,
    "time": "amc",
    "revenue": 5181000000,
    "revenueEstimated": 4802612359,
    "updatedFromDate": "2025-04-25",
    "fiscalDateEnding": "2017-09-29"
  },
  {
    "date": "2017-07-27",
    "symbol": "WDC",
    "eps": 2.93,
    "epsEstimated": 2.83,
    "time": "amc",
    "revenue": 4842000000,
    "revenueEstimated": 4643692832,
    "updatedFromDate": "2025-04-25",
    "fiscalDateEnding": "2017-06-30"
  },
  {
    "date": "2017-04-27",
    "symbol": "WDC",
    "eps": 2.39,
    "epsEstimated": 2.16,
    "time": "amc",
    "revenue": 4649000000,
    "revenueEstimated": 4162702928,
    "updatedFromDate": "2025-04-25",
    "fiscalDateEnding": "2017-03-31"
  },
  {
    "date": "2017-01-25",
    "symbol": "WDC",
    "eps": 2.3,
    "epsEstimated": 2.06,
    "time": "amc",
    "revenue": 4888000000,
    "revenueEstimated": 4505460869,
    "updatedFromDate": "2025-04-25",
    "fiscalDateEnding": "2016-12-30"
  },
  {
    "date": "2016-10-26",
    "symbol": "WDC",
    "eps": 1.18,
    "epsEstimated": 1.05,
    "time": "amc",
    "revenue": 4714000000,
    "revenueEstimated": 4154711864,
    "updatedFromDate": "2025-04-25",
    "fiscalDateEnding": "2016-09-30"
  },
  {
    "date": "2016-07-28",
    "symbol": "WDC",
    "eps": 0.79,
    "epsEstimated": 0.72,
    "time": "amc",
    "revenue": 3495000000,
    "revenueEstimated": 3141075949,
    "updatedFromDate": "2025-04-25",
    "fiscalDateEnding": "2016-07-01"
  }
]