[
  {
    "date": "2026-05-04",
    "symbol": "WEC",
    "eps": null,
    "epsEstimated": null,
    "time": "bmo",
    "revenue": null,
    "revenueEstimated": null,
    "updatedFromDate": "2025-10-02",
    "fiscalDateEnding": "2026-03-30"
  },
  {
    "date": "2026-02-02",
    "symbol": "WEC",
    "eps": null,
    "epsEstimated": null,
    "time": "bmo",
    "revenue": null,
    "revenueEstimated": null,
    "updatedFromDate": "2025-10-02",
    "fiscalDateEnding": "2025-12-30"
  },
  {
    "date": "2025-10-30",
    "symbol": "WEC",
    "eps": null,
    "epsEstimated": 0.78,
    "time": "bmo",
    "revenue": null,
    "revenueEstimated": 1856682560,
    "updatedFromDate": "2025-10-02",
    "fiscalDateEnding": "2025-09-30"
  },
  {
    "date": "2025-07-30",
    "symbol": "WEC",
    "eps": 0.76,
    "epsEstimated": 0.705,
    "time": "bmo",
    "revenue": 2009500000,
    "revenueEstimated": 1765476558,
    "updatedFromDate": "2025-10-02",
    "fiscalDateEnding": "2025-06-30"
  },
  {
    "date": "2025-05-06",
    "symbol": "WEC",
    "eps": 2.27,
    "epsEstimated": 2.18,
    "time": "bmo",
    "revenue": 3149500000,
    "revenueEstimated": 2784060257,
    "updatedFromDate": "2025-08-06",
    "fiscalDateEnding": "2025-03-31"
  },
  {
    "date": "2025-02-04",
    "symbol": "WEC",
    "eps": 1.43,
    "epsEstimated": 1.49,
    "time": "bmo",
    "revenue": 2284200000,
    "revenueEstimated": 2558346470,
    "updatedFromDate": "2025-05-04",
    "fiscalDateEnding": "2024-12-31"
  },
  {
    "date": "2024-10-31",
    "symbol": "WEC",
    "eps": 0.82,
    "epsEstimated": 0.7,
    "time": "bmo",
    "revenue": 1863500000,
    "revenueEstimated": 1933608162,
    "updatedFromDate": "2025-04-25",
    "fiscalDateEnding": "2024-09-30"
  },
  {
    "date": "2024-07-31",
    "symbol": "WEC",
    "eps": 0.67,
    "epsEstimated": 0.64,
    "time": "bmo",
    "revenue": 1772000000,
    "revenueEstimated": 1872736520,
    "updatedFromDate": "2025-04-25",
    "fiscalDateEnding": "2024-06-30"
  },
  {
    "date": "2024-05-01",
    "symbol": "WEC",
    "eps": 1.97,
    "epsEstimated": 1.92,
    "time": "bmo",
    "revenue": 2680200000,
    "revenueEstimated": 2921371803,
    "updatedFromDate": "2025-04-25",
    "fiscalDateEnding": "2024-03-31"
  },
  {
    "date": "2024-02-01",
    "symbol": "WEC",
    "eps": 1.1,
    "epsEstimated": 1.1,
    "time": "bmo",
    "revenue": 2217500000,
    "revenueEstimated": 2967290000,
    "updatedFromDate": "2025-04-25",
    "fiscalDateEnding": "2023-12-31"
  },
  {
    "date": "2023-10-31",
    "symbol": "WEC",
    "eps": 1,
    "epsEstimated": 0.91,
    "time": "bmo",
    "revenue": 1957400000,
    "revenueEstimated": 2022570000,
    "updatedFromDate": "2025-04-25",
    "fiscalDateEnding": "2023-09-30"
  },
  {
    "date": "2023-08-01",
    "symbol": "WEC",
    "eps": 0.92,
    "epsEstimated": 0.85,
    "time": "bmo",
    "revenue": 1830000000,
    "revenueEstimated": 2053210000,
    "updatedFromDate": "2025-04-25",
    "fiscalDateEnding": "2023-06-30"
  },
  {
    "date": "2023-05-01",
    "symbol": "WEC",
    "eps": 1.61,
    "epsEstimated": 1.59,
    "time": "bmo",
    "revenue": 2888100000,
    "revenueEstimated": 2854760000,
    "updatedFromDate": "2025-04-25",
    "fiscalDateEnding": "2023-03-31"
  },
  {
    "date": "2023-02-02",
    "symbol": "WEC",
    "eps": 0.8,
    "epsEstimated": 0.75,
    "time": "bmo",
    "revenue": 2558400000,
    "revenueEstimated": 1919133943,
    "updatedFromDate": "2025-04-25",
    "fiscalDateEnding": "2022-12-31"
  },
  {
    "date": "2022-11-01",
    "symbol": "WEC",
    "eps": 0.96,
    "epsEstimated": 0.86,
    "time": "bmo",
    "revenue": 2003000000,
    "revenueEstimated": 1828066470,
    "updatedFromDate": "2025-04-25",
    "fiscalDateEnding": "2022-09-30"
  },
  {
    "date": "2022-08-02",
    "symbol": "WEC",
    "eps": 0.91,
    "epsEstimated": 0.85,
    "time": "bmo",
    "revenue": 2127900000,
    "revenueEstimated": 1783020861,
    "updatedFromDate": "2025-04-25",
    "fiscalDateEnding": "2022-06-30"
  },
  {
    "date": "2022-05-02",
    "symbol": "WEC",
    "eps": 1.79,
    "epsEstimated": 1.67,
    "time": "bmo",
    "revenue": 2908100000,
    "revenueEstimated": 2730639031,
    "updatedFromDate": "2025-04-25",
    "fiscalDateEnding": "2022-03-31"
  },
  {
    "date": "2022-02-03",
    "symbol": "WEC",
    "eps": 0.71,
    "epsEstimated": 0.68,
    "time": "bmo",
    "revenue": 2201900000,
    "revenueEstimated": 1716967054,
    "updatedFromDate": "2025-04-25",
    "fiscalDateEnding": "2021-12-31"
  },
  {
    "date": "2021-11-02",
    "symbol": "WEC",
    "eps": 0.92,
    "epsEstimated": 0.79,
    "time": "bmo",
    "revenue": 1746500000,
    "revenueEstimated": 1650180000,
    "updatedFromDate": "2025-04-25",
    "fiscalDateEnding": "2021-09-30"
  },
  {
    "date": "2021-08-03",
    "symbol": "WEC",
    "eps": 0.87,
    "epsEstimated": 0.79,
    "time": "bmo",
    "revenue": 1676200000,
    "revenueEstimated": 1596020000,
    "updatedFromDate": "2025-04-25",
    "fiscalDateEnding": "2021-06-30"
  },
  {
    "date": "2021-05-03",
    "symbol": "WEC",
    "eps": 1.61,
    "epsEstimated": 1.47,
    "time": "bmo",
    "revenue": 2691400000,
    "revenueEstimated": 2204970000,
    "updatedFromDate": "2025-04-25",
    "fiscalDateEnding": "2021-03-31"
  },
  {
    "date": "2021-02-04",
    "symbol": "WEC",
    "eps": 0.76,
    "epsEstimated": 0.73,
    "time": "bmo",
    "revenue": 1933400000,
    "revenueEstimated": 2106660000,
    "updatedFromDate": "2025-04-25",
    "fiscalDateEnding": "2020-12-31"
  },
  {
    "date": "2020-11-03",
    "symbol": "WEC",
    "eps": 0.84,
    "epsEstimated": 0.76,
    "time": "bmo",
    "revenue": 1651000000,
    "revenueEstimated": 1493761904,
    "updatedFromDate": "2025-04-25",
    "fiscalDateEnding": "2020-09-30"
  },
  {
    "date": "2020-08-04",
    "symbol": "WEC",
    "eps": 0.76,
    "epsEstimated": 0.68,
    "time": "bmo",
    "revenue": 1548700000,
    "revenueEstimated": 1406056578,
    "updatedFromDate": "2025-04-25",
    "fiscalDateEnding": "2020-06-30"
  },
  {
    "date": "2020-05-04",
    "symbol": "WEC",
    "eps": 1.43,
    "epsEstimated": 1.32,
    "time": "bmo",
    "revenue": 2108600000,
    "revenueEstimated": 1946400000,
    "updatedFromDate": "2025-04-25",
    "fiscalDateEnding": "2020-03-31"
  },
  {
    "date": "2020-01-30",
    "symbol": "WEC",
    "eps": 0.77,
    "epsEstimated": 0.72,
    "time": "bmo",
    "revenue": 1947500000,
    "revenueEstimated": 1821038961,
    "updatedFromDate": "2025-04-25",
    "fiscalDateEnding": "2019-12-31"
  },
  {
    "date": "2019-11-06",
    "symbol": "WEC",
    "eps": 0.74,
    "epsEstimated": 0.71,
    "time": "bmo",
    "revenue": 1608000000,
    "revenueEstimated": 1542810810,
    "updatedFromDate": "2025-04-25",
    "fiscalDateEnding": "2019-09-30"
  },
  {
    "date": "2019-08-05",
    "symbol": "WEC",
    "eps": 0.74,
    "epsEstimated": 0.7,
    "time": "bmo",
    "revenue": 1590200000,
    "revenueEstimated": 1504243243,
    "updatedFromDate": "2025-04-25",
    "fiscalDateEnding": "2019-06-30"
  },
  {
    "date": "2019-04-25",
    "symbol": "WEC",
    "eps": 1.33,
    "epsEstimated": 1.25,
    "time": "bmo",
    "revenue": 2377400000,
    "revenueEstimated": 2234398496,
    "updatedFromDate": "2025-04-25",
    "fiscalDateEnding": "2019-03-31"
  },
  {
    "date": "2019-02-12",
    "symbol": "WEC",
    "eps": 0.65,
    "epsEstimated": 0.63,
    "time": "bmo",
    "revenue": 2076800000,
    "revenueEstimated": 2012898461,
    "updatedFromDate": "2025-04-25",
    "fiscalDateEnding": "2018-12-31"
  },
  {
    "date": "2018-10-31",
    "symbol": "WEC",
    "eps": 0.74,
    "epsEstimated": 0.71,
    "time": "bmo",
    "revenue": 1643700000,
    "revenueEstimated": 1577063513,
    "updatedFromDate": "2025-04-25",
    "fiscalDateEnding": "2018-09-30"
  },
  {
    "date": "2018-07-31",
    "symbol": "WEC",
    "eps": 0.73,
    "epsEstimated": 0.67,
    "time": "bmo",
    "revenue": 1672500000,
    "revenueEstimated": 1535034246,
    "updatedFromDate": "2025-04-25",
    "fiscalDateEnding": "2018-06-30"
  },
  {
    "date": "2018-05-01",
    "symbol": "WEC",
    "eps": 1.23,
    "epsEstimated": 1.17,
    "time": "bmo",
    "revenue": 2286500000,
    "revenueEstimated": 2174963414,
    "updatedFromDate": "2025-04-25",
    "fiscalDateEnding": "2018-03-31"
  },
  {
    "date": "2018-01-31",
    "symbol": "WEC",
    "eps": 0.71,
    "epsEstimated": 0.67,
    "time": "bmo",
    "revenue": 2055000000,
    "revenueEstimated": 1968169014,
    "updatedFromDate": "2025-04-25",
    "fiscalDateEnding": "2017-12-31"
  },
  {
    "date": "2017-10-26",
    "symbol": "WEC",
    "eps": 0.68,
    "epsEstimated": 0.67,
    "time": "bmo",
    "revenue": 1657500000,
    "revenueEstimated": 1633125000,
    "updatedFromDate": "2025-04-25",
    "fiscalDateEnding": "2017-09-30"
  },
  {
    "date": "2017-07-26",
    "symbol": "WEC",
    "eps": 0.63,
    "epsEstimated": 0.58,
    "time": "bmo",
    "revenue": 1631500000,
    "revenueEstimated": 1502015873,
    "updatedFromDate": "2025-04-25",
    "fiscalDateEnding": "2017-06-30"
  },
  {
    "date": "2017-05-02",
    "symbol": "WEC",
    "eps": 1.12,
    "epsEstimated": 1.06,
    "time": "bmo",
    "revenue": 2304500000,
    "revenueEstimated": 2181044642,
    "updatedFromDate": "2025-04-25",
    "fiscalDateEnding": "2017-03-31"
  },
  {
    "date": "2017-02-01",
    "symbol": "WEC",
    "eps": 0.61,
    "epsEstimated": 0.61,
    "time": "bmo",
    "revenue": 1963000000,
    "revenueEstimated": 1963000000,
    "updatedFromDate": "2025-04-25",
    "fiscalDateEnding": "2016-12-31"
  },
  {
    "date": "2016-10-26",
    "symbol": "WEC",
    "eps": 0.69,
    "epsEstimated": 0.61,
    "time": "bmo",
    "revenue": 1712500000,
    "revenueEstimated": 1513949275,
    "updatedFromDate": "2025-04-25",
    "fiscalDateEnding": "2016-09-30"
  },
  {
    "date": "2016-07-27",
    "symbol": "WEC",
    "eps": 0.57,
    "epsEstimated": 0.56,
    "time": "bmo",
    "revenue": 1602000000,
    "revenueEstimated": 1573894736,
    "updatedFromDate": "2025-04-25",
    "fiscalDateEnding": "2016-06-30"
  }
]