[
  {
    "date": "2026-04-27",
    "symbol": "WELL",
    "eps": null,
    "epsEstimated": null,
    "time": "amc",
    "revenue": null,
    "revenueEstimated": null,
    "updatedFromDate": "2025-10-02",
    "fiscalDateEnding": "2026-03-30"
  },
  {
    "date": "2026-02-09",
    "symbol": "WELL",
    "eps": null,
    "epsEstimated": null,
    "time": "amc",
    "revenue": null,
    "revenueEstimated": null,
    "updatedFromDate": "2025-10-02",
    "fiscalDateEnding": "2025-12-30"
  },
  {
    "date": "2025-10-27",
    "symbol": "WELL",
    "eps": null,
    "epsEstimated": 1.28,
    "time": "bmo",
    "revenue": null,
    "revenueEstimated": 2696180000,
    "updatedFromDate": "2025-10-02",
    "fiscalDateEnding": "2025-09-30"
  },
  {
    "date": "2025-07-28",
    "symbol": "WELL",
    "eps": 1.28,
    "epsEstimated": 1.22,
    "time": "amc",
    "revenue": 2516141000,
    "revenueEstimated": 2715200000,
    "updatedFromDate": "2025-10-02",
    "fiscalDateEnding": "2025-06-30"
  },
  {
    "date": "2025-04-28",
    "symbol": "WELL",
    "eps": 1.2,
    "epsEstimated": 1.15,
    "time": "amc",
    "revenue": 2388587000,
    "revenueEstimated": 2524065800,
    "updatedFromDate": "2025-07-28",
    "fiscalDateEnding": "2025-03-31"
  },
  {
    "date": "2025-02-11",
    "symbol": "WELL",
    "eps": 1.13,
    "epsEstimated": 0.4,
    "time": "amc",
    "revenue": 2219235000,
    "revenueEstimated": 2189171530,
    "updatedFromDate": "2025-05-11",
    "fiscalDateEnding": "2024-12-31"
  },
  {
    "date": "2024-10-28",
    "symbol": "WELL",
    "eps": 1.11,
    "epsEstimated": 1.04,
    "time": "amc",
    "revenue": 2011056000,
    "revenueEstimated": 2073070000,
    "updatedFromDate": "2025-04-24",
    "fiscalDateEnding": "2024-09-30"
  },
  {
    "date": "2024-07-29",
    "symbol": "WELL",
    "eps": 1.05,
    "epsEstimated": 1,
    "time": "amc",
    "revenue": 1823747000,
    "revenueEstimated": 1950020000,
    "updatedFromDate": "2025-04-24",
    "fiscalDateEnding": "2024-06-30"
  },
  {
    "date": "2024-04-29",
    "symbol": "WELL",
    "eps": 1.01,
    "epsEstimated": 0.94,
    "time": "amc",
    "revenue": 1858713000,
    "revenueEstimated": 1804823952,
    "updatedFromDate": "2025-04-24",
    "fiscalDateEnding": "2024-03-31"
  },
  {
    "date": "2024-02-13",
    "symbol": "WELL",
    "eps": 0.96,
    "epsEstimated": 0.94,
    "time": "amc",
    "revenue": 1748695000,
    "revenueEstimated": 1719207654,
    "updatedFromDate": "2025-04-24",
    "fiscalDateEnding": "2023-12-31"
  },
  {
    "date": "2023-10-30",
    "symbol": "WELL",
    "eps": 0.92,
    "epsEstimated": 0.89,
    "time": "amc",
    "revenue": 1662013000,
    "revenueEstimated": 1625899451,
    "updatedFromDate": "2025-04-24",
    "fiscalDateEnding": "2023-09-30"
  },
  {
    "date": "2023-07-31",
    "symbol": "WELL",
    "eps": 0.9,
    "epsEstimated": 0.86,
    "time": "amc",
    "revenue": 1665478000,
    "revenueEstimated": 1885350000,
    "updatedFromDate": "2025-04-24",
    "fiscalDateEnding": "2023-06-30"
  },
  {
    "date": "2023-05-02",
    "symbol": "WELL",
    "eps": 0.85,
    "epsEstimated": 0.82,
    "time": "amc",
    "revenue": 1560729000,
    "revenueEstimated": 1538330171,
    "updatedFromDate": "2025-04-24",
    "fiscalDateEnding": "2023-03-31"
  },
  {
    "date": "2023-02-15",
    "symbol": "WELL",
    "eps": 0.83,
    "epsEstimated": 0.82,
    "time": "amc",
    "revenue": 1518531000,
    "revenueEstimated": 1341978486,
    "updatedFromDate": "2025-04-24",
    "fiscalDateEnding": "2022-12-31"
  },
  {
    "date": "2022-11-07",
    "symbol": "WELL",
    "eps": 0.84,
    "epsEstimated": 0.84,
    "time": "amc",
    "revenue": 1473844000,
    "revenueEstimated": 1448726637,
    "updatedFromDate": "2025-04-24",
    "fiscalDateEnding": "2022-09-30"
  },
  {
    "date": "2022-08-09",
    "symbol": "WELL",
    "eps": 0.86,
    "epsEstimated": 0.85,
    "time": "amc",
    "revenue": 1472536000,
    "revenueEstimated": 1410772724,
    "updatedFromDate": "2025-04-24",
    "fiscalDateEnding": "2022-06-30"
  },
  {
    "date": "2022-05-10",
    "symbol": "WELL",
    "eps": 0.82,
    "epsEstimated": 0.82,
    "time": "amc",
    "revenue": 1395704000,
    "revenueEstimated": 1353254836,
    "updatedFromDate": "2025-04-24",
    "fiscalDateEnding": "2022-03-31"
  },
  {
    "date": "2022-02-15",
    "symbol": "WELL",
    "eps": 0.83,
    "epsEstimated": 0.81,
    "time": "amc",
    "revenue": 1309264000,
    "revenueEstimated": 1237522844,
    "updatedFromDate": "2025-04-24",
    "fiscalDateEnding": "2021-12-31"
  },
  {
    "date": "2021-11-04",
    "symbol": "WELL",
    "eps": 0.8,
    "epsEstimated": 0.8,
    "time": "amc",
    "revenue": 1239797000,
    "revenueEstimated": 1125620000,
    "updatedFromDate": "2025-04-24",
    "fiscalDateEnding": "2021-09-30"
  },
  {
    "date": "2021-07-29",
    "symbol": "WELL",
    "eps": 0.79,
    "epsEstimated": 0.77,
    "time": "amc",
    "revenue": 1140992000,
    "revenueEstimated": 1089430000,
    "updatedFromDate": "2025-04-24",
    "fiscalDateEnding": "2021-06-30"
  },
  {
    "date": "2021-04-28",
    "symbol": "WELL",
    "eps": 0.8,
    "epsEstimated": 0.75,
    "time": "amc",
    "revenue": 1052062000,
    "revenueEstimated": 1092800000,
    "updatedFromDate": "2025-04-24",
    "fiscalDateEnding": "2021-03-31"
  },
  {
    "date": "2021-02-09",
    "symbol": "WELL",
    "eps": 0.84,
    "epsEstimated": 0.77,
    "time": "amc",
    "revenue": 1122016000,
    "revenueEstimated": 1036417695,
    "updatedFromDate": "2025-04-24",
    "fiscalDateEnding": "2020-12-31"
  },
  {
    "date": "2020-10-28",
    "symbol": "WELL",
    "eps": 0.77,
    "epsEstimated": 0.16,
    "time": "amc",
    "revenue": 1036874000,
    "revenueEstimated": 215454337,
    "updatedFromDate": "2025-04-24",
    "fiscalDateEnding": "2020-09-30"
  },
  {
    "date": "2020-08-05",
    "symbol": "WELL",
    "eps": 0.86,
    "epsEstimated": 0.83,
    "time": "amc",
    "revenue": 1188475000,
    "revenueEstimated": 987284236,
    "updatedFromDate": "2025-04-24",
    "fiscalDateEnding": "2020-06-30"
  },
  {
    "date": "2020-05-06",
    "symbol": "WELL",
    "eps": 0.75,
    "epsEstimated": 0.37,
    "time": "amc",
    "revenue": 1258602000,
    "revenueEstimated": 956367086,
    "updatedFromDate": "2025-04-24",
    "fiscalDateEnding": "2020-03-31"
  },
  {
    "date": "2020-02-12",
    "symbol": "WELL",
    "eps": 1.05,
    "epsEstimated": 1.04,
    "time": "amc",
    "revenue": 1262822000,
    "revenueEstimated": 1166639198,
    "updatedFromDate": "2025-04-24",
    "fiscalDateEnding": "2019-12-31"
  },
  {
    "date": "2019-10-28",
    "symbol": "WELL",
    "eps": 1.05,
    "epsEstimated": 1.04,
    "time": "amc",
    "revenue": 1266133000,
    "revenueEstimated": 410401731,
    "updatedFromDate": "2025-04-24",
    "fiscalDateEnding": "2019-09-30"
  },
  {
    "date": "2019-07-31",
    "symbol": "WELL",
    "eps": 1.05,
    "epsEstimated": 1.04,
    "time": "amc",
    "revenue": 1320106000,
    "revenueEstimated": 1941332352,
    "updatedFromDate": "2025-04-24",
    "fiscalDateEnding": "2019-06-30"
  },
  {
    "date": "2019-04-30",
    "symbol": "WELL",
    "eps": 1.02,
    "epsEstimated": 1.02,
    "time": "bmo",
    "revenue": 1272245000,
    "revenueEstimated": 1056242632,
    "updatedFromDate": "2025-04-24",
    "fiscalDateEnding": "2019-03-31"
  },
  {
    "date": "2019-02-12",
    "symbol": "WELL",
    "eps": 1.01,
    "epsEstimated": 1.03,
    "time": "bmo",
    "revenue": 1241243000,
    "revenueEstimated": 2390542074,
    "updatedFromDate": "2025-04-24",
    "fiscalDateEnding": "2018-12-31"
  },
  {
    "date": "2018-10-30",
    "symbol": "WELL",
    "eps": 1.04,
    "epsEstimated": 1.02,
    "time": "bmo",
    "revenue": 1236379000,
    "revenueEstimated": 3636470588,
    "updatedFromDate": "2025-04-24",
    "fiscalDateEnding": "2018-09-30"
  },
  {
    "date": "2018-07-27",
    "symbol": "WELL",
    "eps": 1,
    "epsEstimated": 0.99,
    "time": "bmo",
    "revenue": 1125912000,
    "revenueEstimated": 1180821951,
    "updatedFromDate": "2025-04-24",
    "fiscalDateEnding": "2018-06-30"
  },
  {
    "date": "2018-04-26",
    "symbol": "WELL",
    "eps": 1.17,
    "epsEstimated": 0.35,
    "time": "bmo",
    "revenue": 1096965000,
    "revenueEstimated": 328162393,
    "updatedFromDate": "2025-04-24",
    "fiscalDateEnding": "2018-03-31"
  },
  {
    "date": "2018-02-22",
    "symbol": "WELL",
    "eps": -0.09,
    "epsEstimated": 0.45,
    "time": "bmo",
    "revenue": 1104257000,
    "revenueEstimated": 1656450000,
    "updatedFromDate": "2025-04-24",
    "fiscalDateEnding": "2017-12-31"
  },
  {
    "date": "2017-11-07",
    "symbol": "WELL",
    "eps": 0.2,
    "epsEstimated": 0.46,
    "time": "bmo",
    "revenue": 1091483000,
    "revenueEstimated": 2510450000,
    "updatedFromDate": "2025-04-24",
    "fiscalDateEnding": "2017-09-30"
  },
  {
    "date": "2017-07-28",
    "symbol": "WELL",
    "eps": 0.49,
    "epsEstimated": 0.44,
    "time": "bmo",
    "revenue": 1058602000,
    "revenueEstimated": 913301960,
    "updatedFromDate": "2025-04-24",
    "fiscalDateEnding": "2017-06-30"
  },
  {
    "date": "2017-05-05",
    "symbol": "WELL",
    "eps": 0.19,
    "epsEstimated": 0.42,
    "time": "bmo",
    "revenue": 1062298000,
    "revenueEstimated": 947088636,
    "updatedFromDate": "2025-04-24",
    "fiscalDateEnding": "2017-03-31"
  },
  {
    "date": "2017-02-22",
    "symbol": "WELL",
    "eps": 0.91,
    "epsEstimated": 0.45,
    "time": "bmo",
    "revenue": 1078321000,
    "revenueEstimated": 1005888912,
    "updatedFromDate": "2025-04-24",
    "fiscalDateEnding": "2016-12-31"
  },
  {
    "date": "2016-11-02",
    "symbol": "WELL",
    "eps": 0.93,
    "epsEstimated": 0.53,
    "time": "bmo",
    "revenue": 1079133000,
    "revenueEstimated": 980046553,
    "updatedFromDate": "2025-04-24",
    "fiscalDateEnding": "2016-09-30"
  },
  {
    "date": "2016-08-02",
    "symbol": "WELL",
    "eps": 0.54,
    "epsEstimated": 0.5,
    "time": "bmo",
    "revenue": 1076657000,
    "revenueEstimated": 996944444,
    "updatedFromDate": "2025-04-24",
    "fiscalDateEnding": "2016-06-30"
  }
]