[
  {
    "date": "2026-04-09",
    "symbol": "WFC",
    "eps": null,
    "epsEstimated": null,
    "time": "bmo",
    "revenue": null,
    "revenueEstimated": null,
    "updatedFromDate": "2025-10-02",
    "fiscalDateEnding": "2026-03-30"
  },
  {
    "date": "2026-01-14",
    "symbol": "WFC",
    "eps": null,
    "epsEstimated": null,
    "time": "bmo",
    "revenue": null,
    "revenueEstimated": null,
    "updatedFromDate": "2025-10-02",
    "fiscalDateEnding": "2025-12-30"
  },
  {
    "date": "2025-10-14",
    "symbol": "WFC",
    "eps": null,
    "epsEstimated": 1.54,
    "time": "bmo",
    "revenue": null,
    "revenueEstimated": 21095166670,
    "updatedFromDate": "2025-10-02",
    "fiscalDateEnding": "2025-09-30"
  },
  {
    "date": "2025-07-15",
    "symbol": "WFC",
    "eps": 1.54,
    "epsEstimated": 1.41,
    "time": "bmo",
    "revenue": 30434000000,
    "revenueEstimated": 20755897911,
    "updatedFromDate": "2025-10-02",
    "fiscalDateEnding": "2025-06-30"
  },
  {
    "date": "2025-04-11",
    "symbol": "WFC",
    "eps": 1.27,
    "epsEstimated": 1.23,
    "time": "bmo",
    "revenue": 29627000000,
    "revenueEstimated": 20721212248,
    "updatedFromDate": "2025-07-10",
    "fiscalDateEnding": "2025-03-31"
  },
  {
    "date": "2025-01-15",
    "symbol": "WFC",
    "eps": 1.42,
    "epsEstimated": 1.32,
    "time": "bmo",
    "revenue": 19283000000,
    "revenueEstimated": 20589148351,
    "updatedFromDate": "2025-04-25",
    "fiscalDateEnding": "2024-12-31"
  },
  {
    "date": "2024-10-11",
    "symbol": "WFC",
    "eps": 1.52,
    "epsEstimated": 1.28,
    "time": "bmo",
    "revenue": 19301000000,
    "revenueEstimated": 20402766332,
    "updatedFromDate": "2025-04-25",
    "fiscalDateEnding": "2024-09-30"
  },
  {
    "date": "2024-07-12",
    "symbol": "WFC",
    "eps": 1.33,
    "epsEstimated": 1.29,
    "time": "bmo",
    "revenue": 20689000000,
    "revenueEstimated": 20302866663,
    "updatedFromDate": "2025-04-25",
    "fiscalDateEnding": "2024-06-30"
  },
  {
    "date": "2024-04-12",
    "symbol": "WFC",
    "eps": 1.26,
    "epsEstimated": 1.11,
    "time": "bmo",
    "revenue": 20863000000,
    "revenueEstimated": 20210055929,
    "updatedFromDate": "2025-04-25",
    "fiscalDateEnding": "2024-03-31"
  },
  {
    "date": "2024-01-12",
    "symbol": "WFC",
    "eps": 1.29,
    "epsEstimated": 1.16,
    "time": "bmo",
    "revenue": 20478000000,
    "revenueEstimated": 20276200000,
    "updatedFromDate": "2025-04-25",
    "fiscalDateEnding": "2023-12-31"
  },
  {
    "date": "2023-10-13",
    "symbol": "WFC",
    "eps": 1.39,
    "epsEstimated": 1.24,
    "time": "bmo",
    "revenue": 20857000000,
    "revenueEstimated": 20121900000,
    "updatedFromDate": "2025-04-25",
    "fiscalDateEnding": "2023-09-30"
  },
  {
    "date": "2023-07-14",
    "symbol": "WFC",
    "eps": 1.25,
    "epsEstimated": 1.16,
    "time": "bmo",
    "revenue": 18820000000,
    "revenueEstimated": 20084100000,
    "updatedFromDate": "2025-04-25",
    "fiscalDateEnding": "2023-06-30"
  },
  {
    "date": "2023-04-14",
    "symbol": "WFC",
    "eps": 1.23,
    "epsEstimated": 1.13,
    "time": "bmo",
    "revenue": 20729000000,
    "revenueEstimated": 20078600000,
    "updatedFromDate": "2025-04-25",
    "fiscalDateEnding": "2023-03-31"
  },
  {
    "date": "2023-01-13",
    "symbol": "WFC",
    "eps": 0.61,
    "epsEstimated": 0.66,
    "time": "bmo",
    "revenue": 19660000000,
    "revenueEstimated": 19991553801,
    "updatedFromDate": "2025-04-25",
    "fiscalDateEnding": "2022-12-31"
  },
  {
    "date": "2022-10-14",
    "symbol": "WFC",
    "eps": 1.3,
    "epsEstimated": 1.09,
    "time": "bmo",
    "revenue": 19505000000,
    "revenueEstimated": 18773532683,
    "updatedFromDate": "2025-04-25",
    "fiscalDateEnding": "2022-09-30"
  },
  {
    "date": "2022-07-15",
    "symbol": "WFC",
    "eps": 0.82,
    "epsEstimated": 0.8,
    "time": "bmo",
    "revenue": 17028000000,
    "revenueEstimated": 17478540359,
    "updatedFromDate": "2025-04-25",
    "fiscalDateEnding": "2022-06-30"
  },
  {
    "date": "2022-04-14",
    "symbol": "WFC",
    "eps": 0.88,
    "epsEstimated": 0.8,
    "time": "bmo",
    "revenue": 17164000000,
    "revenueEstimated": 17784153585,
    "updatedFromDate": "2025-04-25",
    "fiscalDateEnding": "2022-03-31"
  },
  {
    "date": "2022-01-14",
    "symbol": "WFC",
    "eps": 1.25,
    "epsEstimated": 1.13,
    "time": "bmo",
    "revenue": 20856000000,
    "revenueEstimated": 17860700000,
    "updatedFromDate": "2025-04-25",
    "fiscalDateEnding": "2021-12-31"
  },
  {
    "date": "2021-10-14",
    "symbol": "WFC",
    "eps": 1.22,
    "epsEstimated": 0.99,
    "time": "bmo",
    "revenue": 18834000000,
    "revenueEstimated": 18453000000,
    "updatedFromDate": "2025-04-25",
    "fiscalDateEnding": "2021-09-30"
  },
  {
    "date": "2021-07-14",
    "symbol": "WFC",
    "eps": 1.38,
    "epsEstimated": 0.97,
    "time": "bmo",
    "revenue": 20270000000,
    "revenueEstimated": 17783700000,
    "updatedFromDate": "2025-04-25",
    "fiscalDateEnding": "2021-06-30"
  },
  {
    "date": "2021-04-14",
    "symbol": "WFC",
    "eps": 1.05,
    "epsEstimated": 0.7,
    "time": "bmo",
    "revenue": 18063000000,
    "revenueEstimated": 14901974998,
    "updatedFromDate": "2025-04-25",
    "fiscalDateEnding": "2021-03-31"
  },
  {
    "date": "2021-01-15",
    "symbol": "WFC",
    "eps": 0.64,
    "epsEstimated": 0.6,
    "time": "bmo",
    "revenue": 17925000000,
    "revenueEstimated": 16878399999,
    "updatedFromDate": "2025-04-25",
    "fiscalDateEnding": "2020-12-31"
  },
  {
    "date": "2020-10-14",
    "symbol": "WFC",
    "eps": 0.56,
    "epsEstimated": 0.47,
    "time": "bmo",
    "revenue": 18862000000,
    "revenueEstimated": 20100266666,
    "updatedFromDate": "2025-04-25",
    "fiscalDateEnding": "2020-09-30"
  },
  {
    "date": "2020-07-14",
    "symbol": "WFC",
    "eps": -0.66,
    "epsEstimated": -0.16,
    "time": "bmo",
    "revenue": 17867000000,
    "revenueEstimated": 5404848484,
    "updatedFromDate": "2025-04-25",
    "fiscalDateEnding": "2020-06-30"
  },
  {
    "date": "2020-04-14",
    "symbol": "WFC",
    "eps": 0.01,
    "epsEstimated": 0.33,
    "time": "bmo",
    "revenue": 17545000000,
    "revenueEstimated": 584661000000,
    "updatedFromDate": "2025-04-25",
    "fiscalDateEnding": "2020-03-31"
  },
  {
    "date": "2020-01-14",
    "symbol": "WFC",
    "eps": 0.93,
    "epsEstimated": 1.12,
    "time": "bmo",
    "revenue": 19860000000,
    "revenueEstimated": 37072000000,
    "updatedFromDate": "2025-04-25",
    "fiscalDateEnding": "2019-12-31"
  },
  {
    "date": "2019-10-15",
    "symbol": "WFC",
    "eps": 1.07,
    "epsEstimated": 1.15,
    "time": "bmo",
    "revenue": 22010000000,
    "revenueEstimated": 27512499999,
    "updatedFromDate": "2025-04-25",
    "fiscalDateEnding": "2019-09-30"
  },
  {
    "date": "2019-07-16",
    "symbol": "WFC",
    "eps": 1.3,
    "epsEstimated": 1.15,
    "time": "bmo",
    "revenue": 21584000000,
    "revenueEstimated": 19093538461,
    "updatedFromDate": "2025-04-25",
    "fiscalDateEnding": "2019-06-30"
  },
  {
    "date": "2019-04-12",
    "symbol": "WFC",
    "eps": 1.03,
    "epsEstimated": 1.09,
    "time": "bmo",
    "revenue": 21609000000,
    "revenueEstimated": 19628175000,
    "updatedFromDate": "2025-04-25",
    "fiscalDateEnding": "2019-03-31"
  },
  {
    "date": "2019-01-15",
    "symbol": "WFC",
    "eps": 1.09,
    "epsEstimated": 1.17,
    "time": "bmo",
    "revenue": 20980000000,
    "revenueEstimated": 20286446280,
    "updatedFromDate": "2025-04-25",
    "fiscalDateEnding": "2018-12-31"
  },
  {
    "date": "2018-10-12",
    "symbol": "WFC",
    "eps": 1.16,
    "epsEstimated": 1.17,
    "time": "bmo",
    "revenue": 21941000000,
    "revenueEstimated": 22717672566,
    "updatedFromDate": "2025-04-25",
    "fiscalDateEnding": "2018-09-30"
  },
  {
    "date": "2018-07-13",
    "symbol": "WFC",
    "eps": 1.08,
    "epsEstimated": 1.12,
    "time": "bmo",
    "revenue": 21553000000,
    "revenueEstimated": 24632000000,
    "updatedFromDate": "2025-04-25",
    "fiscalDateEnding": "2018-06-30"
  },
  {
    "date": "2018-04-13",
    "symbol": "WFC",
    "eps": 1.12,
    "epsEstimated": 1.06,
    "time": "bmo",
    "revenue": 21934000000,
    "revenueEstimated": 20954803571,
    "updatedFromDate": "2025-04-25",
    "fiscalDateEnding": "2018-03-31"
  },
  {
    "date": "2018-01-12",
    "symbol": "WFC",
    "eps": 0.97,
    "epsEstimated": 1.07,
    "time": "bmo",
    "revenue": 20763000000,
    "revenueEstimated": 23895336448,
    "updatedFromDate": "2025-04-25",
    "fiscalDateEnding": "2017-12-31"
  },
  {
    "date": "2017-10-13",
    "symbol": "WFC",
    "eps": 1.04,
    "epsEstimated": 1.03,
    "time": "bmo",
    "revenue": 21688000000,
    "revenueEstimated": 26530928571,
    "updatedFromDate": "2025-04-25",
    "fiscalDateEnding": "2017-09-30"
  },
  {
    "date": "2017-07-14",
    "symbol": "WFC",
    "eps": 1.07,
    "epsEstimated": 1.01,
    "time": "bmo",
    "revenue": 21981000000,
    "revenueEstimated": 20988177570,
    "updatedFromDate": "2025-04-25",
    "fiscalDateEnding": "2017-06-30"
  },
  {
    "date": "2017-04-13",
    "symbol": "WFC",
    "eps": 1,
    "epsEstimated": 0.97,
    "time": "bmo",
    "revenue": 22255000000,
    "revenueEstimated": 21587350000,
    "updatedFromDate": "2025-04-25",
    "fiscalDateEnding": "2017-03-31"
  },
  {
    "date": "2017-01-13",
    "symbol": "WFC",
    "eps": 1.03,
    "epsEstimated": 1,
    "time": "bmo",
    "revenue": 21276000000,
    "revenueEstimated": 22127040000,
    "updatedFromDate": "2025-04-25",
    "fiscalDateEnding": "2016-12-31"
  },
  {
    "date": "2016-10-14",
    "symbol": "WFC",
    "eps": 1.03,
    "epsEstimated": 1.01,
    "time": "bmo",
    "revenue": 22188000000,
    "revenueEstimated": 21894446601,
    "updatedFromDate": "2025-04-25",
    "fiscalDateEnding": "2016-09-30"
  },
  {
    "date": "2016-07-15",
    "symbol": "WFC",
    "eps": 1.01,
    "epsEstimated": 1.01,
    "time": "bmo",
    "revenue": 21973000000,
    "revenueEstimated": 22162000000,
    "updatedFromDate": "2025-04-25",
    "fiscalDateEnding": "2016-06-30"
  }
]