[
  {
    "date": "2026-04-27",
    "symbol": "WM",
    "eps": null,
    "epsEstimated": null,
    "time": "amc",
    "revenue": null,
    "revenueEstimated": null,
    "updatedFromDate": "2025-10-02",
    "fiscalDateEnding": "2026-03-30"
  },
  {
    "date": "2026-01-27",
    "symbol": "WM",
    "eps": null,
    "epsEstimated": null,
    "time": "amc",
    "revenue": null,
    "revenueEstimated": null,
    "updatedFromDate": "2025-10-02",
    "fiscalDateEnding": "2025-12-30"
  },
  {
    "date": "2025-10-27",
    "symbol": "WM",
    "eps": null,
    "epsEstimated": 2.02,
    "time": "amc",
    "revenue": null,
    "revenueEstimated": 6510759540,
    "updatedFromDate": "2025-10-02",
    "fiscalDateEnding": "2025-09-30"
  },
  {
    "date": "2025-07-28",
    "symbol": "WM",
    "eps": 1.92,
    "epsEstimated": 1.89,
    "time": "amc",
    "revenue": 6430000000,
    "revenueEstimated": 6361116069,
    "updatedFromDate": "2025-10-02",
    "fiscalDateEnding": "2025-06-30"
  },
  {
    "date": "2025-04-28",
    "symbol": "WM",
    "eps": 1.67,
    "epsEstimated": 1.59,
    "time": "amc",
    "revenue": 6018000000,
    "revenueEstimated": 6108089500,
    "updatedFromDate": "2025-07-28",
    "fiscalDateEnding": "2025-03-31"
  },
  {
    "date": "2025-01-29",
    "symbol": "WM",
    "eps": 1.7,
    "epsEstimated": 1.8,
    "time": "amc",
    "revenue": 5893000000,
    "revenueEstimated": 5836309913,
    "updatedFromDate": "2025-04-28",
    "fiscalDateEnding": "2024-12-31"
  },
  {
    "date": "2024-10-28",
    "symbol": "WM",
    "eps": 1.96,
    "epsEstimated": 1.89,
    "time": "amc",
    "revenue": 5609000000,
    "revenueEstimated": 5512852530,
    "updatedFromDate": "2025-04-25",
    "fiscalDateEnding": "2024-09-30"
  },
  {
    "date": "2024-07-24",
    "symbol": "WM",
    "eps": 1.82,
    "epsEstimated": 1.83,
    "time": "amc",
    "revenue": 5402000000,
    "revenueEstimated": 5429124552,
    "updatedFromDate": "2025-04-25",
    "fiscalDateEnding": "2024-06-30"
  },
  {
    "date": "2024-04-24",
    "symbol": "WM",
    "eps": 1.75,
    "epsEstimated": 1.51,
    "time": "amc",
    "revenue": 5159000000,
    "revenueEstimated": 5215444966,
    "updatedFromDate": "2025-04-25",
    "fiscalDateEnding": "2024-03-31"
  },
  {
    "date": "2024-02-12",
    "symbol": "WM",
    "eps": 1.74,
    "epsEstimated": 1.53,
    "time": "amc",
    "revenue": 5217000000,
    "revenueEstimated": 5193940000,
    "updatedFromDate": "2025-04-25",
    "fiscalDateEnding": "2023-12-31"
  },
  {
    "date": "2023-10-24",
    "symbol": "WM",
    "eps": 1.63,
    "epsEstimated": 1.61,
    "time": "amc",
    "revenue": 5198000000,
    "revenueEstimated": 5272340000,
    "updatedFromDate": "2025-04-25",
    "fiscalDateEnding": "2023-09-30"
  },
  {
    "date": "2023-07-25",
    "symbol": "WM",
    "eps": 1.51,
    "epsEstimated": 1.54,
    "time": "amc",
    "revenue": 5119000000,
    "revenueEstimated": 5323090000,
    "updatedFromDate": "2025-04-25",
    "fiscalDateEnding": "2023-06-30"
  },
  {
    "date": "2023-04-26",
    "symbol": "WM",
    "eps": 1.31,
    "epsEstimated": 1.29,
    "time": "amc",
    "revenue": 4892000000,
    "revenueEstimated": 5237540000,
    "updatedFromDate": "2025-04-25",
    "fiscalDateEnding": "2023-03-31"
  },
  {
    "date": "2023-01-31",
    "symbol": "WM",
    "eps": 1.3,
    "epsEstimated": 1.41,
    "time": "bmo",
    "revenue": 4935000000,
    "revenueEstimated": 4966615521,
    "updatedFromDate": "2025-04-25",
    "fiscalDateEnding": "2022-12-31"
  },
  {
    "date": "2022-10-26",
    "symbol": "WM",
    "eps": 1.56,
    "epsEstimated": 1.51,
    "time": "bmo",
    "revenue": 5075000000,
    "revenueEstimated": 5053338499,
    "updatedFromDate": "2025-04-25",
    "fiscalDateEnding": "2022-09-30"
  },
  {
    "date": "2022-07-27",
    "symbol": "WM",
    "eps": 1.44,
    "epsEstimated": 1.4,
    "time": "bmo",
    "revenue": 5027000000,
    "revenueEstimated": 4845275107,
    "updatedFromDate": "2025-04-25",
    "fiscalDateEnding": "2022-06-30"
  },
  {
    "date": "2022-04-26",
    "symbol": "WM",
    "eps": 1.29,
    "epsEstimated": 1.14,
    "time": "bmo",
    "revenue": 4661000000,
    "revenueEstimated": 4446725120,
    "updatedFromDate": "2025-04-25",
    "fiscalDateEnding": "2022-03-31"
  },
  {
    "date": "2022-02-02",
    "symbol": "WM",
    "eps": 1.26,
    "epsEstimated": 1.26,
    "time": "bmo",
    "revenue": 4678000000,
    "revenueEstimated": 4619213130,
    "updatedFromDate": "2025-04-25",
    "fiscalDateEnding": "2021-12-31"
  },
  {
    "date": "2021-10-26",
    "symbol": "WM",
    "eps": 1.26,
    "epsEstimated": 1.36,
    "time": "bmo",
    "revenue": 4665000000,
    "revenueEstimated": 4536330000,
    "updatedFromDate": "2025-04-25",
    "fiscalDateEnding": "2021-09-30"
  },
  {
    "date": "2021-07-27",
    "symbol": "WM",
    "eps": 1.27,
    "epsEstimated": 1.18,
    "time": "bmo",
    "revenue": 4476000000,
    "revenueEstimated": 4534110000,
    "updatedFromDate": "2025-04-25",
    "fiscalDateEnding": "2021-06-30"
  },
  {
    "date": "2021-04-27",
    "symbol": "WM",
    "eps": 1.06,
    "epsEstimated": 1.01,
    "time": "bmo",
    "revenue": 4112000000,
    "revenueEstimated": 3908435643,
    "updatedFromDate": "2025-04-25",
    "fiscalDateEnding": "2021-03-31"
  },
  {
    "date": "2021-02-18",
    "symbol": "WM",
    "eps": 1.13,
    "epsEstimated": 1.09,
    "time": "bmo",
    "revenue": 4067000000,
    "revenueEstimated": 3967490000,
    "updatedFromDate": "2025-04-25",
    "fiscalDateEnding": "2020-12-31"
  },
  {
    "date": "2020-11-02",
    "symbol": "WM",
    "eps": 1.09,
    "epsEstimated": 1.02,
    "time": "bmo",
    "revenue": 3861000000,
    "revenueEstimated": 3613045871,
    "updatedFromDate": "2025-04-25",
    "fiscalDateEnding": "2020-09-30"
  },
  {
    "date": "2020-07-30",
    "symbol": "WM",
    "eps": 0.88,
    "epsEstimated": 0.81,
    "time": "bmo",
    "revenue": 3561000000,
    "revenueEstimated": 3277738636,
    "updatedFromDate": "2025-04-25",
    "fiscalDateEnding": "2020-06-30"
  },
  {
    "date": "2020-05-06",
    "symbol": "WM",
    "eps": 0.93,
    "epsEstimated": 0.92,
    "time": "bmo",
    "revenue": 3729000000,
    "revenueEstimated": 3688903225,
    "updatedFromDate": "2025-04-25",
    "fiscalDateEnding": "2020-03-31"
  },
  {
    "date": "2020-02-13",
    "symbol": "WM",
    "eps": 1.19,
    "epsEstimated": 1.15,
    "time": "bmo",
    "revenue": 3846000000,
    "revenueEstimated": 3716722689,
    "updatedFromDate": "2025-04-25",
    "fiscalDateEnding": "2019-12-31"
  },
  {
    "date": "2019-10-23",
    "symbol": "WM",
    "eps": 1.19,
    "epsEstimated": 1.14,
    "time": "bmo",
    "revenue": 3967000000,
    "revenueEstimated": 3800319327,
    "updatedFromDate": "2025-04-25",
    "fiscalDateEnding": "2019-09-30"
  },
  {
    "date": "2019-07-25",
    "symbol": "WM",
    "eps": 1.11,
    "epsEstimated": 1.08,
    "time": "bmo",
    "revenue": 3946000000,
    "revenueEstimated": 3839351351,
    "updatedFromDate": "2025-04-25",
    "fiscalDateEnding": "2019-06-30"
  },
  {
    "date": "2019-04-25",
    "symbol": "WM",
    "eps": 0.94,
    "epsEstimated": 0.92,
    "time": "bmo",
    "revenue": 3696000000,
    "revenueEstimated": 3617361702,
    "updatedFromDate": "2025-04-25",
    "fiscalDateEnding": "2019-03-31"
  },
  {
    "date": "2019-02-14",
    "symbol": "WM",
    "eps": 1.13,
    "epsEstimated": 1.06,
    "time": "bmo",
    "revenue": 3842000000,
    "revenueEstimated": 3604000000,
    "updatedFromDate": "2025-04-25",
    "fiscalDateEnding": "2018-12-31"
  },
  {
    "date": "2018-10-25",
    "symbol": "WM",
    "eps": 1.15,
    "epsEstimated": 1.11,
    "time": "bmo",
    "revenue": 3822000000,
    "revenueEstimated": 3689060869,
    "updatedFromDate": "2025-04-25",
    "fiscalDateEnding": "2018-09-30"
  },
  {
    "date": "2018-07-25",
    "symbol": "WM",
    "eps": 1.01,
    "epsEstimated": 0.99,
    "time": "bmo",
    "revenue": 3739000000,
    "revenueEstimated": 3664960396,
    "updatedFromDate": "2025-04-25",
    "fiscalDateEnding": "2018-06-30"
  },
  {
    "date": "2018-04-20",
    "symbol": "WM",
    "eps": 0.91,
    "epsEstimated": 0.83,
    "time": "bmo",
    "revenue": 3511000000,
    "revenueEstimated": 3202340659,
    "updatedFromDate": "2025-04-25",
    "fiscalDateEnding": "2018-03-31"
  },
  {
    "date": "2018-02-15",
    "symbol": "WM",
    "eps": 0.85,
    "epsEstimated": 0.83,
    "time": "bmo",
    "revenue": 3652000000,
    "revenueEstimated": 3566070588,
    "updatedFromDate": "2025-04-25",
    "fiscalDateEnding": "2017-12-31"
  },
  {
    "date": "2017-10-26",
    "symbol": "WM",
    "eps": 0.89,
    "epsEstimated": 0.88,
    "time": "bmo",
    "revenue": 3716000000,
    "revenueEstimated": 3633422222,
    "updatedFromDate": "2025-04-25",
    "fiscalDateEnding": "2017-09-30"
  },
  {
    "date": "2017-07-26",
    "symbol": "WM",
    "eps": 0.82,
    "epsEstimated": 0.81,
    "time": "bmo",
    "revenue": 3677000000,
    "revenueEstimated": 3677000000,
    "updatedFromDate": "2025-04-25",
    "fiscalDateEnding": "2017-06-30"
  },
  {
    "date": "2017-04-26",
    "symbol": "WM",
    "eps": 0.66,
    "epsEstimated": 0.66,
    "time": "bmo",
    "revenue": 3440000000,
    "revenueEstimated": 3440000000,
    "updatedFromDate": "2025-04-25",
    "fiscalDateEnding": "2017-03-31"
  },
  {
    "date": "2017-02-16",
    "symbol": "WM",
    "eps": 0.76,
    "epsEstimated": 0.77,
    "time": "bmo",
    "revenue": 3460000000,
    "revenueEstimated": 3505526315,
    "updatedFromDate": "2025-04-25",
    "fiscalDateEnding": "2016-12-31"
  },
  {
    "date": "2016-10-26",
    "symbol": "WM",
    "eps": 0.84,
    "epsEstimated": 0.8,
    "time": "bmo",
    "revenue": 3548000000,
    "revenueEstimated": 3379047619,
    "updatedFromDate": "2025-04-25",
    "fiscalDateEnding": "2016-09-30"
  },
  {
    "date": "2016-07-27",
    "symbol": "WM",
    "eps": 0.74,
    "epsEstimated": 0.71,
    "time": "bmo",
    "revenue": 3425000000,
    "revenueEstimated": 3286148648,
    "updatedFromDate": "2025-04-25",
    "fiscalDateEnding": "2016-06-30"
  }
]