[
  {
    "date": "2026-05-04",
    "symbol": "WMB",
    "eps": null,
    "epsEstimated": null,
    "time": "amc",
    "revenue": null,
    "revenueEstimated": null,
    "updatedFromDate": "2025-10-02",
    "fiscalDateEnding": "2026-03-30"
  },
  {
    "date": "2026-02-10",
    "symbol": "WMB",
    "eps": null,
    "epsEstimated": null,
    "time": "amc",
    "revenue": null,
    "revenueEstimated": null,
    "updatedFromDate": "2025-10-02",
    "fiscalDateEnding": "2025-12-30"
  },
  {
    "date": "2025-11-05",
    "symbol": "WMB",
    "eps": null,
    "epsEstimated": 0.51,
    "time": "bmo",
    "revenue": null,
    "revenueEstimated": 2861300080,
    "updatedFromDate": "2025-10-02",
    "fiscalDateEnding": "2025-09-30"
  },
  {
    "date": "2025-08-04",
    "symbol": "WMB",
    "eps": 0.46,
    "epsEstimated": 0.4804,
    "time": "amc",
    "revenue": 2770000000,
    "revenueEstimated": 2727694564,
    "updatedFromDate": "2025-10-02",
    "fiscalDateEnding": "2025-06-30"
  },
  {
    "date": "2025-05-05",
    "symbol": "WMB",
    "eps": 0.6,
    "epsEstimated": 0.567,
    "time": "amc",
    "revenue": 3048000000,
    "revenueEstimated": 2941960125,
    "updatedFromDate": "2025-08-05",
    "fiscalDateEnding": "2025-03-31"
  },
  {
    "date": "2025-02-12",
    "symbol": "WMB",
    "eps": 0.47,
    "epsEstimated": 0.47,
    "time": "amc",
    "revenue": 2743000000,
    "revenueEstimated": 2682026812,
    "updatedFromDate": "2025-05-12",
    "fiscalDateEnding": "2024-12-31"
  },
  {
    "date": "2024-11-06",
    "symbol": "WMB",
    "eps": 0.43,
    "epsEstimated": 0.4191,
    "time": "amc",
    "revenue": 2653000000,
    "revenueEstimated": 2523810052,
    "updatedFromDate": "2025-04-25",
    "fiscalDateEnding": "2024-09-30"
  },
  {
    "date": "2024-08-05",
    "symbol": "WMB",
    "eps": 0.43,
    "epsEstimated": 0.3834,
    "time": "amc",
    "revenue": 2465000000,
    "revenueEstimated": 2456840401,
    "updatedFromDate": "2025-04-25",
    "fiscalDateEnding": "2024-06-30"
  },
  {
    "date": "2024-05-06",
    "symbol": "WMB",
    "eps": 0.59,
    "epsEstimated": 0.48,
    "time": "amc",
    "revenue": 2780000000,
    "revenueEstimated": 2687206175,
    "updatedFromDate": "2025-04-25",
    "fiscalDateEnding": "2024-03-31"
  },
  {
    "date": "2024-02-14",
    "symbol": "WMB",
    "eps": 0.48,
    "epsEstimated": 0.4497,
    "time": "bmo",
    "revenue": 2784000000,
    "revenueEstimated": 2644558164,
    "updatedFromDate": "2025-04-25",
    "fiscalDateEnding": "2023-12-31"
  },
  {
    "date": "2023-11-01",
    "symbol": "WMB",
    "eps": 0.48,
    "epsEstimated": 0.41,
    "time": "amc",
    "revenue": 2559000000,
    "revenueEstimated": 2584510000,
    "updatedFromDate": "2025-04-25",
    "fiscalDateEnding": "2023-09-30"
  },
  {
    "date": "2023-08-02",
    "symbol": "WMB",
    "eps": 0.45,
    "epsEstimated": 0.39,
    "time": "amc",
    "revenue": 2483000000,
    "revenueEstimated": 2700490000,
    "updatedFromDate": "2025-04-25",
    "fiscalDateEnding": "2023-06-30"
  },
  {
    "date": "2023-05-03",
    "symbol": "WMB",
    "eps": 0.56,
    "epsEstimated": 0.46,
    "time": "amc",
    "revenue": 3081000000,
    "revenueEstimated": 2611670000,
    "updatedFromDate": "2025-04-25",
    "fiscalDateEnding": "2023-03-31"
  },
  {
    "date": "2023-02-20",
    "symbol": "WMB",
    "eps": 0.55,
    "epsEstimated": 0.49,
    "time": "amc",
    "revenue": 2930000000,
    "revenueEstimated": 2916388311,
    "updatedFromDate": "2025-04-25",
    "fiscalDateEnding": "2022-12-31"
  },
  {
    "date": "2022-10-31",
    "symbol": "WMB",
    "eps": 0.49,
    "epsEstimated": 0.44,
    "time": "amc",
    "revenue": 3021000000,
    "revenueEstimated": 2900912031,
    "updatedFromDate": "2025-04-25",
    "fiscalDateEnding": "2022-09-30"
  },
  {
    "date": "2022-08-01",
    "symbol": "WMB",
    "eps": 0.33,
    "epsEstimated": 0.37,
    "time": "amc",
    "revenue": 2490000000,
    "revenueEstimated": 2455205600,
    "updatedFromDate": "2025-04-25",
    "fiscalDateEnding": "2022-06-30"
  },
  {
    "date": "2022-05-02",
    "symbol": "WMB",
    "eps": 0.41,
    "epsEstimated": 0.36,
    "time": "amc",
    "revenue": 2524000000,
    "revenueEstimated": 2634647737,
    "updatedFromDate": "2025-04-25",
    "fiscalDateEnding": "2022-03-31"
  },
  {
    "date": "2022-02-21",
    "symbol": "WMB",
    "eps": 0.39,
    "epsEstimated": 0.34,
    "time": "amc",
    "revenue": 2964000000,
    "revenueEstimated": 2389772439,
    "updatedFromDate": "2025-04-25",
    "fiscalDateEnding": "2021-12-31"
  },
  {
    "date": "2021-11-01",
    "symbol": "WMB",
    "eps": 0.34,
    "epsEstimated": 0.28,
    "time": "amc",
    "revenue": 2475000000,
    "revenueEstimated": 2064610000,
    "updatedFromDate": "2025-04-25",
    "fiscalDateEnding": "2021-09-30"
  },
  {
    "date": "2021-08-02",
    "symbol": "WMB",
    "eps": 0.27,
    "epsEstimated": 0.28,
    "time": "amc",
    "revenue": 2283000000,
    "revenueEstimated": 2067760000,
    "updatedFromDate": "2025-04-25",
    "fiscalDateEnding": "2021-06-30"
  },
  {
    "date": "2021-05-03",
    "symbol": "WMB",
    "eps": 0.35,
    "epsEstimated": 0.29,
    "time": "amc",
    "revenue": 2612000000,
    "revenueEstimated": 1901570000,
    "updatedFromDate": "2025-04-25",
    "fiscalDateEnding": "2021-03-31"
  },
  {
    "date": "2021-02-22",
    "symbol": "WMB",
    "eps": 0.31,
    "epsEstimated": 0.32,
    "time": "amc",
    "revenue": 2092000000,
    "revenueEstimated": 3218980645,
    "updatedFromDate": "2025-04-25",
    "fiscalDateEnding": "2020-12-31"
  },
  {
    "date": "2020-11-02",
    "symbol": "WMB",
    "eps": 0.25,
    "epsEstimated": 0.27,
    "time": "amc",
    "revenue": 1933000000,
    "revenueEstimated": 2087640000,
    "updatedFromDate": "2025-04-25",
    "fiscalDateEnding": "2020-09-30"
  },
  {
    "date": "2020-08-03",
    "symbol": "WMB",
    "eps": 0.25,
    "epsEstimated": 0.24,
    "time": "amc",
    "revenue": 1781000000,
    "revenueEstimated": 1709760000,
    "updatedFromDate": "2025-04-25",
    "fiscalDateEnding": "2020-06-30"
  },
  {
    "date": "2020-05-04",
    "symbol": "WMB",
    "eps": 0.26,
    "epsEstimated": 0.25,
    "time": "amc",
    "revenue": 1913000000,
    "revenueEstimated": 1156697674,
    "updatedFromDate": "2025-04-25",
    "fiscalDateEnding": "2020-03-31"
  },
  {
    "date": "2020-02-19",
    "symbol": "WMB",
    "eps": 0.24,
    "epsEstimated": 0.25,
    "time": "amc",
    "revenue": 2107000000,
    "revenueEstimated": 2107000000,
    "updatedFromDate": "2025-04-25",
    "fiscalDateEnding": "2019-12-31"
  },
  {
    "date": "2019-10-30",
    "symbol": "WMB",
    "eps": 0.26,
    "epsEstimated": 0.24,
    "time": "amc",
    "revenue": 1999000000,
    "revenueEstimated": 1922115384,
    "updatedFromDate": "2025-04-25",
    "fiscalDateEnding": "2019-09-30"
  },
  {
    "date": "2019-07-31",
    "symbol": "WMB",
    "eps": 0.26,
    "epsEstimated": 0.23,
    "time": "amc",
    "revenue": 2041000000,
    "revenueEstimated": 1805500000,
    "updatedFromDate": "2025-04-25",
    "fiscalDateEnding": "2019-06-30"
  },
  {
    "date": "2019-05-01",
    "symbol": "WMB",
    "eps": 0.22,
    "epsEstimated": 0.24,
    "time": "amc",
    "revenue": 2054000000,
    "revenueEstimated": 2054000000,
    "updatedFromDate": "2025-04-25",
    "fiscalDateEnding": "2019-03-31"
  },
  {
    "date": "2019-02-13",
    "symbol": "WMB",
    "eps": 0.19,
    "epsEstimated": 0.22,
    "time": "amc",
    "revenue": 2204000000,
    "revenueEstimated": 2784000000,
    "updatedFromDate": "2025-04-25",
    "fiscalDateEnding": "2018-12-31"
  },
  {
    "date": "2018-10-31",
    "symbol": "WMB",
    "eps": 0.24,
    "epsEstimated": 0.18,
    "time": "amc",
    "revenue": 2303000000,
    "revenueEstimated": 3720230769,
    "updatedFromDate": "2025-04-25",
    "fiscalDateEnding": "2018-09-30"
  },
  {
    "date": "2018-08-01",
    "symbol": "WMB",
    "eps": 0.17,
    "epsEstimated": 0.18,
    "time": "amc",
    "revenue": 2091000000,
    "revenueEstimated": 2352375000,
    "updatedFromDate": "2025-04-25",
    "fiscalDateEnding": "2018-06-30"
  },
  {
    "date": "2018-05-02",
    "symbol": "WMB",
    "eps": 0.19,
    "epsEstimated": 0.21,
    "time": "amc",
    "revenue": 2088000000,
    "revenueEstimated": 2436000000,
    "updatedFromDate": "2025-04-25",
    "fiscalDateEnding": "2018-03-31"
  },
  {
    "date": "2018-02-14",
    "symbol": "WMB",
    "eps": 0.2,
    "epsEstimated": 0.2,
    "time": "amc",
    "revenue": 2228000000,
    "revenueEstimated": 1654290000,
    "updatedFromDate": "2025-04-25",
    "fiscalDateEnding": "2017-12-31"
  },
  {
    "date": "2017-11-01",
    "symbol": "WMB",
    "eps": 0.15,
    "epsEstimated": 0.19,
    "time": "amc",
    "revenue": 1891000000,
    "revenueEstimated": 8509500000,
    "updatedFromDate": "2025-04-25",
    "fiscalDateEnding": "2017-09-30"
  },
  {
    "date": "2017-08-02",
    "symbol": "WMB",
    "eps": 0.1,
    "epsEstimated": 0.21,
    "time": "amc",
    "revenue": 1924000000,
    "revenueEstimated": 4040399999,
    "updatedFromDate": "2025-04-25",
    "fiscalDateEnding": "2017-06-30"
  },
  {
    "date": "2017-05-03",
    "symbol": "WMB",
    "eps": 0.14,
    "epsEstimated": 0.42,
    "time": "amc",
    "revenue": 1988000000,
    "revenueEstimated": 1581525000,
    "updatedFromDate": "2025-04-25",
    "fiscalDateEnding": "2017-03-31"
  },
  {
    "date": "2017-02-15",
    "symbol": "WMB",
    "eps": 0.17,
    "epsEstimated": 0.14,
    "time": "amc",
    "revenue": 2198000000,
    "revenueEstimated": 19781999999,
    "updatedFromDate": "2025-04-25",
    "fiscalDateEnding": "2016-12-31"
  },
  {
    "date": "2016-10-31",
    "symbol": "WMB",
    "eps": 0.2,
    "epsEstimated": 0.16,
    "time": "bmo",
    "revenue": 1905000000,
    "revenueEstimated": 4048125000,
    "updatedFromDate": "2025-04-25",
    "fiscalDateEnding": "2016-09-30"
  },
  {
    "date": "2016-08-01",
    "symbol": "WMB",
    "eps": 0.19,
    "epsEstimated": 0.19,
    "time": "amc",
    "revenue": 1736000000,
    "revenueEstimated": 642962962,
    "updatedFromDate": "2025-04-25",
    "fiscalDateEnding": "2016-06-30"
  }
]