[
  {
    "date": "2026-05-13",
    "symbol": "WMT",
    "eps": null,
    "epsEstimated": null,
    "time": "bmo",
    "revenue": null,
    "revenueEstimated": null,
    "updatedFromDate": "2025-10-02",
    "fiscalDateEnding": "2026-04-30"
  },
  {
    "date": "2026-02-19",
    "symbol": "WMT",
    "eps": null,
    "epsEstimated": null,
    "time": "bmo",
    "revenue": null,
    "revenueEstimated": null,
    "updatedFromDate": "2025-10-02",
    "fiscalDateEnding": "2026-01-31"
  },
  {
    "date": "2025-11-20",
    "symbol": "WMT",
    "eps": null,
    "epsEstimated": 0.6,
    "time": "bmo",
    "revenue": null,
    "revenueEstimated": 175192094620,
    "updatedFromDate": "2025-10-02",
    "fiscalDateEnding": "2025-10-31"
  },
  {
    "date": "2025-08-21",
    "symbol": "WMT",
    "eps": 0.68,
    "epsEstimated": 0.733,
    "time": "bmo",
    "revenue": 177402000000,
    "revenueEstimated": 175935107465,
    "updatedFromDate": "2025-10-02",
    "fiscalDateEnding": "2025-07-31"
  },
  {
    "date": "2025-05-15",
    "symbol": "WMT",
    "eps": 0.61,
    "epsEstimated": 0.575,
    "time": "bmo",
    "revenue": 165609000000,
    "revenueEstimated": 165619785126,
    "updatedFromDate": "2025-09-19",
    "fiscalDateEnding": "2025-04-30"
  },
  {
    "date": "2025-02-20",
    "symbol": "WMT",
    "eps": 0.66,
    "epsEstimated": 0.646,
    "time": "bmo",
    "revenue": 180554000000,
    "revenueEstimated": 180074350487,
    "updatedFromDate": "2025-09-19",
    "fiscalDateEnding": "2025-01-31"
  },
  {
    "date": "2024-11-19",
    "symbol": "WMT",
    "eps": 0.58,
    "epsEstimated": 0.53,
    "time": "bmo",
    "revenue": 169588000000,
    "revenueEstimated": 167688841190,
    "updatedFromDate": "2025-09-19",
    "fiscalDateEnding": "2024-10-31"
  },
  {
    "date": "2024-08-15",
    "symbol": "WMT",
    "eps": 0.67,
    "epsEstimated": 0.65,
    "time": "bmo",
    "revenue": 169335000000,
    "revenueEstimated": 168564515191,
    "updatedFromDate": "2025-09-19",
    "fiscalDateEnding": "2024-07-31"
  },
  {
    "date": "2024-05-16",
    "symbol": "WMT",
    "eps": 0.6,
    "epsEstimated": 0.52,
    "time": "bmo",
    "revenue": 161508000000,
    "revenueEstimated": 159567835801,
    "updatedFromDate": "2025-09-19",
    "fiscalDateEnding": "2024-04-30"
  },
  {
    "date": "2024-02-20",
    "symbol": "WMT",
    "eps": 0.6,
    "epsEstimated": 0.55,
    "time": "bmo",
    "revenue": 173388000000,
    "revenueEstimated": 170853615528,
    "updatedFromDate": "2025-09-19",
    "fiscalDateEnding": "2024-01-31"
  },
  {
    "date": "2023-11-16",
    "symbol": "WMT",
    "eps": 0.51,
    "epsEstimated": 0.51,
    "time": "bmo",
    "revenue": 160804000000,
    "revenueEstimated": 149821000000,
    "updatedFromDate": "2025-09-19",
    "fiscalDateEnding": "2023-10-31"
  },
  {
    "date": "2023-08-17",
    "symbol": "WMT",
    "eps": 0.61,
    "epsEstimated": 0.56,
    "time": "bmo",
    "revenue": 161632000000,
    "revenueEstimated": 160271000000,
    "updatedFromDate": "2025-09-19",
    "fiscalDateEnding": "2023-07-31"
  },
  {
    "date": "2023-05-18",
    "symbol": "WMT",
    "eps": 0.49,
    "epsEstimated": 0.44,
    "time": "bmo",
    "revenue": 152301000000,
    "revenueEstimated": 148653000000,
    "updatedFromDate": "2025-09-19",
    "fiscalDateEnding": "2023-04-30"
  },
  {
    "date": "2022-11-15",
    "symbol": "WMT",
    "eps": 0.5,
    "epsEstimated": 0.44,
    "time": "bmo",
    "revenue": 152813000000,
    "revenueEstimated": 147667801623,
    "updatedFromDate": "2025-09-19",
    "fiscalDateEnding": "2022-10-31"
  },
  {
    "date": "2022-08-16",
    "symbol": "WMT",
    "eps": 0.59,
    "epsEstimated": 0.53,
    "time": "bmo",
    "revenue": 152859000000,
    "revenueEstimated": 150994235054,
    "updatedFromDate": "2025-09-19",
    "fiscalDateEnding": "2022-07-31"
  },
  {
    "date": "2022-05-17",
    "symbol": "WMT",
    "eps": 0.43,
    "epsEstimated": 0.49,
    "time": "bmo",
    "revenue": 141569000000,
    "revenueEstimated": 138803387682,
    "updatedFromDate": "2025-09-19",
    "fiscalDateEnding": "2022-04-30"
  },
  {
    "date": "2022-02-17",
    "symbol": "WMT",
    "eps": 0.51,
    "epsEstimated": 0.5,
    "time": "bmo",
    "revenue": 140525000000,
    "revenueEstimated": 151720036005,
    "updatedFromDate": "2025-09-19",
    "fiscalDateEnding": "2021-10-31"
  },
  {
    "date": "2021-08-17",
    "symbol": "WMT",
    "eps": 0.59,
    "epsEstimated": 0.52,
    "time": "bmo",
    "revenue": 141048000000,
    "revenueEstimated": 135739000000,
    "updatedFromDate": "2025-09-19",
    "fiscalDateEnding": "2021-07-31"
  },
  {
    "date": "2021-05-18",
    "symbol": "WMT",
    "eps": 0.56,
    "epsEstimated": 0.41,
    "time": "bmo",
    "revenue": 138310000000,
    "revenueEstimated": 125164834710,
    "updatedFromDate": "2025-09-19",
    "fiscalDateEnding": "2021-04-30"
  },
  {
    "date": "2021-02-18",
    "symbol": "WMT",
    "eps": 0.46,
    "epsEstimated": 0.5,
    "time": "bmo",
    "revenue": 134708000000,
    "revenueEstimated": 164164748344,
    "updatedFromDate": "2025-09-19",
    "fiscalDateEnding": "2020-10-31"
  },
  {
    "date": "2020-08-18",
    "symbol": "WMT",
    "eps": 0.52,
    "epsEstimated": 0.41,
    "time": "bmo",
    "revenue": 137742000000,
    "revenueEstimated": 110370192307,
    "updatedFromDate": "2025-09-19",
    "fiscalDateEnding": "2020-07-31"
  },
  {
    "date": "2020-05-19",
    "symbol": "WMT",
    "eps": 0.39,
    "epsEstimated": 0.37,
    "time": "bmo",
    "revenue": 134622000000,
    "revenueEstimated": 127776813559,
    "updatedFromDate": "2025-09-19",
    "fiscalDateEnding": "2020-04-30"
  },
  {
    "date": "2020-02-18",
    "symbol": "WMT",
    "eps": 0.46,
    "epsEstimated": 0.48,
    "time": "bmo",
    "revenue": 127991000000,
    "revenueEstimated": 120267405172,
    "updatedFromDate": "2025-09-19",
    "fiscalDateEnding": "2019-10-31"
  },
  {
    "date": "2019-08-15",
    "symbol": "WMT",
    "eps": 0.42,
    "epsEstimated": 0.41,
    "time": "bmo",
    "revenue": 130377000000,
    "revenueEstimated": 125244047244,
    "updatedFromDate": "2025-09-19",
    "fiscalDateEnding": "2019-07-31"
  },
  {
    "date": "2019-05-16",
    "symbol": "WMT",
    "eps": 0.38,
    "epsEstimated": 0.34,
    "time": "bmo",
    "revenue": 123925000000,
    "revenueEstimated": 111861504424,
    "updatedFromDate": "2025-09-19",
    "fiscalDateEnding": "2019-04-30"
  },
  {
    "date": "2018-11-15",
    "symbol": "WMT",
    "eps": 0.36,
    "epsEstimated": 0.34,
    "time": "bmo",
    "revenue": 124894000000,
    "revenueEstimated": 116799018518,
    "updatedFromDate": "2025-09-19",
    "fiscalDateEnding": "2018-10-31"
  },
  {
    "date": "2018-08-16",
    "symbol": "WMT",
    "eps": 0.43,
    "epsEstimated": 0.4,
    "time": "bmo",
    "revenue": 128028000000,
    "revenueEstimated": 121080744186,
    "updatedFromDate": "2025-09-19",
    "fiscalDateEnding": "2018-07-31"
  },
  {
    "date": "2018-05-17",
    "symbol": "WMT",
    "eps": 0.38,
    "epsEstimated": 0.37,
    "time": "bmo",
    "revenue": 122690000000,
    "revenueEstimated": 120537543859,
    "updatedFromDate": "2025-09-19",
    "fiscalDateEnding": "2018-04-30"
  },
  {
    "date": "2017-11-16",
    "symbol": "WMT",
    "eps": 0.33,
    "epsEstimated": 0.32,
    "time": "bmo",
    "revenue": 123179000000,
    "revenueEstimated": 119483630000,
    "updatedFromDate": "2025-09-19",
    "fiscalDateEnding": "2017-10-31"
  },
  {
    "date": "2017-08-17",
    "symbol": "WMT",
    "eps": 0.36,
    "epsEstimated": 0.36,
    "time": "bmo",
    "revenue": 123355000000,
    "revenueEstimated": 122212824074,
    "updatedFromDate": "2025-09-19",
    "fiscalDateEnding": "2017-07-31"
  },
  {
    "date": "2017-05-18",
    "symbol": "WMT",
    "eps": 0.33,
    "epsEstimated": 0.32,
    "time": "bmo",
    "revenue": 117542000000,
    "revenueEstimated": 112840320000,
    "updatedFromDate": "2025-09-19",
    "fiscalDateEnding": "2017-04-30"
  },
  {
    "date": "2016-11-17",
    "symbol": "WMT",
    "eps": 0.33,
    "epsEstimated": 0.32,
    "time": "bmo",
    "revenue": 118179000000,
    "revenueEstimated": 115767183673,
    "updatedFromDate": "2025-09-19",
    "fiscalDateEnding": "2016-10-31"
  },
  {
    "date": "2016-08-18",
    "symbol": "WMT",
    "eps": 0.36,
    "epsEstimated": 0.34,
    "time": "bmo",
    "revenue": 120854000000,
    "revenueEstimated": 115206616822,
    "updatedFromDate": "2025-09-19",
    "fiscalDateEnding": "2016-07-31"
  },
  {
    "date": "2016-05-19",
    "symbol": "WMT",
    "eps": 0.33,
    "epsEstimated": 0.29,
    "time": "bmo",
    "revenue": 115904000000,
    "revenueEstimated": 104077061224,
    "updatedFromDate": "2025-09-19",
    "fiscalDateEnding": "2016-04-30"
  },
  {
    "date": "2016-02-18",
    "symbol": "WMT",
    "eps": 0.5,
    "epsEstimated": 0.49,
    "time": "bmo",
    "revenue": 117408000000,
    "revenueEstimated": 127056255033,
    "updatedFromDate": "2025-09-19",
    "fiscalDateEnding": "2015-10-31"
  },
  {
    "date": "2015-08-18",
    "symbol": "WMT",
    "eps": 0.36,
    "epsEstimated": 0.37,
    "time": "bmo",
    "revenue": 120229000000,
    "revenueEstimated": 124681925925,
    "updatedFromDate": "2025-09-19",
    "fiscalDateEnding": "2015-07-31"
  },
  {
    "date": "2015-05-19",
    "symbol": "WMT",
    "eps": 0.34,
    "epsEstimated": 0.35,
    "time": "bmo",
    "revenue": 114826000000,
    "revenueEstimated": 115940815533,
    "updatedFromDate": "2025-09-19",
    "fiscalDateEnding": "2015-04-30"
  },
  {
    "date": "2015-02-19",
    "symbol": "WMT",
    "eps": 0.54,
    "epsEstimated": 0.51,
    "time": "bmo",
    "revenue": 119001000000,
    "revenueEstimated": 125584772727,
    "updatedFromDate": "2025-09-19",
    "fiscalDateEnding": "2014-10-31"
  },
  {
    "date": "2014-08-14",
    "symbol": "WMT",
    "eps": 0.4,
    "epsEstimated": 0.4,
    "time": "bmo",
    "revenue": 120125000000,
    "revenueEstimated": 120125000000,
    "updatedFromDate": "2025-09-19",
    "fiscalDateEnding": "2014-07-31"
  },
  {
    "date": "2014-05-15",
    "symbol": "WMT",
    "eps": 0.38,
    "epsEstimated": 0.38,
    "time": "bmo",
    "revenue": 114960000000,
    "revenueEstimated": 120185454545,
    "updatedFromDate": "2025-09-19",
    "fiscalDateEnding": "2014-04-30"
  }
]