[
  {
    "date": "2026-04-20",
    "symbol": "WRB",
    "eps": null,
    "epsEstimated": null,
    "time": "amc",
    "revenue": null,
    "revenueEstimated": null,
    "updatedFromDate": "2025-10-02",
    "fiscalDateEnding": "2026-03-30"
  },
  {
    "date": "2026-01-26",
    "symbol": "WRB",
    "eps": null,
    "epsEstimated": null,
    "time": "amc",
    "revenue": null,
    "revenueEstimated": null,
    "updatedFromDate": "2025-10-02",
    "fiscalDateEnding": "2025-12-30"
  },
  {
    "date": "2025-10-20",
    "symbol": "WRB",
    "eps": null,
    "epsEstimated": 1.03,
    "time": "amc",
    "revenue": null,
    "revenueEstimated": 3158581000,
    "updatedFromDate": "2025-10-02",
    "fiscalDateEnding": "2025-09-30"
  },
  {
    "date": "2025-07-21",
    "symbol": "WRB",
    "eps": 1.05,
    "epsEstimated": 1.03,
    "time": "amc",
    "revenue": 3670808000,
    "revenueEstimated": 3099985000,
    "updatedFromDate": "2025-10-02",
    "fiscalDateEnding": "2025-06-30"
  },
  {
    "date": "2025-04-21",
    "symbol": "WRB",
    "eps": 1.01,
    "epsEstimated": 0.985,
    "time": "amc",
    "revenue": 3547399000,
    "revenueEstimated": 3015997500,
    "updatedFromDate": "2025-07-20",
    "fiscalDateEnding": "2025-03-31"
  },
  {
    "date": "2025-01-27",
    "symbol": "WRB",
    "eps": 1.13,
    "epsEstimated": 0.959,
    "time": "amc",
    "revenue": 3721268000,
    "revenueEstimated": 2976349600,
    "updatedFromDate": "2025-04-27",
    "fiscalDateEnding": "2024-12-31"
  },
  {
    "date": "2024-10-21",
    "symbol": "WRB",
    "eps": 0.93,
    "epsEstimated": 0.92,
    "time": "amc",
    "revenue": 3400379000,
    "revenueEstimated": 2926639200,
    "updatedFromDate": "2025-04-25",
    "fiscalDateEnding": "2024-09-30"
  },
  {
    "date": "2024-07-22",
    "symbol": "WRB",
    "eps": 1.04,
    "epsEstimated": 0.92,
    "time": "amc",
    "revenue": 3311540000,
    "revenueEstimated": 2843403800,
    "updatedFromDate": "2025-04-25",
    "fiscalDateEnding": "2024-06-30"
  },
  {
    "date": "2024-04-23",
    "symbol": "WRB",
    "eps": 1.04,
    "epsEstimated": 1.43,
    "time": "bmo",
    "revenue": 3269950000,
    "revenueEstimated": 2766486600,
    "updatedFromDate": "2025-04-25",
    "fiscalDateEnding": "2024-03-31"
  },
  {
    "date": "2024-01-24",
    "symbol": "WRB",
    "eps": 0.97,
    "epsEstimated": 0.9,
    "time": "amc",
    "revenue": 3187806000,
    "revenueEstimated": 3211670000,
    "updatedFromDate": "2025-04-25",
    "fiscalDateEnding": "2023-12-31"
  },
  {
    "date": "2023-10-23",
    "symbol": "WRB",
    "eps": 0.9,
    "epsEstimated": 0.76,
    "time": "amc",
    "revenue": 3053136000,
    "revenueEstimated": 3069710000,
    "updatedFromDate": "2025-04-25",
    "fiscalDateEnding": "2023-09-30"
  },
  {
    "date": "2023-07-20",
    "symbol": "WRB",
    "eps": 0.76,
    "epsEstimated": 0.71,
    "time": "amc",
    "revenue": 2984688000,
    "revenueEstimated": 3068560000,
    "updatedFromDate": "2025-04-25",
    "fiscalDateEnding": "2023-06-30"
  },
  {
    "date": "2023-04-20",
    "symbol": "WRB",
    "eps": 0.67,
    "epsEstimated": 0.79,
    "time": "amc",
    "revenue": 2885509000,
    "revenueEstimated": 2862610000,
    "updatedFromDate": "2025-04-25",
    "fiscalDateEnding": "2023-03-31"
  },
  {
    "date": "2023-01-26",
    "symbol": "WRB",
    "eps": 0.77,
    "epsEstimated": 0.71,
    "time": "amc",
    "revenue": 2979672000,
    "revenueEstimated": 2503017333,
    "updatedFromDate": "2025-04-25",
    "fiscalDateEnding": "2022-12-31"
  },
  {
    "date": "2022-10-24",
    "symbol": "WRB",
    "eps": 0.67,
    "epsEstimated": 0.55,
    "time": "amc",
    "revenue": 2765465000,
    "revenueEstimated": 2438572000,
    "updatedFromDate": "2025-04-25",
    "fiscalDateEnding": "2022-09-30"
  },
  {
    "date": "2022-07-21",
    "symbol": "WRB",
    "eps": 0.75,
    "epsEstimated": 0.56,
    "time": "amc",
    "revenue": 2552714000,
    "revenueEstimated": 2323268000,
    "updatedFromDate": "2025-04-25",
    "fiscalDateEnding": "2022-06-30"
  },
  {
    "date": "2022-04-25",
    "symbol": "WRB",
    "eps": 0.73,
    "epsEstimated": 0.61,
    "time": "amc",
    "revenue": 2919577000,
    "revenueEstimated": 2258058333,
    "updatedFromDate": "2025-04-25",
    "fiscalDateEnding": "2022-03-31"
  },
  {
    "date": "2022-01-27",
    "symbol": "WRB",
    "eps": 0.68,
    "epsEstimated": 0.54,
    "time": "amc",
    "revenue": 2584738000,
    "revenueEstimated": 2520770000,
    "updatedFromDate": "2025-04-25",
    "fiscalDateEnding": "2021-12-31"
  },
  {
    "date": "2021-10-21",
    "symbol": "WRB",
    "eps": 0.59,
    "epsEstimated": 0.42,
    "time": "amc",
    "revenue": 2436780000,
    "revenueEstimated": 2294100000,
    "updatedFromDate": "2025-04-25",
    "fiscalDateEnding": "2021-09-30"
  },
  {
    "date": "2021-07-22",
    "symbol": "WRB",
    "eps": 0.52,
    "epsEstimated": 0.43,
    "time": "amc",
    "revenue": 2297211000,
    "revenueEstimated": 2294100000,
    "updatedFromDate": "2025-04-25",
    "fiscalDateEnding": "2021-06-30"
  },
  {
    "date": "2021-04-20",
    "symbol": "WRB",
    "eps": 0.48,
    "epsEstimated": 0.4,
    "time": "amc",
    "revenue": 2162463000,
    "revenueEstimated": 2104340000,
    "updatedFromDate": "2025-04-25",
    "fiscalDateEnding": "2021-03-31"
  },
  {
    "date": "2021-01-26",
    "symbol": "WRB",
    "eps": 0.41,
    "epsEstimated": 0.35,
    "time": "amc",
    "revenue": 2288264000,
    "revenueEstimated": 1911713392,
    "updatedFromDate": "2025-04-25",
    "fiscalDateEnding": "2020-12-31"
  },
  {
    "date": "2020-10-20",
    "symbol": "WRB",
    "eps": 0.29,
    "epsEstimated": 0.28,
    "time": "amc",
    "revenue": 2034741000,
    "revenueEstimated": 2124510029,
    "updatedFromDate": "2025-04-25",
    "fiscalDateEnding": "2020-09-30"
  },
  {
    "date": "2020-07-21",
    "symbol": "WRB",
    "eps": 0.03,
    "epsEstimated": 0.1,
    "time": "amc",
    "revenue": 1943408000,
    "revenueEstimated": 7681743333,
    "updatedFromDate": "2025-04-25",
    "fiscalDateEnding": "2020-06-30"
  },
  {
    "date": "2020-04-21",
    "symbol": "WRB",
    "eps": 0.31,
    "epsEstimated": 0.32,
    "time": "amc",
    "revenue": 1832151000,
    "revenueEstimated": 1944399333,
    "updatedFromDate": "2025-04-25",
    "fiscalDateEnding": "2020-03-31"
  },
  {
    "date": "2020-01-28",
    "symbol": "WRB",
    "eps": 0.32,
    "epsEstimated": 0.32,
    "time": "amc",
    "revenue": 1977705000,
    "revenueEstimated": 1861727000,
    "updatedFromDate": "2025-04-25",
    "fiscalDateEnding": "2019-12-31"
  },
  {
    "date": "2019-10-22",
    "symbol": "WRB",
    "eps": 0.37,
    "epsEstimated": 0.29,
    "time": "amc",
    "revenue": 1988306000,
    "revenueEstimated": 1420840623,
    "updatedFromDate": "2025-04-25",
    "fiscalDateEnding": "2019-09-30"
  },
  {
    "date": "2019-07-23",
    "symbol": "WRB",
    "eps": 0.36,
    "epsEstimated": 0.28,
    "time": "amc",
    "revenue": 2022914000,
    "revenueEstimated": 1374811317,
    "updatedFromDate": "2025-04-25",
    "fiscalDateEnding": "2019-06-30"
  },
  {
    "date": "2019-04-23",
    "symbol": "WRB",
    "eps": 0.44,
    "epsEstimated": 0.44,
    "time": "amc",
    "revenue": 1943986000,
    "revenueEstimated": 1710115000,
    "updatedFromDate": "2025-04-25",
    "fiscalDateEnding": "2019-03-31"
  },
  {
    "date": "2019-01-29",
    "symbol": "WRB",
    "eps": 0.27,
    "epsEstimated": 0.23,
    "time": "amc",
    "revenue": 1956619000,
    "revenueEstimated": 1495533809,
    "updatedFromDate": "2025-04-25",
    "fiscalDateEnding": "2018-12-31"
  },
  {
    "date": "2018-10-23",
    "symbol": "WRB",
    "eps": 0.33,
    "epsEstimated": 0.25,
    "time": "amc",
    "revenue": 1955169000,
    "revenueEstimated": 1291285333,
    "updatedFromDate": "2025-04-25",
    "fiscalDateEnding": "2018-09-30"
  },
  {
    "date": "2018-07-24",
    "symbol": "WRB",
    "eps": 0.29,
    "epsEstimated": 0.24,
    "time": "amc",
    "revenue": 1929167000,
    "revenueEstimated": 1453846153,
    "updatedFromDate": "2025-04-25",
    "fiscalDateEnding": "2018-06-30"
  },
  {
    "date": "2018-04-24",
    "symbol": "WRB",
    "eps": 0.3,
    "epsEstimated": 0.26,
    "time": "amc",
    "revenue": 1877763000,
    "revenueEstimated": 1493999999,
    "updatedFromDate": "2025-04-25",
    "fiscalDateEnding": "2018-03-31"
  },
  {
    "date": "2018-01-30",
    "symbol": "WRB",
    "eps": 0.23,
    "epsEstimated": 0.22,
    "time": "amc",
    "revenue": 1933944000,
    "revenueEstimated": 1726700000,
    "updatedFromDate": "2025-04-25",
    "fiscalDateEnding": "2017-12-31"
  },
  {
    "date": "2017-10-24",
    "symbol": "WRB",
    "eps": 0.11,
    "epsEstimated": 0.09,
    "time": "amc",
    "revenue": 2029563000,
    "revenueEstimated": 1472413636,
    "updatedFromDate": "2025-04-25",
    "fiscalDateEnding": "2017-09-30"
  },
  {
    "date": "2017-07-25",
    "symbol": "WRB",
    "eps": 0.19,
    "epsEstimated": 0.22,
    "time": "amc",
    "revenue": 1841081000,
    "revenueEstimated": 1983425581,
    "updatedFromDate": "2025-04-25",
    "fiscalDateEnding": "2017-06-30"
  },
  {
    "date": "2017-04-24",
    "symbol": "WRB",
    "eps": 0.21,
    "epsEstimated": 0.22,
    "time": "amc",
    "revenue": 1864910000,
    "revenueEstimated": 1633685106,
    "updatedFromDate": "2025-04-25",
    "fiscalDateEnding": "2017-03-31"
  },
  {
    "date": "2017-01-31",
    "symbol": "WRB",
    "eps": 0.24,
    "epsEstimated": 0.25,
    "time": "amc",
    "revenue": 1971688000,
    "revenueEstimated": 1650080487,
    "updatedFromDate": "2025-04-25",
    "fiscalDateEnding": "2016-12-31"
  },
  {
    "date": "2016-10-25",
    "symbol": "WRB",
    "eps": 0.26,
    "epsEstimated": 0.26,
    "time": "amc",
    "revenue": 2021920000,
    "revenueEstimated": 1640403409,
    "updatedFromDate": "2025-04-25",
    "fiscalDateEnding": "2016-09-30"
  },
  {
    "date": "2016-07-25",
    "symbol": "WRB",
    "eps": 0.24,
    "epsEstimated": 0.23,
    "time": "amc",
    "revenue": 1868998000,
    "revenueEstimated": 1615309756,
    "updatedFromDate": "2025-04-25",
    "fiscalDateEnding": "2016-06-30"
  }
]