[
  {
    "date": "2026-05-20",
    "symbol": "WSM",
    "eps": null,
    "epsEstimated": null,
    "time": "bmo",
    "revenue": null,
    "revenueEstimated": null,
    "updatedFromDate": "2025-10-02",
    "fiscalDateEnding": "2026-05-03"
  },
  {
    "date": "2026-03-17",
    "symbol": "WSM",
    "eps": null,
    "epsEstimated": null,
    "time": "bmo",
    "revenue": null,
    "revenueEstimated": null,
    "updatedFromDate": "2025-10-02",
    "fiscalDateEnding": "2026-02-03"
  },
  {
    "date": "2025-11-19",
    "symbol": "WSM",
    "eps": null,
    "epsEstimated": 1.87,
    "time": "bmo",
    "revenue": null,
    "revenueEstimated": null,
    "updatedFromDate": "2025-10-02",
    "fiscalDateEnding": "2025-11-03"
  },
  {
    "date": "2025-08-27",
    "symbol": "WSM",
    "eps": 2,
    "epsEstimated": 1.81,
    "time": "bmo",
    "revenue": 1836760000,
    "revenueEstimated": 1828875149,
    "updatedFromDate": "2025-10-02",
    "fiscalDateEnding": "2025-08-03"
  },
  {
    "date": "2025-05-22",
    "symbol": "WSM",
    "eps": 1.85,
    "epsEstimated": 1.76,
    "time": "bmo",
    "revenue": 1730113000,
    "revenueEstimated": 1666996343,
    "updatedFromDate": "2025-08-22",
    "fiscalDateEnding": "2025-05-04"
  },
  {
    "date": "2025-03-19",
    "symbol": "WSM",
    "eps": 3.28,
    "epsEstimated": 2.94,
    "time": "bmo",
    "revenue": 2462218000,
    "revenueEstimated": 2355847449,
    "updatedFromDate": "2025-06-19",
    "fiscalDateEnding": "2025-02-02"
  },
  {
    "date": "2024-11-20",
    "symbol": "WSM",
    "eps": 1.96,
    "epsEstimated": 1.76,
    "time": "bmo",
    "revenue": 1800668000,
    "revenueEstimated": 1781727108,
    "updatedFromDate": "2025-04-25",
    "fiscalDateEnding": "2024-10-27"
  },
  {
    "date": "2024-08-22",
    "symbol": "WSM",
    "eps": 1.74,
    "epsEstimated": 1.6,
    "time": "bmo",
    "revenue": 1788307000,
    "revenueEstimated": 1810422428,
    "updatedFromDate": "2025-04-25",
    "fiscalDateEnding": "2024-07-28"
  },
  {
    "date": "2024-05-22",
    "symbol": "WSM",
    "eps": 2.04,
    "epsEstimated": 2.74,
    "time": "bmo",
    "revenue": 1660348000,
    "revenueEstimated": 1653525757,
    "updatedFromDate": "2025-04-25",
    "fiscalDateEnding": "2024-04-28"
  },
  {
    "date": "2024-03-13",
    "symbol": "WSM",
    "eps": 2.72,
    "epsEstimated": 2.53,
    "time": "bmo",
    "revenue": 2278937000,
    "revenueEstimated": 2232500000,
    "updatedFromDate": "2025-04-25",
    "fiscalDateEnding": "2024-01-28"
  },
  {
    "date": "2023-11-16",
    "symbol": "WSM",
    "eps": 1.83,
    "epsEstimated": 1.67,
    "time": "bmo",
    "revenue": 1853650000,
    "revenueEstimated": 2225880000,
    "updatedFromDate": "2025-04-25",
    "fiscalDateEnding": "2023-10-29"
  },
  {
    "date": "2023-08-23",
    "symbol": "WSM",
    "eps": 1.56,
    "epsEstimated": 1.36,
    "time": "bmo",
    "revenue": 1862614000,
    "revenueEstimated": 1956030000,
    "updatedFromDate": "2025-04-25",
    "fiscalDateEnding": "2023-07-30"
  },
  {
    "date": "2023-05-23",
    "symbol": "WSM",
    "eps": 1.32,
    "epsEstimated": 1.21,
    "time": "bmo",
    "revenue": 1755451000,
    "revenueEstimated": 1797790000,
    "updatedFromDate": "2025-04-25",
    "fiscalDateEnding": "2023-04-30"
  },
  {
    "date": "2023-03-16",
    "symbol": "WSM",
    "eps": 2.75,
    "epsEstimated": 2.71,
    "time": "bmo",
    "revenue": 2453079000,
    "revenueEstimated": 2601590000,
    "updatedFromDate": "2025-04-25",
    "fiscalDateEnding": "2023-01-29"
  },
  {
    "date": "2022-11-17",
    "symbol": "WSM",
    "eps": 1.86,
    "epsEstimated": 1.89,
    "time": "amc",
    "revenue": 2192574000,
    "revenueEstimated": 2151022925,
    "updatedFromDate": "2025-04-25",
    "fiscalDateEnding": "2022-10-30"
  },
  {
    "date": "2022-08-24",
    "symbol": "WSM",
    "eps": 1.94,
    "epsEstimated": 1.77,
    "time": "amc",
    "revenue": 2137537000,
    "revenueEstimated": 2029500460,
    "updatedFromDate": "2025-04-25",
    "fiscalDateEnding": "2022-07-31"
  },
  {
    "date": "2022-05-25",
    "symbol": "WSM",
    "eps": 1.75,
    "epsEstimated": 1.5,
    "time": "amc",
    "revenue": 1891227000,
    "revenueEstimated": 1810694108,
    "updatedFromDate": "2025-04-25",
    "fiscalDateEnding": "2022-05-01"
  },
  {
    "date": "2022-03-16",
    "symbol": "WSM",
    "eps": 2.71,
    "epsEstimated": 2.39,
    "time": "amc",
    "revenue": 2501029000,
    "revenueEstimated": 2575733476,
    "updatedFromDate": "2025-04-25",
    "fiscalDateEnding": "2022-01-30"
  },
  {
    "date": "2021-11-18",
    "symbol": "WSM",
    "eps": 1.66,
    "epsEstimated": 1.56,
    "time": "amc",
    "revenue": 2047539000,
    "revenueEstimated": 1967330000,
    "updatedFromDate": "2025-04-25",
    "fiscalDateEnding": "2021-10-31"
  },
  {
    "date": "2021-08-25",
    "symbol": "WSM",
    "eps": 1.62,
    "epsEstimated": 1.28,
    "time": "amc",
    "revenue": 1948339000,
    "revenueEstimated": 1967330000,
    "updatedFromDate": "2025-04-25",
    "fiscalDateEnding": "2021-08-01"
  },
  {
    "date": "2021-05-26",
    "symbol": "WSM",
    "eps": 1.47,
    "epsEstimated": 0.93,
    "time": "amc",
    "revenue": 1749029000,
    "revenueEstimated": 1507310000,
    "updatedFromDate": "2025-04-25",
    "fiscalDateEnding": "2021-05-02"
  },
  {
    "date": "2021-03-17",
    "symbol": "WSM",
    "eps": 1.98,
    "epsEstimated": 1.7,
    "time": "amc",
    "revenue": 2292673000,
    "revenueEstimated": 1913942356,
    "updatedFromDate": "2025-04-25",
    "fiscalDateEnding": "2021-01-31"
  },
  {
    "date": "2020-11-19",
    "symbol": "WSM",
    "eps": 1.28,
    "epsEstimated": 0.76,
    "time": "amc",
    "revenue": 1764536000,
    "revenueEstimated": null,
    "updatedFromDate": "2025-04-25",
    "fiscalDateEnding": "2020-11-01"
  },
  {
    "date": "2020-08-26",
    "symbol": "WSM",
    "eps": 0.9,
    "epsEstimated": 0.5,
    "time": "amc",
    "revenue": 1490777000,
    "revenueEstimated": 828209444,
    "updatedFromDate": "2025-04-25",
    "fiscalDateEnding": "2020-08-02"
  },
  {
    "date": "2020-05-28",
    "symbol": "WSM",
    "eps": 0.37,
    "epsEstimated": 0.05,
    "time": "amc",
    "revenue": 1235203000,
    "revenueEstimated": 33383864,
    "updatedFromDate": "2025-04-25",
    "fiscalDateEnding": "2020-05-03"
  },
  {
    "date": "2020-03-18",
    "symbol": "WSM",
    "eps": 1.07,
    "epsEstimated": 1.03,
    "time": "amc",
    "revenue": 1843590000,
    "revenueEstimated": 1774347183,
    "updatedFromDate": "2025-04-25",
    "fiscalDateEnding": "2020-02-02"
  },
  {
    "date": "2019-11-21",
    "symbol": "WSM",
    "eps": 0.51,
    "epsEstimated": 0.5,
    "time": "amc",
    "revenue": 1442472000,
    "revenueEstimated": 1442472000,
    "updatedFromDate": "2025-04-25",
    "fiscalDateEnding": "2019-11-03"
  },
  {
    "date": "2019-08-28",
    "symbol": "WSM",
    "eps": 0.44,
    "epsEstimated": 0.42,
    "time": "amc",
    "revenue": 1370814000,
    "revenueEstimated": 1323544551,
    "updatedFromDate": "2025-04-25",
    "fiscalDateEnding": "2019-08-04"
  },
  {
    "date": "2019-05-30",
    "symbol": "WSM",
    "eps": 0.41,
    "epsEstimated": 0.34,
    "time": "amc",
    "revenue": 1241132000,
    "revenueEstimated": 1057260592,
    "updatedFromDate": "2025-04-25",
    "fiscalDateEnding": "2019-05-05"
  },
  {
    "date": "2019-03-20",
    "symbol": "WSM",
    "eps": 1.05,
    "epsEstimated": 0.99,
    "time": "amc",
    "revenue": 1836436000,
    "revenueEstimated": 1722751866,
    "updatedFromDate": "2025-04-25",
    "fiscalDateEnding": "2019-02-03"
  },
  {
    "date": "2018-11-15",
    "symbol": "WSM",
    "eps": 0.48,
    "epsEstimated": 0.47,
    "time": "amc",
    "revenue": 1356983000,
    "revenueEstimated": 1342698968,
    "updatedFromDate": "2025-04-25",
    "fiscalDateEnding": "2018-10-28"
  },
  {
    "date": "2018-08-22",
    "symbol": "WSM",
    "eps": 0.39,
    "epsEstimated": 0.34,
    "time": "amc",
    "revenue": 1275174000,
    "revenueEstimated": 1126150649,
    "updatedFromDate": "2025-04-25",
    "fiscalDateEnding": "2018-07-29"
  },
  {
    "date": "2018-05-23",
    "symbol": "WSM",
    "eps": 0.34,
    "epsEstimated": 0.29,
    "time": "amc",
    "revenue": 1203000000,
    "revenueEstimated": 1041402985,
    "updatedFromDate": "2025-04-25",
    "fiscalDateEnding": "2018-04-29"
  },
  {
    "date": "2018-03-14",
    "symbol": "WSM",
    "eps": 0.84,
    "epsEstimated": 0.82,
    "time": "amc",
    "revenue": 1679910000,
    "revenueEstimated": 1609904166,
    "updatedFromDate": "2025-04-25",
    "fiscalDateEnding": "2018-01-28"
  },
  {
    "date": "2017-11-16",
    "symbol": "WSM",
    "eps": 0.42,
    "epsEstimated": 0.42,
    "time": "amc",
    "revenue": 1299336000,
    "revenueEstimated": 1299300000,
    "updatedFromDate": "2025-04-25",
    "fiscalDateEnding": "2017-10-29"
  },
  {
    "date": "2017-08-23",
    "symbol": "WSM",
    "eps": 0.31,
    "epsEstimated": 0.3,
    "time": "amc",
    "revenue": 1201606000,
    "revenueEstimated": 1162203278,
    "updatedFromDate": "2025-04-25",
    "fiscalDateEnding": "2017-07-30"
  },
  {
    "date": "2017-05-24",
    "symbol": "WSM",
    "eps": 0.26,
    "epsEstimated": 0.24,
    "time": "amc",
    "revenue": 1111507000,
    "revenueEstimated": 1067911764,
    "updatedFromDate": "2025-04-25",
    "fiscalDateEnding": "2017-04-30"
  },
  {
    "date": "2017-03-15",
    "symbol": "WSM",
    "eps": 0.78,
    "epsEstimated": 0.75,
    "time": "amc",
    "revenue": 1581581000,
    "revenueEstimated": 1540784516,
    "updatedFromDate": "2025-04-25",
    "fiscalDateEnding": "2017-01-29"
  },
  {
    "date": "2016-11-17",
    "symbol": "WSM",
    "eps": 0.4,
    "epsEstimated": 0.39,
    "time": "amc",
    "revenue": 1245385000,
    "revenueEstimated": 1213870886,
    "updatedFromDate": "2025-04-25",
    "fiscalDateEnding": "2016-10-30"
  },
  {
    "date": "2016-08-24",
    "symbol": "WSM",
    "eps": 0.29,
    "epsEstimated": 0.29,
    "time": "amc",
    "revenue": 1159029000,
    "revenueEstimated": 1159000000,
    "updatedFromDate": "2025-04-25",
    "fiscalDateEnding": "2016-07-31"
  }
]