[
  {
    "date": "2026-04-22",
    "symbol": "WST",
    "eps": null,
    "epsEstimated": null,
    "time": "bmo",
    "revenue": null,
    "revenueEstimated": null,
    "updatedFromDate": "2025-10-02",
    "fiscalDateEnding": "2026-03-30"
  },
  {
    "date": "2026-02-11",
    "symbol": "WST",
    "eps": null,
    "epsEstimated": null,
    "time": "bmo",
    "revenue": null,
    "revenueEstimated": null,
    "updatedFromDate": "2025-10-02",
    "fiscalDateEnding": "2025-12-30"
  },
  {
    "date": "2025-10-23",
    "symbol": "WST",
    "eps": null,
    "epsEstimated": 1.67,
    "time": "bmo",
    "revenue": null,
    "revenueEstimated": 788414610,
    "updatedFromDate": "2025-10-02",
    "fiscalDateEnding": "2025-09-30"
  },
  {
    "date": "2025-07-24",
    "symbol": "WST",
    "eps": 1.84,
    "epsEstimated": 1.51,
    "time": "bmo",
    "revenue": 766200000,
    "revenueEstimated": 726090818,
    "updatedFromDate": "2025-10-02",
    "fiscalDateEnding": "2025-06-30"
  },
  {
    "date": "2025-04-24",
    "symbol": "WST",
    "eps": 1.45,
    "epsEstimated": 1.22,
    "time": "bmo",
    "revenue": 698000000,
    "revenueEstimated": 712977980,
    "updatedFromDate": "2025-04-25",
    "fiscalDateEnding": "2025-03-30"
  },
  {
    "date": "2025-02-13",
    "symbol": "WST",
    "eps": 1.82,
    "epsEstimated": 1.71,
    "time": "bmo",
    "revenue": 748800000,
    "revenueEstimated": 740471025,
    "updatedFromDate": "2025-05-13",
    "fiscalDateEnding": "2024-12-31"
  },
  {
    "date": "2024-10-24",
    "symbol": "WST",
    "eps": 1.85,
    "epsEstimated": 1.5,
    "time": "bmo",
    "revenue": 746900000,
    "revenueEstimated": 709620989,
    "updatedFromDate": "2025-04-25",
    "fiscalDateEnding": "2024-09-30"
  },
  {
    "date": "2024-07-25",
    "symbol": "WST",
    "eps": 1.52,
    "epsEstimated": 1.74,
    "time": "bmo",
    "revenue": 702000000,
    "revenueEstimated": 729361454,
    "updatedFromDate": "2025-04-25",
    "fiscalDateEnding": "2024-06-30"
  },
  {
    "date": "2024-04-25",
    "symbol": "WST",
    "eps": 1.56,
    "epsEstimated": 1.26,
    "time": "bmo",
    "revenue": 695400000,
    "revenueEstimated": 670624058,
    "updatedFromDate": "2025-04-25",
    "fiscalDateEnding": "2024-03-31"
  },
  {
    "date": "2024-02-15",
    "symbol": "WST",
    "eps": 1.83,
    "epsEstimated": 1.78,
    "time": "bmo",
    "revenue": 732000000,
    "revenueEstimated": 739470000,
    "updatedFromDate": "2025-04-25",
    "fiscalDateEnding": "2023-12-31"
  },
  {
    "date": "2023-10-26",
    "symbol": "WST",
    "eps": 2.16,
    "epsEstimated": 1.86,
    "time": "bmo",
    "revenue": 747400000,
    "revenueEstimated": 750310000,
    "updatedFromDate": "2025-04-25",
    "fiscalDateEnding": "2023-09-30"
  },
  {
    "date": "2023-07-27",
    "symbol": "WST",
    "eps": 2.11,
    "epsEstimated": 1.93,
    "time": "bmo",
    "revenue": 753800000,
    "revenueEstimated": 756530000,
    "updatedFromDate": "2025-04-25",
    "fiscalDateEnding": "2023-06-30"
  },
  {
    "date": "2023-04-27",
    "symbol": "WST",
    "eps": 1.98,
    "epsEstimated": 1.67,
    "time": "bmo",
    "revenue": 716600000,
    "revenueEstimated": 698190000,
    "updatedFromDate": "2025-04-25",
    "fiscalDateEnding": "2023-03-31"
  },
  {
    "date": "2023-02-16",
    "symbol": "WST",
    "eps": 1.77,
    "epsEstimated": 1.38,
    "time": "bmo",
    "revenue": 708700000,
    "revenueEstimated": 657165746,
    "updatedFromDate": "2025-04-25",
    "fiscalDateEnding": "2022-12-31"
  },
  {
    "date": "2022-10-27",
    "symbol": "WST",
    "eps": 2.03,
    "epsEstimated": 2.12,
    "time": "bmo",
    "revenue": 686900000,
    "revenueEstimated": 727416982,
    "updatedFromDate": "2025-04-25",
    "fiscalDateEnding": "2022-09-30"
  },
  {
    "date": "2022-07-28",
    "symbol": "WST",
    "eps": 2.47,
    "epsEstimated": 2.21,
    "time": "bmo",
    "revenue": 771300000,
    "revenueEstimated": 754251233,
    "updatedFromDate": "2025-04-25",
    "fiscalDateEnding": "2022-06-30"
  },
  {
    "date": "2022-04-28",
    "symbol": "WST",
    "eps": 2.3,
    "epsEstimated": 2.12,
    "time": "bmo",
    "revenue": 720000000,
    "revenueEstimated": 720922500,
    "updatedFromDate": "2025-04-25",
    "fiscalDateEnding": "2022-03-31"
  },
  {
    "date": "2022-02-17",
    "symbol": "WST",
    "eps": 2.04,
    "epsEstimated": 1.92,
    "time": "bmo",
    "revenue": 730800000,
    "revenueEstimated": 710196000,
    "updatedFromDate": "2025-04-25",
    "fiscalDateEnding": "2021-12-31"
  },
  {
    "date": "2021-10-28",
    "symbol": "WST",
    "eps": 2.06,
    "epsEstimated": 1.8,
    "time": "bmo",
    "revenue": 706500000,
    "revenueEstimated": 687090000,
    "updatedFromDate": "2025-04-25",
    "fiscalDateEnding": "2021-09-30"
  },
  {
    "date": "2021-07-29",
    "symbol": "WST",
    "eps": 2.46,
    "epsEstimated": 1.74,
    "time": "bmo",
    "revenue": 723600000,
    "revenueEstimated": 669380000,
    "updatedFromDate": "2025-04-25",
    "fiscalDateEnding": "2021-06-30"
  },
  {
    "date": "2021-04-29",
    "symbol": "WST",
    "eps": 2.05,
    "epsEstimated": 1.43,
    "time": "bmo",
    "revenue": 670700000,
    "revenueEstimated": 611390000,
    "updatedFromDate": "2025-04-25",
    "fiscalDateEnding": "2021-03-31"
  },
  {
    "date": "2021-02-18",
    "symbol": "WST",
    "eps": 1.34,
    "epsEstimated": 1.13,
    "time": "bmo",
    "revenue": 580200000,
    "revenueEstimated": 543670000,
    "updatedFromDate": "2025-04-25",
    "fiscalDateEnding": "2020-12-31"
  },
  {
    "date": "2020-10-22",
    "symbol": "WST",
    "eps": 1.15,
    "epsEstimated": 1,
    "time": "bmo",
    "revenue": 548000000,
    "revenueEstimated": 476521739,
    "updatedFromDate": "2025-04-25",
    "fiscalDateEnding": "2020-09-30"
  },
  {
    "date": "2020-07-23",
    "symbol": "WST",
    "eps": 1.25,
    "epsEstimated": 0.91,
    "time": "bmo",
    "revenue": 527200000,
    "revenueEstimated": 383801600,
    "updatedFromDate": "2025-04-25",
    "fiscalDateEnding": "2020-06-30"
  },
  {
    "date": "2020-04-23",
    "symbol": "WST",
    "eps": 1.01,
    "epsEstimated": 0.82,
    "time": "bmo",
    "revenue": 491500000,
    "revenueEstimated": 399039603,
    "updatedFromDate": "2025-04-25",
    "fiscalDateEnding": "2020-03-31"
  },
  {
    "date": "2020-02-13",
    "symbol": "WST",
    "eps": 0.82,
    "epsEstimated": 0.72,
    "time": "bmo",
    "revenue": 470600000,
    "revenueEstimated": 413209756,
    "updatedFromDate": "2025-04-25",
    "fiscalDateEnding": "2019-12-31"
  },
  {
    "date": "2019-10-24",
    "symbol": "WST",
    "eps": 0.79,
    "epsEstimated": 0.71,
    "time": "bmo",
    "revenue": 456100000,
    "revenueEstimated": 409912658,
    "updatedFromDate": "2025-04-25",
    "fiscalDateEnding": "2019-09-30"
  },
  {
    "date": "2019-07-25",
    "symbol": "WST",
    "eps": 0.89,
    "epsEstimated": 0.72,
    "time": "bmo",
    "revenue": 469700000,
    "revenueEstimated": 379982022,
    "updatedFromDate": "2025-04-25",
    "fiscalDateEnding": "2019-06-30"
  },
  {
    "date": "2019-04-25",
    "symbol": "WST",
    "eps": 0.74,
    "epsEstimated": 0.66,
    "time": "bmo",
    "revenue": 443500000,
    "revenueEstimated": 395554054,
    "updatedFromDate": "2025-04-25",
    "fiscalDateEnding": "2019-03-31"
  },
  {
    "date": "2019-02-14",
    "symbol": "WST",
    "eps": 0.73,
    "epsEstimated": 0.72,
    "time": "bmo",
    "revenue": 422500000,
    "revenueEstimated": 416712328,
    "updatedFromDate": "2025-04-25",
    "fiscalDateEnding": "2018-12-31"
  },
  {
    "date": "2018-10-25",
    "symbol": "WST",
    "eps": 0.76,
    "epsEstimated": 0.7,
    "time": "bmo",
    "revenue": 431700000,
    "revenueEstimated": 397618421,
    "updatedFromDate": "2025-04-25",
    "fiscalDateEnding": "2018-09-30"
  },
  {
    "date": "2018-07-26",
    "symbol": "WST",
    "eps": 0.7,
    "epsEstimated": 0.67,
    "time": "bmo",
    "revenue": 447500000,
    "revenueEstimated": 428321428,
    "updatedFromDate": "2025-04-25",
    "fiscalDateEnding": "2018-06-30"
  },
  {
    "date": "2018-04-26",
    "symbol": "WST",
    "eps": 0.62,
    "epsEstimated": 0.64,
    "time": "bmo",
    "revenue": 415700000,
    "revenueEstimated": 429109677,
    "updatedFromDate": "2025-04-25",
    "fiscalDateEnding": "2018-03-31"
  },
  {
    "date": "2018-02-15",
    "symbol": "WST",
    "eps": 0.64,
    "epsEstimated": 0.62,
    "time": "bmo",
    "revenue": 415600000,
    "revenueEstimated": 409106250,
    "updatedFromDate": "2025-04-25",
    "fiscalDateEnding": "2017-12-31"
  },
  {
    "date": "2017-10-26",
    "symbol": "WST",
    "eps": 0.67,
    "epsEstimated": 0.53,
    "time": "bmo",
    "revenue": 398200000,
    "revenueEstimated": 314994029,
    "updatedFromDate": "2025-04-25",
    "fiscalDateEnding": "2017-09-30"
  },
  {
    "date": "2017-07-27",
    "symbol": "WST",
    "eps": 0.66,
    "epsEstimated": 0.65,
    "time": "bmo",
    "revenue": 397600000,
    "revenueEstimated": 391575757,
    "updatedFromDate": "2025-04-25",
    "fiscalDateEnding": "2017-06-30"
  },
  {
    "date": "2017-04-27",
    "symbol": "WST",
    "eps": 0.6,
    "epsEstimated": 0.55,
    "time": "bmo",
    "revenue": 387700000,
    "revenueEstimated": 263253086,
    "updatedFromDate": "2025-04-25",
    "fiscalDateEnding": "2017-03-31"
  },
  {
    "date": "2017-02-16",
    "symbol": "WST",
    "eps": 0.54,
    "epsEstimated": 0.56,
    "time": "bmo",
    "revenue": 382300000,
    "revenueEstimated": 396459259,
    "updatedFromDate": "2025-04-25",
    "fiscalDateEnding": "2016-12-31"
  },
  {
    "date": "2016-10-27",
    "symbol": "WST",
    "eps": 0.53,
    "epsEstimated": 0.53,
    "time": "bmo",
    "revenue": 376700000,
    "revenueEstimated": 376700000,
    "updatedFromDate": "2025-04-25",
    "fiscalDateEnding": "2016-09-30"
  },
  {
    "date": "2016-07-28",
    "symbol": "WST",
    "eps": 0.59,
    "epsEstimated": 0.56,
    "time": "bmo",
    "revenue": 388000000,
    "revenueEstimated": 368271186,
    "updatedFromDate": "2025-04-25",
    "fiscalDateEnding": "2016-06-30"
  }
]