[
  {
    "date": "2026-04-22",
    "symbol": "WTW",
    "eps": null,
    "epsEstimated": null,
    "time": "bmo",
    "revenue": null,
    "revenueEstimated": null,
    "updatedFromDate": "2025-10-01",
    "fiscalDateEnding": "2026-03-30"
  },
  {
    "date": "2026-02-02",
    "symbol": "WTW",
    "eps": null,
    "epsEstimated": null,
    "time": "bmo",
    "revenue": null,
    "revenueEstimated": null,
    "updatedFromDate": "2025-10-01",
    "fiscalDateEnding": "2025-12-30"
  },
  {
    "date": "2025-10-30",
    "symbol": "WTW",
    "eps": null,
    "epsEstimated": 3.01,
    "time": "bmo",
    "revenue": null,
    "revenueEstimated": 2279542180,
    "updatedFromDate": "2025-10-01",
    "fiscalDateEnding": "2025-09-30"
  },
  {
    "date": "2025-07-31",
    "symbol": "WTW",
    "eps": 2.86,
    "epsEstimated": 2.63,
    "time": "bmo",
    "revenue": 2261000000,
    "revenueEstimated": 2228709450,
    "updatedFromDate": "2025-10-01",
    "fiscalDateEnding": "2025-06-30"
  },
  {
    "date": "2025-04-24",
    "symbol": "WTW",
    "eps": 3.13,
    "epsEstimated": 3.21,
    "time": "bmo",
    "revenue": 2223000000,
    "revenueEstimated": 2282598925,
    "updatedFromDate": "2025-07-24",
    "fiscalDateEnding": "2025-03-31"
  },
  {
    "date": "2025-02-04",
    "symbol": "WTW",
    "eps": 8.13,
    "epsEstimated": 8.01,
    "time": "bmo",
    "revenue": 3035000000,
    "revenueEstimated": 3049038720,
    "updatedFromDate": "2025-05-04",
    "fiscalDateEnding": "2024-12-31"
  },
  {
    "date": "2024-10-31",
    "symbol": "WTW",
    "eps": 2.93,
    "epsEstimated": 2.72,
    "time": "bmo",
    "revenue": 2289000000,
    "revenueEstimated": 2281824217,
    "updatedFromDate": "2025-04-24",
    "fiscalDateEnding": "2024-09-30"
  },
  {
    "date": "2024-07-25",
    "symbol": "WTW",
    "eps": 2.55,
    "epsEstimated": 2.34,
    "time": "bmo",
    "revenue": 2266000000,
    "revenueEstimated": 2270442755,
    "updatedFromDate": "2025-04-24",
    "fiscalDateEnding": "2024-06-30"
  },
  {
    "date": "2024-04-25",
    "symbol": "WTW",
    "eps": 3.29,
    "epsEstimated": 3.25,
    "time": "bmo",
    "revenue": 2341000000,
    "revenueEstimated": 2368887325,
    "updatedFromDate": "2025-04-24",
    "fiscalDateEnding": "2024-03-31"
  },
  {
    "date": "2024-02-06",
    "symbol": "WTW",
    "eps": 7.44,
    "epsEstimated": 7.05,
    "time": "bmo",
    "revenue": 2914000000,
    "revenueEstimated": 2383310000,
    "updatedFromDate": "2025-04-24",
    "fiscalDateEnding": "2023-12-31"
  },
  {
    "date": "2023-10-26",
    "symbol": "WTW",
    "eps": 2.24,
    "epsEstimated": 2.07,
    "time": "bmo",
    "revenue": 2166000000,
    "revenueEstimated": 2087730000,
    "updatedFromDate": "2025-04-24",
    "fiscalDateEnding": "2023-09-30"
  },
  {
    "date": "2023-07-27",
    "symbol": "WTW",
    "eps": 2.05,
    "epsEstimated": 2.38,
    "time": "bmo",
    "revenue": 2159000000,
    "revenueEstimated": 2127380000,
    "updatedFromDate": "2025-04-24",
    "fiscalDateEnding": "2023-06-30"
  },
  {
    "date": "2023-04-27",
    "symbol": "WTW",
    "eps": 2.84,
    "epsEstimated": 2.81,
    "time": "bmo",
    "revenue": 2244000000,
    "revenueEstimated": 2222430000,
    "updatedFromDate": "2025-04-24",
    "fiscalDateEnding": "2023-03-31"
  },
  {
    "date": "2023-02-09",
    "symbol": "WTW",
    "eps": 6.33,
    "epsEstimated": 6.22,
    "time": "bmo",
    "revenue": 2722000000,
    "revenueEstimated": 2699763237,
    "updatedFromDate": "2025-04-24",
    "fiscalDateEnding": "2022-12-31"
  },
  {
    "date": "2022-10-27",
    "symbol": "WTW",
    "eps": 2.2,
    "epsEstimated": 2.13,
    "time": "bmo",
    "revenue": 1953000000,
    "revenueEstimated": 1984968000,
    "updatedFromDate": "2025-04-24",
    "fiscalDateEnding": "2022-09-30"
  },
  {
    "date": "2022-07-28",
    "symbol": "WTW",
    "eps": 2.32,
    "epsEstimated": 2.31,
    "time": "bmo",
    "revenue": 2031000000,
    "revenueEstimated": 2071018167,
    "updatedFromDate": "2025-04-24",
    "fiscalDateEnding": "2022-06-30"
  },
  {
    "date": "2022-04-28",
    "symbol": "WTW",
    "eps": 2.66,
    "epsEstimated": 2.51,
    "time": "bmo",
    "revenue": 2160000000,
    "revenueEstimated": 2231415727,
    "updatedFromDate": "2025-04-24",
    "fiscalDateEnding": "2022-03-31"
  },
  {
    "date": "2022-02-08",
    "symbol": "WTW",
    "eps": 5.67,
    "epsEstimated": 5.35,
    "time": "bmo",
    "revenue": 2706000000,
    "revenueEstimated": 2787554458,
    "updatedFromDate": "2025-04-24",
    "fiscalDateEnding": "2021-12-31"
  },
  {
    "date": "2021-10-28",
    "symbol": "WTW",
    "eps": 1.73,
    "epsEstimated": 1.59,
    "time": "amc",
    "revenue": 1973000000,
    "revenueEstimated": null,
    "updatedFromDate": "2025-04-24",
    "fiscalDateEnding": "2021-09-30"
  },
  {
    "date": "2021-08-03",
    "symbol": "WTW",
    "eps": 2.66,
    "epsEstimated": 1.99,
    "time": "amc",
    "revenue": 2286000000,
    "revenueEstimated": null,
    "updatedFromDate": "2025-04-24",
    "fiscalDateEnding": "2021-06-30"
  },
  {
    "date": "2021-04-29",
    "symbol": "WTW",
    "eps": 3.64,
    "epsEstimated": 3.28,
    "time": "amc",
    "revenue": 2590000000,
    "revenueEstimated": null,
    "updatedFromDate": "2025-04-24",
    "fiscalDateEnding": "2021-03-31"
  },
  {
    "date": "2021-02-09",
    "symbol": "WTW",
    "eps": 5.23,
    "epsEstimated": 5.03,
    "time": "amc",
    "revenue": 2764000000,
    "revenueEstimated": null,
    "updatedFromDate": "2025-04-24",
    "fiscalDateEnding": "2020-12-31"
  },
  {
    "date": "2020-10-29",
    "symbol": "WTW",
    "eps": 1.33,
    "epsEstimated": 1.3,
    "time": "amc",
    "revenue": 2009000000,
    "revenueEstimated": null,
    "updatedFromDate": "2025-04-24",
    "fiscalDateEnding": "2020-09-30"
  },
  {
    "date": "2020-07-30",
    "symbol": "WTW",
    "eps": 1.8,
    "epsEstimated": 1.63,
    "time": "amc",
    "revenue": 2113000000,
    "revenueEstimated": null,
    "updatedFromDate": "2025-04-24",
    "fiscalDateEnding": "2020-06-30"
  },
  {
    "date": "2020-04-30",
    "symbol": "WTW",
    "eps": 3.34,
    "epsEstimated": 3.13,
    "time": "amc",
    "revenue": 2466000000,
    "revenueEstimated": null,
    "updatedFromDate": "2025-04-24",
    "fiscalDateEnding": "2020-03-31"
  },
  {
    "date": "2020-02-06",
    "symbol": "WTW",
    "eps": 4.9,
    "epsEstimated": 4.86,
    "time": "amc",
    "revenue": 2690000000,
    "revenueEstimated": null,
    "updatedFromDate": "2025-04-24",
    "fiscalDateEnding": "2019-12-31"
  },
  {
    "date": "2019-10-31",
    "symbol": "WTW",
    "eps": 1.31,
    "epsEstimated": 1.31,
    "time": "amc",
    "revenue": 1989000000,
    "revenueEstimated": null,
    "updatedFromDate": "2025-04-24",
    "fiscalDateEnding": "2019-09-30"
  },
  {
    "date": "2019-07-31",
    "symbol": "WTW",
    "eps": 1.78,
    "epsEstimated": 1.75,
    "time": "amc",
    "revenue": 2048000000,
    "revenueEstimated": null,
    "updatedFromDate": "2025-04-24",
    "fiscalDateEnding": "2019-06-30"
  },
  {
    "date": "2019-05-01",
    "symbol": "WTW",
    "eps": 2.98,
    "epsEstimated": 2.99,
    "time": "amc",
    "revenue": 2312000000,
    "revenueEstimated": null,
    "updatedFromDate": "2025-04-24",
    "fiscalDateEnding": "2019-03-31"
  },
  {
    "date": "2019-02-07",
    "symbol": "WTW",
    "eps": 4,
    "epsEstimated": 4.06,
    "time": "amc",
    "revenue": 2372000000,
    "revenueEstimated": null,
    "updatedFromDate": "2025-04-24",
    "fiscalDateEnding": "2018-12-31"
  },
  {
    "date": "2018-11-02",
    "symbol": "WTW",
    "eps": 1.32,
    "epsEstimated": 1.11,
    "time": "amc",
    "revenue": 1859000000,
    "revenueEstimated": null,
    "updatedFromDate": "2025-04-24",
    "fiscalDateEnding": "2018-09-30"
  },
  {
    "date": "2018-08-02",
    "symbol": "WTW",
    "eps": 1.7,
    "epsEstimated": 1.67,
    "time": "amc",
    "revenue": 1990000000,
    "revenueEstimated": null,
    "updatedFromDate": "2025-04-24",
    "fiscalDateEnding": "2018-06-30"
  },
  {
    "date": "2018-05-07",
    "symbol": "WTW",
    "eps": 2.71,
    "epsEstimated": 2.63,
    "time": "amc",
    "revenue": 2292000000,
    "revenueEstimated": null,
    "updatedFromDate": "2025-04-24",
    "fiscalDateEnding": "2018-03-31"
  },
  {
    "date": "2018-02-08",
    "symbol": "WTW",
    "eps": 2.21,
    "epsEstimated": 2.11,
    "time": "amc",
    "revenue": 2078000000,
    "revenueEstimated": null,
    "updatedFromDate": "2025-04-24",
    "fiscalDateEnding": "2017-12-31"
  },
  {
    "date": "2017-11-02",
    "symbol": "WTW",
    "eps": 1.12,
    "epsEstimated": 1.13,
    "time": "amc",
    "revenue": 1852000000,
    "revenueEstimated": null,
    "updatedFromDate": "2025-04-24",
    "fiscalDateEnding": "2017-09-30"
  },
  {
    "date": "2017-08-03",
    "symbol": "WTW",
    "eps": 1.45,
    "epsEstimated": 1.48,
    "time": "amc",
    "revenue": 1953000000,
    "revenueEstimated": null,
    "updatedFromDate": "2025-04-24",
    "fiscalDateEnding": "2017-06-30"
  },
  {
    "date": "2017-05-04",
    "symbol": "WTW",
    "eps": 3.71,
    "epsEstimated": 3.33,
    "time": "amc",
    "revenue": 2319000000,
    "revenueEstimated": null,
    "updatedFromDate": "2025-04-24",
    "fiscalDateEnding": "2017-03-31"
  },
  {
    "date": "2017-02-09",
    "symbol": "WTW",
    "eps": 1.88,
    "epsEstimated": 1.61,
    "time": "amc",
    "revenue": 1927000000,
    "revenueEstimated": null,
    "updatedFromDate": "2025-04-24",
    "fiscalDateEnding": "2016-12-31"
  },
  {
    "date": "2016-11-04",
    "symbol": "WTW",
    "eps": 1.04,
    "epsEstimated": 1.03,
    "time": "amc",
    "revenue": 1777000000,
    "revenueEstimated": null,
    "updatedFromDate": "2025-04-24",
    "fiscalDateEnding": "2016-09-30"
  },
  {
    "date": "2016-08-05",
    "symbol": "WTW",
    "eps": 1.66,
    "epsEstimated": 1.59,
    "time": "amc",
    "revenue": 1949000000,
    "revenueEstimated": null,
    "updatedFromDate": "2025-04-24",
    "fiscalDateEnding": "2016-06-30"
  }
]