[
  {
    "date": "2026-04-22",
    "symbol": "WY",
    "eps": null,
    "epsEstimated": null,
    "time": "amc",
    "revenue": null,
    "revenueEstimated": null,
    "updatedFromDate": "2025-10-02",
    "fiscalDateEnding": "2026-03-30"
  },
  {
    "date": "2026-01-28",
    "symbol": "WY",
    "eps": null,
    "epsEstimated": null,
    "time": "amc",
    "revenue": null,
    "revenueEstimated": null,
    "updatedFromDate": "2025-10-02",
    "fiscalDateEnding": "2025-12-30"
  },
  {
    "date": "2025-10-30",
    "symbol": "WY",
    "eps": null,
    "epsEstimated": -0.04,
    "time": "amc",
    "revenue": null,
    "revenueEstimated": 1714649970,
    "updatedFromDate": "2025-10-02",
    "fiscalDateEnding": "2025-09-30"
  },
  {
    "date": "2025-07-24",
    "symbol": "WY",
    "eps": 0.12,
    "epsEstimated": 0.1,
    "time": "amc",
    "revenue": 1884000000,
    "revenueEstimated": 1730590880,
    "updatedFromDate": "2025-10-02",
    "fiscalDateEnding": "2025-06-30"
  },
  {
    "date": "2025-04-24",
    "symbol": "WY",
    "eps": 0.11,
    "epsEstimated": 0.11,
    "time": "amc",
    "revenue": 1763000000,
    "revenueEstimated": 1767081050,
    "updatedFromDate": "2025-07-23",
    "fiscalDateEnding": "2025-03-31"
  },
  {
    "date": "2025-01-30",
    "symbol": "WY",
    "eps": 0.11,
    "epsEstimated": 0.07,
    "time": "amc",
    "revenue": 1708000000,
    "revenueEstimated": 1720051670,
    "updatedFromDate": "2025-04-30",
    "fiscalDateEnding": "2024-12-31"
  },
  {
    "date": "2024-10-24",
    "symbol": "WY",
    "eps": 0.05,
    "epsEstimated": 0.008,
    "time": "amc",
    "revenue": 1681000000,
    "revenueEstimated": 1675180000,
    "updatedFromDate": "2025-04-25",
    "fiscalDateEnding": "2024-09-30"
  },
  {
    "date": "2024-07-25",
    "symbol": "WY",
    "eps": 0.21,
    "epsEstimated": 0.21,
    "time": "amc",
    "revenue": 1939000000,
    "revenueEstimated": 1961530000,
    "updatedFromDate": "2025-04-25",
    "fiscalDateEnding": "2024-06-30"
  },
  {
    "date": "2024-04-25",
    "symbol": "WY",
    "eps": 0.16,
    "epsEstimated": 0.15,
    "time": "amc",
    "revenue": 1796000000,
    "revenueEstimated": 2085580000,
    "updatedFromDate": "2025-04-25",
    "fiscalDateEnding": "2024-03-31"
  },
  {
    "date": "2024-01-25",
    "symbol": "WY",
    "eps": 0.16,
    "epsEstimated": 0.14,
    "time": "amc",
    "revenue": 1774000000,
    "revenueEstimated": 1862990000,
    "updatedFromDate": "2025-04-25",
    "fiscalDateEnding": "2023-12-31"
  },
  {
    "date": "2023-10-26",
    "symbol": "WY",
    "eps": 0.33,
    "epsEstimated": 0.34,
    "time": "amc",
    "revenue": 2022000000,
    "revenueEstimated": 2081410000,
    "updatedFromDate": "2025-04-25",
    "fiscalDateEnding": "2023-09-30"
  },
  {
    "date": "2023-07-27",
    "symbol": "WY",
    "eps": 0.32,
    "epsEstimated": 0.21,
    "time": "amc",
    "revenue": 1997000000,
    "revenueEstimated": 1997820000,
    "updatedFromDate": "2025-04-25",
    "fiscalDateEnding": "2023-06-30"
  },
  {
    "date": "2023-04-27",
    "symbol": "WY",
    "eps": 0.21,
    "epsEstimated": 0.11,
    "time": "amc",
    "revenue": 1881000000,
    "revenueEstimated": 1850170000,
    "updatedFromDate": "2025-04-25",
    "fiscalDateEnding": "2023-03-31"
  },
  {
    "date": "2023-01-26",
    "symbol": "WY",
    "eps": 0.24,
    "epsEstimated": 0.18,
    "time": "amc",
    "revenue": 1823000000,
    "revenueEstimated": 1930469119,
    "updatedFromDate": "2025-04-25",
    "fiscalDateEnding": "2022-12-31"
  },
  {
    "date": "2022-10-27",
    "symbol": "WY",
    "eps": 0.42,
    "epsEstimated": 0.37,
    "time": "amc",
    "revenue": 2276000000,
    "revenueEstimated": 2275027052,
    "updatedFromDate": "2025-04-25",
    "fiscalDateEnding": "2022-09-30"
  },
  {
    "date": "2022-07-29",
    "symbol": "WY",
    "eps": 1.06,
    "epsEstimated": 0.98,
    "time": "bmo",
    "revenue": 2973000000,
    "revenueEstimated": 2840491553,
    "updatedFromDate": "2025-04-25",
    "fiscalDateEnding": "2022-06-30"
  },
  {
    "date": "2022-04-29",
    "symbol": "WY",
    "eps": 1.31,
    "epsEstimated": 1.19,
    "time": "bmo",
    "revenue": 3112000000,
    "revenueEstimated": 2965475637,
    "updatedFromDate": "2025-04-25",
    "fiscalDateEnding": "2022-03-31"
  },
  {
    "date": "2022-01-28",
    "symbol": "WY",
    "eps": 0.49,
    "epsEstimated": 0.48,
    "time": "bmo",
    "revenue": 2206000000,
    "revenueEstimated": 2171140503,
    "updatedFromDate": "2025-04-25",
    "fiscalDateEnding": "2021-12-31"
  },
  {
    "date": "2021-10-29",
    "symbol": "WY",
    "eps": 0.6,
    "epsEstimated": 0.57,
    "time": "bmo",
    "revenue": 2345000000,
    "revenueEstimated": 2474840000,
    "updatedFromDate": "2025-04-25",
    "fiscalDateEnding": "2021-09-30"
  },
  {
    "date": "2021-07-30",
    "symbol": "WY",
    "eps": 1.37,
    "epsEstimated": 1.41,
    "time": "bmo",
    "revenue": 3144000000,
    "revenueEstimated": 3091460000,
    "updatedFromDate": "2025-04-25",
    "fiscalDateEnding": "2021-06-30"
  },
  {
    "date": "2021-04-30",
    "symbol": "WY",
    "eps": 0.91,
    "epsEstimated": 0.91,
    "time": "bmo",
    "revenue": 2506000000,
    "revenueEstimated": 2402400000,
    "updatedFromDate": "2025-04-25",
    "fiscalDateEnding": "2021-03-31"
  },
  {
    "date": "2021-01-29",
    "symbol": "WY",
    "eps": 0.48,
    "epsEstimated": 0.46,
    "time": "bmo",
    "revenue": 2063000000,
    "revenueEstimated": 1973304347,
    "updatedFromDate": "2025-04-25",
    "fiscalDateEnding": "2020-12-31"
  },
  {
    "date": "2020-10-30",
    "symbol": "WY",
    "eps": 0.52,
    "epsEstimated": 0.39,
    "time": "bmo",
    "revenue": 2110000000,
    "revenueEstimated": 4943134615,
    "updatedFromDate": "2025-04-25",
    "fiscalDateEnding": "2020-09-30"
  },
  {
    "date": "2020-07-31",
    "symbol": "WY",
    "eps": 0.11,
    "epsEstimated": 0.0048,
    "time": "bmo",
    "revenue": 1631000000,
    "revenueEstimated": 148272727,
    "updatedFromDate": "2025-04-25",
    "fiscalDateEnding": "2020-06-30"
  },
  {
    "date": "2020-05-01",
    "symbol": "WY",
    "eps": 0.18,
    "epsEstimated": 0.13,
    "time": "bmo",
    "revenue": 1728000000,
    "revenueEstimated": 1248000000,
    "updatedFromDate": "2025-04-25",
    "fiscalDateEnding": "2020-03-31"
  },
  {
    "date": "2020-01-31",
    "symbol": "WY",
    "eps": 0.03,
    "epsEstimated": 0.07,
    "time": "bmo",
    "revenue": 1548000000,
    "revenueEstimated": 3096000000,
    "updatedFromDate": "2025-04-25",
    "fiscalDateEnding": "2019-12-31"
  },
  {
    "date": "2019-10-25",
    "symbol": "WY",
    "eps": 0.08,
    "epsEstimated": 0.1,
    "time": "bmo",
    "revenue": 1671000000,
    "revenueEstimated": 2088750000,
    "updatedFromDate": "2025-04-25",
    "fiscalDateEnding": "2019-09-30"
  },
  {
    "date": "2019-07-26",
    "symbol": "WY",
    "eps": 0.16,
    "epsEstimated": 0.1,
    "time": "bmo",
    "revenue": 1692000000,
    "revenueEstimated": 1057500000,
    "updatedFromDate": "2025-04-25",
    "fiscalDateEnding": "2019-06-30"
  },
  {
    "date": "2019-04-26",
    "symbol": "WY",
    "eps": 0.11,
    "epsEstimated": 0.11,
    "time": "bmo",
    "revenue": 1643000000,
    "revenueEstimated": 1344272727,
    "updatedFromDate": "2025-04-25",
    "fiscalDateEnding": "2019-03-31"
  },
  {
    "date": "2019-02-01",
    "symbol": "WY",
    "eps": 0.1,
    "epsEstimated": 0.11,
    "time": "bmo",
    "revenue": 1636000000,
    "revenueEstimated": 1799599999,
    "updatedFromDate": "2025-04-25",
    "fiscalDateEnding": "2018-12-31"
  },
  {
    "date": "2018-10-26",
    "symbol": "WY",
    "eps": 0.28,
    "epsEstimated": 0.37,
    "time": "bmo",
    "revenue": 1910000000,
    "revenueEstimated": 2523928571,
    "updatedFromDate": "2025-04-25",
    "fiscalDateEnding": "2018-09-30"
  },
  {
    "date": "2018-07-27",
    "symbol": "WY",
    "eps": 0.44,
    "epsEstimated": 0.42,
    "time": "bmo",
    "revenue": 2065000000,
    "revenueEstimated": 2018068181,
    "updatedFromDate": "2025-04-25",
    "fiscalDateEnding": "2018-06-30"
  },
  {
    "date": "2018-04-27",
    "symbol": "WY",
    "eps": 0.36,
    "epsEstimated": 0.33,
    "time": "bmo",
    "revenue": 1865000000,
    "revenueEstimated": 1761388888,
    "updatedFromDate": "2025-04-25",
    "fiscalDateEnding": "2018-03-31"
  },
  {
    "date": "2018-02-02",
    "symbol": "WY",
    "eps": 0.31,
    "epsEstimated": 0.35,
    "time": "bmo",
    "revenue": 1823000000,
    "revenueEstimated": 2058225806,
    "updatedFromDate": "2025-04-25",
    "fiscalDateEnding": "2017-12-31"
  },
  {
    "date": "2017-10-27",
    "symbol": "WY",
    "eps": 0.34,
    "epsEstimated": 0.31,
    "time": "bmo",
    "revenue": 1872000000,
    "revenueEstimated": 1761882352,
    "updatedFromDate": "2025-04-25",
    "fiscalDateEnding": "2017-09-30"
  },
  {
    "date": "2017-07-28",
    "symbol": "WY",
    "eps": 0.28,
    "epsEstimated": 0.27,
    "time": "bmo",
    "revenue": 1808000000,
    "revenueEstimated": 1743428571,
    "updatedFromDate": "2025-04-25",
    "fiscalDateEnding": "2017-06-30"
  },
  {
    "date": "2017-04-28",
    "symbol": "WY",
    "eps": 0.22,
    "epsEstimated": 0.18,
    "time": "bmo",
    "revenue": 1693000000,
    "revenueEstimated": 1385181818,
    "updatedFromDate": "2025-04-25",
    "fiscalDateEnding": "2017-03-31"
  },
  {
    "date": "2017-02-03",
    "symbol": "WY",
    "eps": 0.14,
    "epsEstimated": 0.15,
    "time": "bmo",
    "revenue": 1596000000,
    "revenueEstimated": 1824000000,
    "updatedFromDate": "2025-04-25",
    "fiscalDateEnding": "2016-12-31"
  },
  {
    "date": "2016-10-28",
    "symbol": "WY",
    "eps": 0.23,
    "epsEstimated": 0.22,
    "time": "bmo",
    "revenue": 1709000000,
    "revenueEstimated": 1634695652,
    "updatedFromDate": "2025-04-25",
    "fiscalDateEnding": "2016-09-30"
  },
  {
    "date": "2016-08-05",
    "symbol": "WY",
    "eps": 0.17,
    "epsEstimated": 0.22,
    "time": "bmo",
    "revenue": 1655000000,
    "revenueEstimated": 2141764705,
    "updatedFromDate": "2025-04-25",
    "fiscalDateEnding": "2016-06-30"
  }
]