[
  {
    "date": "2026-05-04",
    "symbol": "WYNN",
    "eps": null,
    "epsEstimated": null,
    "time": "amc",
    "revenue": null,
    "revenueEstimated": null,
    "updatedFromDate": "2025-10-02",
    "fiscalDateEnding": "2026-03-30"
  },
  {
    "date": "2026-02-11",
    "symbol": "WYNN",
    "eps": null,
    "epsEstimated": null,
    "time": "amc",
    "revenue": null,
    "revenueEstimated": null,
    "updatedFromDate": "2025-10-02",
    "fiscalDateEnding": "2025-12-30"
  },
  {
    "date": "2025-11-03",
    "symbol": "WYNN",
    "eps": null,
    "epsEstimated": 1.1,
    "time": "bmo",
    "revenue": null,
    "revenueEstimated": 1763444810,
    "updatedFromDate": "2025-10-02",
    "fiscalDateEnding": "2025-09-30"
  },
  {
    "date": "2025-08-07",
    "symbol": "WYNN",
    "eps": 1.09,
    "epsEstimated": 1.2,
    "time": "amc",
    "revenue": 1737797000,
    "revenueEstimated": 1748633750,
    "updatedFromDate": "2025-10-02",
    "fiscalDateEnding": "2025-06-30"
  },
  {
    "date": "2025-05-06",
    "symbol": "WYNN",
    "eps": 1.07,
    "epsEstimated": 1.22,
    "time": "amc",
    "revenue": 1700397000,
    "revenueEstimated": 1735906580,
    "updatedFromDate": "2025-08-06",
    "fiscalDateEnding": "2025-03-31"
  },
  {
    "date": "2025-02-13",
    "symbol": "WYNN",
    "eps": 2.42,
    "epsEstimated": 1.27,
    "time": "amc",
    "revenue": 1838797000,
    "revenueEstimated": 1769733970,
    "updatedFromDate": "2025-05-13",
    "fiscalDateEnding": "2024-12-31"
  },
  {
    "date": "2024-11-04",
    "symbol": "WYNN",
    "eps": 0.9,
    "epsEstimated": 1.04,
    "time": "amc",
    "revenue": 1693323000,
    "revenueEstimated": 1727648789,
    "updatedFromDate": "2025-04-25",
    "fiscalDateEnding": "2024-09-30"
  },
  {
    "date": "2024-08-06",
    "symbol": "WYNN",
    "eps": 1.12,
    "epsEstimated": 1.14,
    "time": "amc",
    "revenue": 1732932000,
    "revenueEstimated": 1752400000,
    "updatedFromDate": "2025-04-25",
    "fiscalDateEnding": "2024-06-30"
  },
  {
    "date": "2024-05-07",
    "symbol": "WYNN",
    "eps": 1.59,
    "epsEstimated": 1.27,
    "time": "amc",
    "revenue": 1862909000,
    "revenueEstimated": 1798933468,
    "updatedFromDate": "2025-04-25",
    "fiscalDateEnding": "2024-03-31"
  },
  {
    "date": "2024-02-07",
    "symbol": "WYNN",
    "eps": 1.91,
    "epsEstimated": 1.12,
    "time": "amc",
    "revenue": 1840460000,
    "revenueEstimated": 1739480000,
    "updatedFromDate": "2025-04-25",
    "fiscalDateEnding": "2023-12-31"
  },
  {
    "date": "2023-11-09",
    "symbol": "WYNN",
    "eps": 0.99,
    "epsEstimated": 0.79,
    "time": "amc",
    "revenue": 1671936000,
    "revenueEstimated": 1584040000,
    "updatedFromDate": "2025-04-25",
    "fiscalDateEnding": "2023-09-30"
  },
  {
    "date": "2023-08-09",
    "symbol": "WYNN",
    "eps": 0.91,
    "epsEstimated": 0.59,
    "time": "amc",
    "revenue": 1595822000,
    "revenueEstimated": 1537270000,
    "updatedFromDate": "2025-04-25",
    "fiscalDateEnding": "2023-06-30"
  },
  {
    "date": "2023-05-09",
    "symbol": "WYNN",
    "eps": 0.29,
    "epsEstimated": -0.18,
    "time": "amc",
    "revenue": 1423679000,
    "revenueEstimated": 1369230000,
    "updatedFromDate": "2025-04-25",
    "fiscalDateEnding": "2023-03-31"
  },
  {
    "date": "2023-02-08",
    "symbol": "WYNN",
    "eps": -1.23,
    "epsEstimated": -1.17,
    "time": "amc",
    "revenue": 1004937000,
    "revenueEstimated": 954521157,
    "updatedFromDate": "2025-04-25",
    "fiscalDateEnding": "2022-12-31"
  },
  {
    "date": "2022-11-09",
    "symbol": "WYNN",
    "eps": -1.2,
    "epsEstimated": -1.2,
    "time": "amc",
    "revenue": 889722000,
    "revenueEstimated": 871209293,
    "updatedFromDate": "2025-04-25",
    "fiscalDateEnding": "2022-09-30"
  },
  {
    "date": "2022-08-09",
    "symbol": "WYNN",
    "eps": -0.82,
    "epsEstimated": -0.94,
    "time": "amc",
    "revenue": 908832000,
    "revenueEstimated": 980850991,
    "updatedFromDate": "2025-04-25",
    "fiscalDateEnding": "2022-06-30"
  },
  {
    "date": "2022-05-10",
    "symbol": "WYNN",
    "eps": -1.21,
    "epsEstimated": -1.15,
    "time": "amc",
    "revenue": 953334000,
    "revenueEstimated": 986354251,
    "updatedFromDate": "2025-04-25",
    "fiscalDateEnding": "2022-03-31"
  },
  {
    "date": "2022-02-15",
    "symbol": "WYNN",
    "eps": -1.37,
    "epsEstimated": -1.24,
    "time": "amc",
    "revenue": 1053124000,
    "revenueEstimated": 994084623,
    "updatedFromDate": "2025-04-25",
    "fiscalDateEnding": "2021-12-31"
  },
  {
    "date": "2021-11-09",
    "symbol": "WYNN",
    "eps": -1.24,
    "epsEstimated": -1.17,
    "time": "amc",
    "revenue": 994644000,
    "revenueEstimated": 1027890000,
    "updatedFromDate": "2025-04-25",
    "fiscalDateEnding": "2021-09-30"
  },
  {
    "date": "2021-08-04",
    "symbol": "WYNN",
    "eps": -1.12,
    "epsEstimated": -1.41,
    "time": "amc",
    "revenue": 990113000,
    "revenueEstimated": 932470000,
    "updatedFromDate": "2025-04-25",
    "fiscalDateEnding": "2021-06-30"
  },
  {
    "date": "2021-05-10",
    "symbol": "WYNN",
    "eps": -2.41,
    "epsEstimated": -2,
    "time": "amc",
    "revenue": 725783000,
    "revenueEstimated": 791970000,
    "updatedFromDate": "2025-04-25",
    "fiscalDateEnding": "2021-03-31"
  },
  {
    "date": "2021-02-04",
    "symbol": "WYNN",
    "eps": -2.45,
    "epsEstimated": -2.22,
    "time": "amc",
    "revenue": 685995000,
    "revenueEstimated": 723890000,
    "updatedFromDate": "2025-04-25",
    "fiscalDateEnding": "2020-12-31"
  },
  {
    "date": "2020-11-05",
    "symbol": "WYNN",
    "eps": -7.04,
    "epsEstimated": -3.32,
    "time": "amc",
    "revenue": 370452000,
    "revenueEstimated": 348091590,
    "updatedFromDate": "2025-04-25",
    "fiscalDateEnding": "2020-09-30"
  },
  {
    "date": "2020-08-04",
    "symbol": "WYNN",
    "eps": -6.14,
    "epsEstimated": -4.89,
    "time": "amc",
    "revenue": 85698000,
    "revenueEstimated": 69507498,
    "updatedFromDate": "2025-04-25",
    "fiscalDateEnding": "2020-06-30"
  },
  {
    "date": "2020-05-06",
    "symbol": "WYNN",
    "eps": -3.54,
    "epsEstimated": -1.05,
    "time": "amc",
    "revenue": 953716000,
    "revenueEstimated": 226305491,
    "updatedFromDate": "2025-04-25",
    "fiscalDateEnding": "2020-03-31"
  },
  {
    "date": "2020-02-06",
    "symbol": "WYNN",
    "eps": -0.62,
    "epsEstimated": 0.85,
    "time": "amc",
    "revenue": 1653459000,
    "revenueEstimated": 1749590337,
    "updatedFromDate": "2025-04-25",
    "fiscalDateEnding": "2019-12-31"
  },
  {
    "date": "2019-11-06",
    "symbol": "WYNN",
    "eps": 0.17,
    "epsEstimated": 0.88,
    "time": "amc",
    "revenue": 1647762000,
    "revenueEstimated": 8723445882,
    "updatedFromDate": "2025-04-25",
    "fiscalDateEnding": "2019-09-30"
  },
  {
    "date": "2019-08-06",
    "symbol": "WYNN",
    "eps": 1.44,
    "epsEstimated": 1.42,
    "time": "amc",
    "revenue": 1658332000,
    "revenueEstimated": 1658332000,
    "updatedFromDate": "2025-04-25",
    "fiscalDateEnding": "2019-06-30"
  },
  {
    "date": "2019-05-09",
    "symbol": "WYNN",
    "eps": 1.61,
    "epsEstimated": 1.59,
    "time": "amc",
    "revenue": 1651546000,
    "revenueEstimated": 1641287950,
    "updatedFromDate": "2025-04-25",
    "fiscalDateEnding": "2019-03-31"
  },
  {
    "date": "2019-01-30",
    "symbol": "WYNN",
    "eps": 1.06,
    "epsEstimated": 1.36,
    "time": "amc",
    "revenue": 1687586000,
    "revenueEstimated": 2149284056,
    "updatedFromDate": "2025-04-25",
    "fiscalDateEnding": "2018-12-31"
  },
  {
    "date": "2018-11-07",
    "symbol": "WYNN",
    "eps": 1.68,
    "epsEstimated": 1.69,
    "time": "amc",
    "revenue": 1709072000,
    "revenueEstimated": 1719273214,
    "updatedFromDate": "2025-04-25",
    "fiscalDateEnding": "2018-09-30"
  },
  {
    "date": "2018-08-01",
    "symbol": "WYNN",
    "eps": 1.53,
    "epsEstimated": 1.96,
    "time": "amc",
    "revenue": 1605424000,
    "revenueEstimated": 2056590849,
    "updatedFromDate": "2025-04-25",
    "fiscalDateEnding": "2018-06-30"
  },
  {
    "date": "2018-04-24",
    "symbol": "WYNN",
    "eps": 2.3,
    "epsEstimated": 1.96,
    "time": "amc",
    "revenue": 1715578000,
    "revenueEstimated": 1476907826,
    "updatedFromDate": "2025-04-25",
    "fiscalDateEnding": "2018-03-31"
  },
  {
    "date": "2018-01-22",
    "symbol": "WYNN",
    "eps": 1.4,
    "epsEstimated": 1.36,
    "time": "bmo",
    "revenue": 1689096000,
    "revenueEstimated": 1599025714,
    "updatedFromDate": "2025-04-25",
    "fiscalDateEnding": "2017-12-31"
  },
  {
    "date": "2017-10-26",
    "symbol": "WYNN",
    "eps": 1.52,
    "epsEstimated": 1.37,
    "time": "amc",
    "revenue": 1612331000,
    "revenueEstimated": 1459446710,
    "updatedFromDate": "2025-04-25",
    "fiscalDateEnding": "2017-09-30"
  },
  {
    "date": "2017-07-25",
    "symbol": "WYNN",
    "eps": 1.18,
    "epsEstimated": 1.09,
    "time": "amc",
    "revenue": 1529261000,
    "revenueEstimated": 1447935593,
    "updatedFromDate": "2025-04-25",
    "fiscalDateEnding": "2017-06-30"
  },
  {
    "date": "2017-04-25",
    "symbol": "WYNN",
    "eps": 1.24,
    "epsEstimated": 1.01,
    "time": "amc",
    "revenue": 1475680000,
    "revenueEstimated": 1159708064,
    "updatedFromDate": "2025-04-25",
    "fiscalDateEnding": "2017-03-31"
  },
  {
    "date": "2017-01-26",
    "symbol": "WYNN",
    "eps": 0.5,
    "epsEstimated": 0.67,
    "time": "bmo",
    "revenue": 1300433000,
    "revenueEstimated": 2210680000,
    "updatedFromDate": "2025-04-25",
    "fiscalDateEnding": "2016-12-31"
  },
  {
    "date": "2016-11-02",
    "symbol": "WYNN",
    "eps": 0.75,
    "epsEstimated": 0.79,
    "time": "amc",
    "revenue": 1109822000,
    "revenueEstimated": 1154192000,
    "updatedFromDate": "2025-04-25",
    "fiscalDateEnding": "2016-09-30"
  },
  {
    "date": "2016-07-28",
    "symbol": "WYNN",
    "eps": 1.07,
    "epsEstimated": 0.97,
    "time": "amc",
    "revenue": 1058364000,
    "revenueEstimated": 900134579,
    "updatedFromDate": "2025-04-25",
    "fiscalDateEnding": "2016-06-30"
  }
]