[
  {
    "date": "2026-04-27",
    "symbol": "XYL",
    "eps": null,
    "epsEstimated": null,
    "time": "bmo",
    "revenue": null,
    "revenueEstimated": null,
    "updatedFromDate": "2025-10-02",
    "fiscalDateEnding": "2026-03-30"
  },
  {
    "date": "2026-02-02",
    "symbol": "XYL",
    "eps": null,
    "epsEstimated": null,
    "time": "bmo",
    "revenue": null,
    "revenueEstimated": null,
    "updatedFromDate": "2025-10-02",
    "fiscalDateEnding": "2025-12-30"
  },
  {
    "date": "2025-10-30",
    "symbol": "XYL",
    "eps": null,
    "epsEstimated": 1.24,
    "time": "bmo",
    "revenue": null,
    "revenueEstimated": 2220043450,
    "updatedFromDate": "2025-10-02",
    "fiscalDateEnding": "2025-09-30"
  },
  {
    "date": "2025-07-31",
    "symbol": "XYL",
    "eps": 1.26,
    "epsEstimated": 1.15,
    "time": "bmo",
    "revenue": 2301000000,
    "revenueEstimated": 2208612498,
    "updatedFromDate": "2025-10-02",
    "fiscalDateEnding": "2025-06-30"
  },
  {
    "date": "2025-04-29",
    "symbol": "XYL",
    "eps": 1.03,
    "epsEstimated": 0.955,
    "time": "bmo",
    "revenue": 2069000000,
    "revenueEstimated": 2040259487,
    "updatedFromDate": "2025-07-29",
    "fiscalDateEnding": "2025-03-31"
  },
  {
    "date": "2025-02-04",
    "symbol": "XYL",
    "eps": 1.18,
    "epsEstimated": 1.13,
    "time": "bmo",
    "revenue": 2256000000,
    "revenueEstimated": 2180675844,
    "updatedFromDate": "2025-05-04",
    "fiscalDateEnding": "2024-12-31"
  },
  {
    "date": "2024-10-31",
    "symbol": "XYL",
    "eps": 1.11,
    "epsEstimated": 1.11,
    "time": "bmo",
    "revenue": 2103000000,
    "revenueEstimated": 2169788747,
    "updatedFromDate": "2025-04-25",
    "fiscalDateEnding": "2024-09-30"
  },
  {
    "date": "2024-07-30",
    "symbol": "XYL",
    "eps": 1.09,
    "epsEstimated": 1.05,
    "time": "bmo",
    "revenue": 2169000000,
    "revenueEstimated": 2144447827,
    "updatedFromDate": "2025-04-25",
    "fiscalDateEnding": "2024-06-30"
  },
  {
    "date": "2024-05-02",
    "symbol": "XYL",
    "eps": 0.9,
    "epsEstimated": 0.839,
    "time": "bmo",
    "revenue": 2033000000,
    "revenueEstimated": 1996027075,
    "updatedFromDate": "2025-04-25",
    "fiscalDateEnding": "2024-03-31"
  },
  {
    "date": "2024-02-06",
    "symbol": "XYL",
    "eps": 0.99,
    "epsEstimated": 0.96,
    "time": "bmo",
    "revenue": 2119000000,
    "revenueEstimated": 2053498168,
    "updatedFromDate": "2025-04-25",
    "fiscalDateEnding": "2023-12-31"
  },
  {
    "date": "2023-10-31",
    "symbol": "XYL",
    "eps": 0.99,
    "epsEstimated": 0.89,
    "time": "bmo",
    "revenue": 2076000000,
    "revenueEstimated": 1989940000,
    "updatedFromDate": "2025-04-25",
    "fiscalDateEnding": "2023-09-30"
  },
  {
    "date": "2023-08-02",
    "symbol": "XYL",
    "eps": 0.98,
    "epsEstimated": 0.85,
    "time": "bmo",
    "revenue": 1722000000,
    "revenueEstimated": 1646810000,
    "updatedFromDate": "2025-04-25",
    "fiscalDateEnding": "2023-06-30"
  },
  {
    "date": "2023-05-04",
    "symbol": "XYL",
    "eps": 0.72,
    "epsEstimated": 0.62,
    "time": "bmo",
    "revenue": 1448000000,
    "revenueEstimated": 1344510000,
    "updatedFromDate": "2025-04-25",
    "fiscalDateEnding": "2023-03-31"
  },
  {
    "date": "2023-02-07",
    "symbol": "XYL",
    "eps": 0.92,
    "epsEstimated": 0.79,
    "time": "bmo",
    "revenue": 1506000000,
    "revenueEstimated": 1412431503,
    "updatedFromDate": "2025-04-25",
    "fiscalDateEnding": "2022-12-31"
  },
  {
    "date": "2022-11-01",
    "symbol": "XYL",
    "eps": 0.79,
    "epsEstimated": 0.66,
    "time": "bmo",
    "revenue": 1380000000,
    "revenueEstimated": 1340548283,
    "updatedFromDate": "2025-04-25",
    "fiscalDateEnding": "2022-09-30"
  },
  {
    "date": "2022-08-02",
    "symbol": "XYL",
    "eps": 0.66,
    "epsEstimated": 0.54,
    "time": "bmo",
    "revenue": 1364000000,
    "revenueEstimated": 1315708117,
    "updatedFromDate": "2025-04-25",
    "fiscalDateEnding": "2022-06-30"
  },
  {
    "date": "2022-05-04",
    "symbol": "XYL",
    "eps": 0.47,
    "epsEstimated": 0.41,
    "time": "bmo",
    "revenue": 1272000000,
    "revenueEstimated": 1236126488,
    "updatedFromDate": "2025-04-25",
    "fiscalDateEnding": "2022-03-31"
  },
  {
    "date": "2022-02-03",
    "symbol": "XYL",
    "eps": 0.63,
    "epsEstimated": 0.61,
    "time": "bmo",
    "revenue": 1323000000,
    "revenueEstimated": 1310988316,
    "updatedFromDate": "2025-04-25",
    "fiscalDateEnding": "2021-12-31"
  },
  {
    "date": "2021-11-02",
    "symbol": "XYL",
    "eps": 0.63,
    "epsEstimated": 0.59,
    "time": "bmo",
    "revenue": 1265000000,
    "revenueEstimated": 1318340000,
    "updatedFromDate": "2025-04-25",
    "fiscalDateEnding": "2021-09-30"
  },
  {
    "date": "2021-08-03",
    "symbol": "XYL",
    "eps": 0.66,
    "epsEstimated": 0.62,
    "time": "bmo",
    "revenue": 1351000000,
    "revenueEstimated": 1309270000,
    "updatedFromDate": "2025-04-25",
    "fiscalDateEnding": "2021-06-30"
  },
  {
    "date": "2021-05-04",
    "symbol": "XYL",
    "eps": 0.56,
    "epsEstimated": 0.38,
    "time": "bmo",
    "revenue": 1256000000,
    "revenueEstimated": 1173480000,
    "updatedFromDate": "2025-04-25",
    "fiscalDateEnding": "2021-03-31"
  },
  {
    "date": "2021-02-04",
    "symbol": "XYL",
    "eps": 0.81,
    "epsEstimated": 0.68,
    "time": "bmo",
    "revenue": 1373000000,
    "revenueEstimated": 1110514705,
    "updatedFromDate": "2025-04-25",
    "fiscalDateEnding": "2020-12-31"
  },
  {
    "date": "2020-10-29",
    "symbol": "XYL",
    "eps": 0.62,
    "epsEstimated": 0.52,
    "time": "bmo",
    "revenue": 1220000000,
    "revenueEstimated": 1003548387,
    "updatedFromDate": "2025-04-25",
    "fiscalDateEnding": "2020-09-30"
  },
  {
    "date": "2020-07-30",
    "symbol": "XYL",
    "eps": 0.4,
    "epsEstimated": 0.39,
    "time": "bmo",
    "revenue": 1160000000,
    "revenueEstimated": 1131000000,
    "updatedFromDate": "2025-04-25",
    "fiscalDateEnding": "2020-06-30"
  },
  {
    "date": "2020-05-05",
    "symbol": "XYL",
    "eps": 0.23,
    "epsEstimated": 0.37,
    "time": "bmo",
    "revenue": 1123000000,
    "revenueEstimated": 1806565217,
    "updatedFromDate": "2025-04-25",
    "fiscalDateEnding": "2020-03-31"
  },
  {
    "date": "2020-02-06",
    "symbol": "XYL",
    "eps": 0.89,
    "epsEstimated": 0.89,
    "time": "bmo",
    "revenue": 1371000000,
    "revenueEstimated": 1371000000,
    "updatedFromDate": "2025-04-25",
    "fiscalDateEnding": "2019-12-31"
  },
  {
    "date": "2019-10-31",
    "symbol": "XYL",
    "eps": 0.82,
    "epsEstimated": 0.82,
    "time": "bmo",
    "revenue": 1296000000,
    "revenueEstimated": 1296000000,
    "updatedFromDate": "2025-04-25",
    "fiscalDateEnding": "2019-09-30"
  },
  {
    "date": "2019-08-01",
    "symbol": "XYL",
    "eps": 0.79,
    "epsEstimated": 0.79,
    "time": "bmo",
    "revenue": 1345000000,
    "revenueEstimated": 1345000000,
    "updatedFromDate": "2025-04-25",
    "fiscalDateEnding": "2019-06-30"
  },
  {
    "date": "2019-05-02",
    "symbol": "XYL",
    "eps": 0.52,
    "epsEstimated": 0.56,
    "time": "bmo",
    "revenue": 1237000000,
    "revenueEstimated": 1332153846,
    "updatedFromDate": "2025-04-25",
    "fiscalDateEnding": "2019-03-31"
  },
  {
    "date": "2019-01-31",
    "symbol": "XYL",
    "eps": 0.88,
    "epsEstimated": 0.88,
    "time": "bmo",
    "revenue": 1386000000,
    "revenueEstimated": 1386000000,
    "updatedFromDate": "2025-04-25",
    "fiscalDateEnding": "2018-12-31"
  },
  {
    "date": "2018-10-30",
    "symbol": "XYL",
    "eps": 0.77,
    "epsEstimated": 0.77,
    "time": "bmo",
    "revenue": 1287000000,
    "revenueEstimated": 1287000000,
    "updatedFromDate": "2025-04-25",
    "fiscalDateEnding": "2018-09-30"
  },
  {
    "date": "2018-07-31",
    "symbol": "XYL",
    "eps": 0.73,
    "epsEstimated": 0.71,
    "time": "bmo",
    "revenue": 1317000000,
    "revenueEstimated": 1280917808,
    "updatedFromDate": "2025-04-25",
    "fiscalDateEnding": "2018-06-30"
  },
  {
    "date": "2018-05-01",
    "symbol": "XYL",
    "eps": 0.51,
    "epsEstimated": 0.51,
    "time": "bmo",
    "revenue": 1217000000,
    "revenueEstimated": 1240862745,
    "updatedFromDate": "2025-04-25",
    "fiscalDateEnding": "2018-03-31"
  },
  {
    "date": "2018-02-01",
    "symbol": "XYL",
    "eps": 0.76,
    "epsEstimated": 0.76,
    "time": "bmo",
    "revenue": 1277000000,
    "revenueEstimated": 1277000000,
    "updatedFromDate": "2025-04-25",
    "fiscalDateEnding": "2017-12-31"
  },
  {
    "date": "2017-10-31",
    "symbol": "XYL",
    "eps": 0.65,
    "epsEstimated": 0.64,
    "time": "bmo",
    "revenue": 1195000000,
    "revenueEstimated": 1176615384,
    "updatedFromDate": "2025-04-25",
    "fiscalDateEnding": "2017-09-30"
  },
  {
    "date": "2017-08-01",
    "symbol": "XYL",
    "eps": 0.59,
    "epsEstimated": 0.57,
    "time": "bmo",
    "revenue": 1164000000,
    "revenueEstimated": 1124542372,
    "updatedFromDate": "2025-04-25",
    "fiscalDateEnding": "2017-06-30"
  },
  {
    "date": "2017-05-02",
    "symbol": "XYL",
    "eps": 0.39,
    "epsEstimated": 0.38,
    "time": "bmo",
    "revenue": 1071000000,
    "revenueEstimated": 1043538461,
    "updatedFromDate": "2025-04-25",
    "fiscalDateEnding": "2017-03-31"
  },
  {
    "date": "2017-02-02",
    "symbol": "XYL",
    "eps": 0.66,
    "epsEstimated": 0.65,
    "time": "bmo",
    "revenue": 1095000000,
    "revenueEstimated": 1078409090,
    "updatedFromDate": "2025-04-25",
    "fiscalDateEnding": "2016-12-31"
  },
  {
    "date": "2016-11-01",
    "symbol": "XYL",
    "eps": 0.54,
    "epsEstimated": 0.53,
    "time": "bmo",
    "revenue": 897000000,
    "revenueEstimated": 880388888,
    "updatedFromDate": "2025-04-25",
    "fiscalDateEnding": "2016-09-30"
  },
  {
    "date": "2016-08-02",
    "symbol": "XYL",
    "eps": 0.48,
    "epsEstimated": 0.47,
    "time": "bmo",
    "revenue": 932000000,
    "revenueEstimated": 912583333,
    "updatedFromDate": "2025-04-25",
    "fiscalDateEnding": "2016-06-30"
  }
]