[
  {
    "date": "2026-04-29",
    "symbol": "XYZ",
    "eps": null,
    "epsEstimated": null,
    "time": "amc",
    "revenue": null,
    "revenueEstimated": null,
    "updatedFromDate": "2025-09-22",
    "fiscalDateEnding": "2026-03-30"
  },
  {
    "date": "2026-02-18",
    "symbol": "XYZ",
    "eps": null,
    "epsEstimated": null,
    "time": "amc",
    "revenue": null,
    "revenueEstimated": null,
    "updatedFromDate": "2025-09-22",
    "fiscalDateEnding": "2025-12-30"
  },
  {
    "date": "2025-11-06",
    "symbol": "XYZ",
    "eps": null,
    "epsEstimated": 0.63,
    "time": "bmo",
    "revenue": null,
    "revenueEstimated": 6327538940,
    "updatedFromDate": "2025-09-22",
    "fiscalDateEnding": "2025-09-30"
  },
  {
    "date": "2025-08-07",
    "symbol": "XYZ",
    "eps": 0.62,
    "epsEstimated": 0.627,
    "time": "amc",
    "revenue": 6054457000,
    "revenueEstimated": 6296537059,
    "updatedFromDate": "2025-09-22",
    "fiscalDateEnding": "2025-06-30"
  },
  {
    "date": "2025-05-01",
    "symbol": "XYZ",
    "eps": 0.56,
    "epsEstimated": 0.974,
    "time": "amc",
    "revenue": 5771796000,
    "revenueEstimated": 6186016763,
    "updatedFromDate": "2025-07-20",
    "fiscalDateEnding": "2025-03-31"
  },
  {
    "date": "2025-02-20",
    "symbol": "XYZ",
    "eps": 0.71,
    "epsEstimated": 0.878,
    "time": "amc",
    "revenue": 6032561000,
    "revenueEstimated": 6294753999,
    "updatedFromDate": "2025-05-20",
    "fiscalDateEnding": "2024-12-31"
  },
  {
    "date": "2024-11-07",
    "symbol": "XYZ",
    "eps": 0.88,
    "epsEstimated": 0.883,
    "time": "amc",
    "revenue": 5975801000,
    "revenueEstimated": 6236059045,
    "updatedFromDate": "2025-04-24",
    "fiscalDateEnding": "2024-09-30"
  },
  {
    "date": "2024-08-01",
    "symbol": "XYZ",
    "eps": 0.52,
    "epsEstimated": 0.31,
    "time": "bmo",
    "revenue": 6155563000,
    "revenueEstimated": 6271255295,
    "updatedFromDate": "2025-04-24",
    "fiscalDateEnding": "2024-06-30"
  },
  {
    "date": "2024-05-02",
    "symbol": "XYZ",
    "eps": 0.741,
    "epsEstimated": 0.72,
    "time": "amc",
    "revenue": 5957128000,
    "revenueEstimated": 5828795238,
    "updatedFromDate": "2025-04-24",
    "fiscalDateEnding": "2024-03-31"
  },
  {
    "date": "2024-02-22",
    "symbol": "XYZ",
    "eps": 0.283,
    "epsEstimated": 0.585,
    "time": "amc",
    "revenue": 5773042000,
    "revenueEstimated": 5697302559,
    "updatedFromDate": "2025-04-24",
    "fiscalDateEnding": "2023-12-31"
  },
  {
    "date": "2023-11-02",
    "symbol": "XYZ",
    "eps": -0.04737,
    "epsEstimated": 0.4653,
    "time": "amc",
    "revenue": 5617493000,
    "revenueEstimated": 5413065540,
    "updatedFromDate": "2025-04-24",
    "fiscalDateEnding": "2023-09-30"
  },
  {
    "date": "2023-08-03",
    "symbol": "XYZ",
    "eps": -0.20192,
    "epsEstimated": 0.3648,
    "time": "amc",
    "revenue": 5534957000,
    "revenueEstimated": 5102729247,
    "updatedFromDate": "2025-04-24",
    "fiscalDateEnding": "2023-06-30"
  },
  {
    "date": "2023-05-04",
    "symbol": "XYZ",
    "eps": -0.03209,
    "epsEstimated": 0.3515,
    "time": "amc",
    "revenue": 4990131000,
    "revenueEstimated": 4592738686,
    "updatedFromDate": "2025-04-24",
    "fiscalDateEnding": "2023-03-31"
  },
  {
    "date": "2023-02-23",
    "symbol": "XYZ",
    "eps": -0.1964,
    "epsEstimated": null,
    "time": "amc",
    "revenue": 4650902000,
    "revenueEstimated": null,
    "updatedFromDate": "2025-04-24",
    "fiscalDateEnding": "2022-12-31"
  },
  {
    "date": "2022-11-03",
    "symbol": "XYZ",
    "eps": -0.03163,
    "epsEstimated": 0.3022,
    "time": "amc",
    "revenue": 4515541000,
    "revenueEstimated": 4626379837,
    "updatedFromDate": "2025-04-24",
    "fiscalDateEnding": "2022-09-30"
  },
  {
    "date": "2022-08-04",
    "symbol": "XYZ",
    "eps": -0.35998,
    "epsEstimated": null,
    "time": "amc",
    "revenue": 4404499000,
    "revenueEstimated": null,
    "updatedFromDate": "2025-04-24",
    "fiscalDateEnding": "2022-06-30"
  },
  {
    "date": "2022-05-05",
    "symbol": "XYZ",
    "eps": -0.38299,
    "epsEstimated": null,
    "time": "amc",
    "revenue": 3960645000,
    "revenueEstimated": null,
    "updatedFromDate": "2025-04-24",
    "fiscalDateEnding": "2022-03-31"
  },
  {
    "date": "2022-02-24",
    "symbol": "XYZ",
    "eps": -0.16139,
    "epsEstimated": null,
    "time": "amc",
    "revenue": 4078534000,
    "revenueEstimated": null,
    "updatedFromDate": "2025-04-24",
    "fiscalDateEnding": "2021-12-31"
  },
  {
    "date": "2021-11-04",
    "symbol": "XYZ",
    "eps": 0.00017,
    "epsEstimated": null,
    "time": "amc",
    "revenue": 3844727000,
    "revenueEstimated": null,
    "updatedFromDate": "2025-04-24",
    "fiscalDateEnding": "2021-09-30"
  },
  {
    "date": "2021-08-02",
    "symbol": "XYZ",
    "eps": 0.3904,
    "epsEstimated": null,
    "time": "amc",
    "revenue": 4680672000,
    "revenueEstimated": null,
    "updatedFromDate": "2025-04-24",
    "fiscalDateEnding": "2021-06-30"
  },
  {
    "date": "2021-05-06",
    "symbol": "XYZ",
    "eps": 0.07781,
    "epsEstimated": null,
    "time": "amc",
    "revenue": 5057270000,
    "revenueEstimated": null,
    "updatedFromDate": "2025-04-24",
    "fiscalDateEnding": "2021-03-31"
  },
  {
    "date": "2021-02-23",
    "symbol": "XYZ",
    "eps": 0.61,
    "epsEstimated": null,
    "time": "amc",
    "revenue": 3158970000,
    "revenueEstimated": null,
    "updatedFromDate": "2025-04-24",
    "fiscalDateEnding": "2020-12-31"
  },
  {
    "date": "2020-11-05",
    "symbol": "XYZ",
    "eps": 0.07482,
    "epsEstimated": null,
    "time": "amc",
    "revenue": 3033874000,
    "revenueEstimated": null,
    "updatedFromDate": "2025-04-24",
    "fiscalDateEnding": "2020-09-30"
  },
  {
    "date": "2020-08-05",
    "symbol": "XYZ",
    "eps": -0.02608,
    "epsEstimated": null,
    "time": "amc",
    "revenue": 1923625000,
    "revenueEstimated": null,
    "updatedFromDate": "2025-04-24",
    "fiscalDateEnding": "2020-06-30"
  },
  {
    "date": "2020-05-06",
    "symbol": "XYZ",
    "eps": -0.24346,
    "epsEstimated": null,
    "time": "amc",
    "revenue": 1381109000,
    "revenueEstimated": null,
    "updatedFromDate": "2025-04-24",
    "fiscalDateEnding": "2020-03-31"
  },
  {
    "date": "2020-02-26",
    "symbol": "XYZ",
    "eps": 0.839,
    "epsEstimated": null,
    "time": "amc",
    "revenue": 1313429000,
    "revenueEstimated": null,
    "updatedFromDate": "2025-04-24",
    "fiscalDateEnding": "2019-12-31"
  },
  {
    "date": "2019-11-06",
    "symbol": "XYZ",
    "eps": 0.06307,
    "epsEstimated": null,
    "time": "amc",
    "revenue": 1266474000,
    "revenueEstimated": null,
    "updatedFromDate": "2025-04-24",
    "fiscalDateEnding": "2019-09-30"
  },
  {
    "date": "2019-08-01",
    "symbol": "XYZ",
    "eps": -0.01592,
    "epsEstimated": null,
    "time": "amc",
    "revenue": 1174238000,
    "revenueEstimated": null,
    "updatedFromDate": "2025-04-24",
    "fiscalDateEnding": "2019-06-30"
  },
  {
    "date": "2019-05-01",
    "symbol": "XYZ",
    "eps": -0.09099,
    "epsEstimated": null,
    "time": "amc",
    "revenue": 959359000,
    "revenueEstimated": null,
    "updatedFromDate": "2025-04-24",
    "fiscalDateEnding": "2019-03-31"
  },
  {
    "date": "2019-02-27",
    "symbol": "XYZ",
    "eps": -0.06951,
    "epsEstimated": null,
    "time": "amc",
    "revenue": 932528000,
    "revenueEstimated": null,
    "updatedFromDate": "2025-04-24",
    "fiscalDateEnding": "2018-12-31"
  },
  {
    "date": "2018-11-07",
    "symbol": "XYZ",
    "eps": 0.04136,
    "epsEstimated": null,
    "time": "amc",
    "revenue": 882108000,
    "revenueEstimated": null,
    "updatedFromDate": "2025-04-24",
    "fiscalDateEnding": "2018-09-30"
  },
  {
    "date": "2018-08-01",
    "symbol": "XYZ",
    "eps": -0.01464,
    "epsEstimated": null,
    "time": "amc",
    "revenue": 814938000,
    "revenueEstimated": null,
    "updatedFromDate": "2025-04-24",
    "fiscalDateEnding": "2018-06-30"
  },
  {
    "date": "2018-05-02",
    "symbol": "XYZ",
    "eps": -0.06058,
    "epsEstimated": null,
    "time": "amc",
    "revenue": 668603000,
    "revenueEstimated": null,
    "updatedFromDate": "2025-04-24",
    "fiscalDateEnding": "2018-03-31"
  },
  {
    "date": "2018-02-27",
    "symbol": "XYZ",
    "eps": -0.04129,
    "epsEstimated": null,
    "time": "amc",
    "revenue": 616035000,
    "revenueEstimated": null,
    "updatedFromDate": "2025-04-24",
    "fiscalDateEnding": "2017-12-31"
  },
  {
    "date": "2017-11-08",
    "symbol": "XYZ",
    "eps": -0.04193,
    "epsEstimated": null,
    "time": "amc",
    "revenue": 585159000,
    "revenueEstimated": null,
    "updatedFromDate": "2025-04-24",
    "fiscalDateEnding": "2017-09-30"
  },
  {
    "date": "2017-08-02",
    "symbol": "XYZ",
    "eps": -0.04241,
    "epsEstimated": null,
    "time": "amc",
    "revenue": 551505000,
    "revenueEstimated": null,
    "updatedFromDate": "2025-04-24",
    "fiscalDateEnding": "2017-06-30"
  },
  {
    "date": "2017-05-03",
    "symbol": "XYZ",
    "eps": -0.04115,
    "epsEstimated": null,
    "time": "amc",
    "revenue": 461554000,
    "revenueEstimated": null,
    "updatedFromDate": "2025-04-24",
    "fiscalDateEnding": "2017-03-31"
  },
  {
    "date": "2017-02-24",
    "symbol": "XYZ",
    "eps": -0.04441,
    "epsEstimated": null,
    "time": "amc",
    "revenue": 451917000,
    "revenueEstimated": null,
    "updatedFromDate": "2025-04-24",
    "fiscalDateEnding": "2016-12-31"
  },
  {
    "date": "2016-11-02",
    "symbol": "XYZ",
    "eps": -0.09399,
    "epsEstimated": null,
    "time": "amc",
    "revenue": 439002000,
    "revenueEstimated": null,
    "updatedFromDate": "2025-04-24",
    "fiscalDateEnding": "2016-09-30"
  },
  {
    "date": "2016-08-04",
    "symbol": "XYZ",
    "eps": -0.08175,
    "epsEstimated": null,
    "time": "amc",
    "revenue": 438533000,
    "revenueEstimated": null,
    "updatedFromDate": "2025-04-24",
    "fiscalDateEnding": "2016-06-30"
  }
]