[
  {
    "date": "2026-04-28",
    "symbol": "YUM",
    "eps": null,
    "epsEstimated": null,
    "time": "bmo",
    "revenue": null,
    "revenueEstimated": null,
    "updatedFromDate": "2025-10-02",
    "fiscalDateEnding": "2026-03-30"
  },
  {
    "date": "2026-02-04",
    "symbol": "YUM",
    "eps": null,
    "epsEstimated": null,
    "time": "bmo",
    "revenue": null,
    "revenueEstimated": null,
    "updatedFromDate": "2025-10-02",
    "fiscalDateEnding": "2025-12-30"
  },
  {
    "date": "2025-11-04",
    "symbol": "YUM",
    "eps": null,
    "epsEstimated": 1.46,
    "time": "bmo",
    "revenue": null,
    "revenueEstimated": 1963049830,
    "updatedFromDate": "2025-10-02",
    "fiscalDateEnding": "2025-09-30"
  },
  {
    "date": "2025-08-05",
    "symbol": "YUM",
    "eps": 1.44,
    "epsEstimated": 1.46,
    "time": "bmo",
    "revenue": 1933000000,
    "revenueEstimated": 1938408770,
    "updatedFromDate": "2025-10-02",
    "fiscalDateEnding": "2025-06-30"
  },
  {
    "date": "2025-04-30",
    "symbol": "YUM",
    "eps": 1.3,
    "epsEstimated": 1.29,
    "time": "bmo",
    "revenue": 1787000000,
    "revenueEstimated": 1852722277,
    "updatedFromDate": "2025-09-06",
    "fiscalDateEnding": "2025-03-31"
  },
  {
    "date": "2025-02-06",
    "symbol": "YUM",
    "eps": 1.61,
    "epsEstimated": 1.6,
    "time": "bmo",
    "revenue": 2362000000,
    "revenueEstimated": 2355649128,
    "updatedFromDate": "2025-09-06",
    "fiscalDateEnding": "2024-12-31"
  },
  {
    "date": "2024-11-05",
    "symbol": "YUM",
    "eps": 1.37,
    "epsEstimated": 1.42,
    "time": "bmo",
    "revenue": 1826000000,
    "revenueEstimated": 1897590351,
    "updatedFromDate": "2025-09-06",
    "fiscalDateEnding": "2024-09-30"
  },
  {
    "date": "2024-08-06",
    "symbol": "YUM",
    "eps": 1.35,
    "epsEstimated": 1.33,
    "time": "bmo",
    "revenue": 1763000000,
    "revenueEstimated": 1805390320,
    "updatedFromDate": "2025-09-06",
    "fiscalDateEnding": "2024-06-30"
  },
  {
    "date": "2024-05-01",
    "symbol": "YUM",
    "eps": 1.15,
    "epsEstimated": 1.2,
    "time": "bmo",
    "revenue": 1598000000,
    "revenueEstimated": 1710255187,
    "updatedFromDate": "2025-09-06",
    "fiscalDateEnding": "2024-03-31"
  },
  {
    "date": "2024-02-07",
    "symbol": "YUM",
    "eps": 1.26,
    "epsEstimated": 1.4,
    "time": "bmo",
    "revenue": 2036000000,
    "revenueEstimated": 2106390000,
    "updatedFromDate": "2025-09-06",
    "fiscalDateEnding": "2023-12-31"
  },
  {
    "date": "2023-11-01",
    "symbol": "YUM",
    "eps": 1.44,
    "epsEstimated": 1.28,
    "time": "bmo",
    "revenue": 1708000000,
    "revenueEstimated": 1774750000,
    "updatedFromDate": "2025-09-06",
    "fiscalDateEnding": "2023-09-30"
  },
  {
    "date": "2023-08-02",
    "symbol": "YUM",
    "eps": 1.41,
    "epsEstimated": 1.24,
    "time": "bmo",
    "revenue": 1687000000,
    "revenueEstimated": 1745690000,
    "updatedFromDate": "2025-09-06",
    "fiscalDateEnding": "2023-06-30"
  },
  {
    "date": "2023-05-03",
    "symbol": "YUM",
    "eps": 1.06,
    "epsEstimated": 1.13,
    "time": "bmo",
    "revenue": 1645000000,
    "revenueEstimated": 1623050000,
    "updatedFromDate": "2025-09-06",
    "fiscalDateEnding": "2023-03-31"
  },
  {
    "date": "2023-02-08",
    "symbol": "YUM",
    "eps": 1.31,
    "epsEstimated": 1.26,
    "time": "bmo",
    "revenue": 2019000000,
    "revenueEstimated": 1920035880,
    "updatedFromDate": "2025-09-06",
    "fiscalDateEnding": "2022-12-31"
  },
  {
    "date": "2022-11-02",
    "symbol": "YUM",
    "eps": 1.09,
    "epsEstimated": 1.14,
    "time": "bmo",
    "revenue": 1640000000,
    "revenueEstimated": 1621846093,
    "updatedFromDate": "2025-09-06",
    "fiscalDateEnding": "2022-09-30"
  },
  {
    "date": "2022-08-03",
    "symbol": "YUM",
    "eps": 1.05,
    "epsEstimated": 1.08,
    "time": "bmo",
    "revenue": 1636000000,
    "revenueEstimated": 1643390199,
    "updatedFromDate": "2025-09-06",
    "fiscalDateEnding": "2022-06-30"
  },
  {
    "date": "2022-05-04",
    "symbol": "YUM",
    "eps": 1.05,
    "epsEstimated": 1.07,
    "time": "bmo",
    "revenue": 1547000000,
    "revenueEstimated": 1591551156,
    "updatedFromDate": "2025-09-06",
    "fiscalDateEnding": "2022-03-31"
  },
  {
    "date": "2022-02-09",
    "symbol": "YUM",
    "eps": 1.02,
    "epsEstimated": 1.09,
    "time": "amc",
    "revenue": 1890000000,
    "revenueEstimated": 1876958032,
    "updatedFromDate": "2025-09-06",
    "fiscalDateEnding": "2021-12-31"
  },
  {
    "date": "2021-10-28",
    "symbol": "YUM",
    "eps": 1.22,
    "epsEstimated": 1.06,
    "time": "bmo",
    "revenue": 1606000000,
    "revenueEstimated": 1593800000,
    "updatedFromDate": "2025-09-06",
    "fiscalDateEnding": "2021-09-30"
  },
  {
    "date": "2021-07-29",
    "symbol": "YUM",
    "eps": 1.16,
    "epsEstimated": 0.96,
    "time": "bmo",
    "revenue": 1602000000,
    "revenueEstimated": 1481750000,
    "updatedFromDate": "2025-09-06",
    "fiscalDateEnding": "2021-06-30"
  },
  {
    "date": "2021-04-28",
    "symbol": "YUM",
    "eps": 1.07,
    "epsEstimated": 0.87,
    "time": "bmo",
    "revenue": 1486000000,
    "revenueEstimated": 1449690000,
    "updatedFromDate": "2025-09-06",
    "fiscalDateEnding": "2021-03-31"
  },
  {
    "date": "2021-02-04",
    "symbol": "YUM",
    "eps": 1.15,
    "epsEstimated": 1.01,
    "time": "bmo",
    "revenue": 1743000000,
    "revenueEstimated": 1501396039,
    "updatedFromDate": "2025-09-06",
    "fiscalDateEnding": "2020-12-31"
  },
  {
    "date": "2020-10-29",
    "symbol": "YUM",
    "eps": 1.01,
    "epsEstimated": 0.8,
    "time": "bmo",
    "revenue": 1448000000,
    "revenueEstimated": 198019801,
    "updatedFromDate": "2025-09-06",
    "fiscalDateEnding": "2020-09-30"
  },
  {
    "date": "2020-07-30",
    "symbol": "YUM",
    "eps": 0.82,
    "epsEstimated": 0.53,
    "time": "bmo",
    "revenue": 1198000000,
    "revenueEstimated": 774317073,
    "updatedFromDate": "2025-09-06",
    "fiscalDateEnding": "2020-06-30"
  },
  {
    "date": "2020-04-29",
    "symbol": "YUM",
    "eps": 0.64,
    "epsEstimated": 0.64,
    "time": "bmo",
    "revenue": 1263000000,
    "revenueEstimated": 1302468750,
    "updatedFromDate": "2025-09-06",
    "fiscalDateEnding": "2020-03-31"
  },
  {
    "date": "2020-02-06",
    "symbol": "YUM",
    "eps": 1,
    "epsEstimated": 1.11,
    "time": "bmo",
    "revenue": 1694000000,
    "revenueEstimated": 1914219999,
    "updatedFromDate": "2025-09-06",
    "fiscalDateEnding": "2019-12-31"
  },
  {
    "date": "2019-10-30",
    "symbol": "YUM",
    "eps": 0.8,
    "epsEstimated": 0.94,
    "time": "bmo",
    "revenue": 1339000000,
    "revenueEstimated": 1573324999,
    "updatedFromDate": "2025-09-06",
    "fiscalDateEnding": "2019-09-30"
  },
  {
    "date": "2019-08-01",
    "symbol": "YUM",
    "eps": 0.93,
    "epsEstimated": 0.87,
    "time": "bmo",
    "revenue": 1310000000,
    "revenueEstimated": 1225483870,
    "updatedFromDate": "2025-09-06",
    "fiscalDateEnding": "2019-06-30"
  },
  {
    "date": "2019-05-01",
    "symbol": "YUM",
    "eps": 0.82,
    "epsEstimated": 0.81,
    "time": "bmo",
    "revenue": 1254000000,
    "revenueEstimated": 1238707317,
    "updatedFromDate": "2025-09-06",
    "fiscalDateEnding": "2019-03-31"
  },
  {
    "date": "2019-02-07",
    "symbol": "YUM",
    "eps": 0.4,
    "epsEstimated": 0.97,
    "time": "bmo",
    "revenue": 1558000000,
    "revenueEstimated": 3700250000,
    "updatedFromDate": "2025-09-06",
    "fiscalDateEnding": "2018-12-31"
  },
  {
    "date": "2018-10-31",
    "symbol": "YUM",
    "eps": 1.04,
    "epsEstimated": 0.83,
    "time": "bmo",
    "revenue": 1391000000,
    "revenueEstimated": 1110125000,
    "updatedFromDate": "2025-09-06",
    "fiscalDateEnding": "2018-09-30"
  },
  {
    "date": "2018-08-02",
    "symbol": "YUM",
    "eps": 0.82,
    "epsEstimated": 0.74,
    "time": "bmo",
    "revenue": 1368000000,
    "revenueEstimated": 1234536585,
    "updatedFromDate": "2025-09-06",
    "fiscalDateEnding": "2018-06-30"
  },
  {
    "date": "2018-05-02",
    "symbol": "YUM",
    "eps": 0.9,
    "epsEstimated": 0.68,
    "time": "bmo",
    "revenue": 1371000000,
    "revenueEstimated": 1035866666,
    "updatedFromDate": "2025-09-06",
    "fiscalDateEnding": "2018-03-31"
  },
  {
    "date": "2018-02-08",
    "symbol": "YUM",
    "eps": 0.96,
    "epsEstimated": 0.8,
    "time": "bmo",
    "revenue": 1577000000,
    "revenueEstimated": 1314166666,
    "updatedFromDate": "2025-09-06",
    "fiscalDateEnding": "2017-12-31"
  },
  {
    "date": "2017-11-02",
    "symbol": "YUM",
    "eps": 0.68,
    "epsEstimated": 0.66,
    "time": "bmo",
    "revenue": 1436000000,
    "revenueEstimated": 1414882352,
    "updatedFromDate": "2025-09-06",
    "fiscalDateEnding": "2017-09-30"
  },
  {
    "date": "2017-08-03",
    "symbol": "YUM",
    "eps": 0.68,
    "epsEstimated": 0.61,
    "time": "bmo",
    "revenue": 1448000000,
    "revenueEstimated": 1298941176,
    "updatedFromDate": "2025-09-06",
    "fiscalDateEnding": "2017-06-30"
  },
  {
    "date": "2017-05-03",
    "symbol": "YUM",
    "eps": 0.65,
    "epsEstimated": 0.6,
    "time": "bmo",
    "revenue": 1417000000,
    "revenueEstimated": 1308000000,
    "updatedFromDate": "2025-09-06",
    "fiscalDateEnding": "2017-03-31"
  },
  {
    "date": "2017-02-09",
    "symbol": "YUM",
    "eps": 0.79,
    "epsEstimated": 0.74,
    "time": "bmo",
    "revenue": 1886000000,
    "revenueEstimated": 2423265822,
    "updatedFromDate": "2025-09-06",
    "fiscalDateEnding": "2016-12-31"
  },
  {
    "date": "2016-10-05",
    "symbol": "YUM",
    "eps": 1.09,
    "epsEstimated": 1.09,
    "time": "amc",
    "revenue": 1518000000,
    "revenueEstimated": 3346422018,
    "updatedFromDate": "2025-09-06",
    "fiscalDateEnding": "2016-09-03"
  },
  {
    "date": "2016-07-13",
    "symbol": "YUM",
    "eps": 0.75,
    "epsEstimated": 0.74,
    "time": "amc",
    "revenue": 1509000000,
    "revenueEstimated": 2967893333,
    "updatedFromDate": "2025-09-06",
    "fiscalDateEnding": "2016-06-11"
  }
]