[
  {
    "date": "2026-05-04",
    "symbol": "ZBH",
    "eps": null,
    "epsEstimated": null,
    "time": "bmo",
    "revenue": null,
    "revenueEstimated": null,
    "updatedFromDate": "2025-10-02",
    "fiscalDateEnding": "2026-03-30"
  },
  {
    "date": "2026-02-04",
    "symbol": "ZBH",
    "eps": null,
    "epsEstimated": null,
    "time": "bmo",
    "revenue": null,
    "revenueEstimated": null,
    "updatedFromDate": "2025-10-02",
    "fiscalDateEnding": "2025-12-30"
  },
  {
    "date": "2025-10-29",
    "symbol": "ZBH",
    "eps": null,
    "epsEstimated": 1.87,
    "time": "bmo",
    "revenue": null,
    "revenueEstimated": 2009162010,
    "updatedFromDate": "2025-10-02",
    "fiscalDateEnding": "2025-09-30"
  },
  {
    "date": "2025-08-07",
    "symbol": "ZBH",
    "eps": 2.07,
    "epsEstimated": 1.98,
    "time": "bmo",
    "revenue": 2077300000,
    "revenueEstimated": 2056751577,
    "updatedFromDate": "2025-10-02",
    "fiscalDateEnding": "2025-06-30"
  },
  {
    "date": "2025-05-05",
    "symbol": "ZBH",
    "eps": 1.81,
    "epsEstimated": 1.77,
    "time": "bmo",
    "revenue": 1909100000,
    "revenueEstimated": 1895172188,
    "updatedFromDate": "2025-08-05",
    "fiscalDateEnding": "2025-03-31"
  },
  {
    "date": "2025-02-06",
    "symbol": "ZBH",
    "eps": 2.31,
    "epsEstimated": 2.3,
    "time": "bmo",
    "revenue": 2023200000,
    "revenueEstimated": 2014321542,
    "updatedFromDate": "2025-05-06",
    "fiscalDateEnding": "2024-12-31"
  },
  {
    "date": "2024-10-30",
    "symbol": "ZBH",
    "eps": 1.74,
    "epsEstimated": 1.74,
    "time": "bmo",
    "revenue": 1824200000,
    "revenueEstimated": 1798246992,
    "updatedFromDate": "2025-04-25",
    "fiscalDateEnding": "2024-09-30"
  },
  {
    "date": "2024-08-07",
    "symbol": "ZBH",
    "eps": 2.01,
    "epsEstimated": 1.99,
    "time": "bmo",
    "revenue": 1942000000,
    "revenueEstimated": 1939970619,
    "updatedFromDate": "2025-04-25",
    "fiscalDateEnding": "2024-06-30"
  },
  {
    "date": "2024-05-02",
    "symbol": "ZBH",
    "eps": 1.94,
    "epsEstimated": 1.87,
    "time": "bmo",
    "revenue": 1889200000,
    "revenueEstimated": 1867447069,
    "updatedFromDate": "2025-04-25",
    "fiscalDateEnding": "2024-03-31"
  },
  {
    "date": "2024-02-08",
    "symbol": "ZBH",
    "eps": 2.2,
    "epsEstimated": 2.15,
    "time": "bmo",
    "revenue": 1940100000,
    "revenueEstimated": 1928416240,
    "updatedFromDate": "2025-04-25",
    "fiscalDateEnding": "2023-12-31"
  },
  {
    "date": "2023-11-07",
    "symbol": "ZBH",
    "eps": 1.65,
    "epsEstimated": 1.59,
    "time": "bmo",
    "revenue": 1753600000,
    "revenueEstimated": 1748807938,
    "updatedFromDate": "2025-04-25",
    "fiscalDateEnding": "2023-09-30"
  },
  {
    "date": "2023-08-01",
    "symbol": "ZBH",
    "eps": 1.82,
    "epsEstimated": 1.82,
    "time": "bmo",
    "revenue": 1869600000,
    "revenueEstimated": 1824800000,
    "updatedFromDate": "2025-04-25",
    "fiscalDateEnding": "2023-06-30"
  },
  {
    "date": "2023-05-02",
    "symbol": "ZBH",
    "eps": 1.89,
    "epsEstimated": 1.66,
    "time": "bmo",
    "revenue": 1831000000,
    "revenueEstimated": 1704330000,
    "updatedFromDate": "2025-04-25",
    "fiscalDateEnding": "2023-03-31"
  },
  {
    "date": "2023-02-03",
    "symbol": "ZBH",
    "eps": 1.88,
    "epsEstimated": 1.83,
    "time": "bmo",
    "revenue": 1825100000,
    "revenueEstimated": 1760948445,
    "updatedFromDate": "2025-04-25",
    "fiscalDateEnding": "2022-12-31"
  },
  {
    "date": "2022-11-02",
    "symbol": "ZBH",
    "eps": 1.58,
    "epsEstimated": 1.56,
    "time": "bmo",
    "revenue": 1669800000,
    "revenueEstimated": 1634155208,
    "updatedFromDate": "2025-04-25",
    "fiscalDateEnding": "2022-09-30"
  },
  {
    "date": "2022-08-02",
    "symbol": "ZBH",
    "eps": 1.82,
    "epsEstimated": 1.63,
    "time": "bmo",
    "revenue": 1781800000,
    "revenueEstimated": 1721852941,
    "updatedFromDate": "2025-04-25",
    "fiscalDateEnding": "2022-06-30"
  },
  {
    "date": "2022-05-03",
    "symbol": "ZBH",
    "eps": 1.61,
    "epsEstimated": 1.4,
    "time": "bmo",
    "revenue": 1663200000,
    "revenueEstimated": null,
    "updatedFromDate": "2025-04-25",
    "fiscalDateEnding": "2022-03-31"
  },
  {
    "date": "2022-02-07",
    "symbol": "ZBH",
    "eps": 1.95,
    "epsEstimated": 1.96,
    "time": "bmo",
    "revenue": 1777200000,
    "revenueEstimated": 2071700000,
    "updatedFromDate": "2025-04-25",
    "fiscalDateEnding": "2021-12-31"
  },
  {
    "date": "2021-11-04",
    "symbol": "ZBH",
    "eps": 1.81,
    "epsEstimated": 1.75,
    "time": "bmo",
    "revenue": 1924000000,
    "revenueEstimated": 1980910000,
    "updatedFromDate": "2025-04-25",
    "fiscalDateEnding": "2021-09-30"
  },
  {
    "date": "2021-08-03",
    "symbol": "ZBH",
    "eps": 1.9,
    "epsEstimated": 1.84,
    "time": "bmo",
    "revenue": 2026900000,
    "revenueEstimated": 1977840000,
    "updatedFromDate": "2025-04-25",
    "fiscalDateEnding": "2021-06-30"
  },
  {
    "date": "2021-05-04",
    "symbol": "ZBH",
    "eps": 1.71,
    "epsEstimated": 1.51,
    "time": "bmo",
    "revenue": 1847400000,
    "revenueEstimated": 1630058823,
    "updatedFromDate": "2025-04-25",
    "fiscalDateEnding": "2021-03-31"
  },
  {
    "date": "2021-02-05",
    "symbol": "ZBH",
    "eps": 2.11,
    "epsEstimated": 2.06,
    "time": "bmo",
    "revenue": 2085300000,
    "revenueEstimated": 2034685922,
    "updatedFromDate": "2025-04-25",
    "fiscalDateEnding": "2020-12-31"
  },
  {
    "date": "2020-11-06",
    "symbol": "ZBH",
    "eps": 1.81,
    "epsEstimated": 1.05,
    "time": "bmo",
    "revenue": 1929300000,
    "revenueEstimated": 1472668947,
    "updatedFromDate": "2025-04-25",
    "fiscalDateEnding": "2020-09-30"
  },
  {
    "date": "2020-08-04",
    "symbol": "ZBH",
    "eps": 0.05,
    "epsEstimated": -0.72,
    "time": "bmo",
    "revenue": 1226100000,
    "revenueEstimated": 17901060000,
    "updatedFromDate": "2025-04-25",
    "fiscalDateEnding": "2020-06-30"
  },
  {
    "date": "2020-05-11",
    "symbol": "ZBH",
    "eps": 1.7,
    "epsEstimated": 1.39,
    "time": "bmo",
    "revenue": 1783800000,
    "revenueEstimated": 1448025882,
    "updatedFromDate": "2025-04-25",
    "fiscalDateEnding": "2020-03-31"
  },
  {
    "date": "2020-02-04",
    "symbol": "ZBH",
    "eps": 2.3,
    "epsEstimated": 2.26,
    "time": "bmo",
    "revenue": 2125700000,
    "revenueEstimated": 2097973478,
    "updatedFromDate": "2025-04-25",
    "fiscalDateEnding": "2019-12-31"
  },
  {
    "date": "2019-11-05",
    "symbol": "ZBH",
    "eps": 1.77,
    "epsEstimated": 1.75,
    "time": "bmo",
    "revenue": 1892400000,
    "revenueEstimated": 1871016949,
    "updatedFromDate": "2025-04-25",
    "fiscalDateEnding": "2019-09-30"
  },
  {
    "date": "2019-07-26",
    "symbol": "ZBH",
    "eps": 1.93,
    "epsEstimated": 1.92,
    "time": "bmo",
    "revenue": 1988600000,
    "revenueEstimated": 1967992746,
    "updatedFromDate": "2025-04-25",
    "fiscalDateEnding": "2019-06-30"
  },
  {
    "date": "2019-04-26",
    "symbol": "ZBH",
    "eps": 1.87,
    "epsEstimated": 1.86,
    "time": "bmo",
    "revenue": 1975500000,
    "revenueEstimated": 1964935828,
    "updatedFromDate": "2025-04-25",
    "fiscalDateEnding": "2019-03-31"
  },
  {
    "date": "2019-02-01",
    "symbol": "ZBH",
    "eps": 2.18,
    "epsEstimated": 2.18,
    "time": "bmo",
    "revenue": 2071000000,
    "revenueEstimated": 2061499999,
    "updatedFromDate": "2025-04-25",
    "fiscalDateEnding": "2018-12-31"
  },
  {
    "date": "2018-10-26",
    "symbol": "ZBH",
    "eps": 1.63,
    "epsEstimated": 1.6,
    "time": "bmo",
    "revenue": 1836700000,
    "revenueEstimated": 1814163803,
    "updatedFromDate": "2025-04-25",
    "fiscalDateEnding": "2018-09-30"
  },
  {
    "date": "2018-07-27",
    "symbol": "ZBH",
    "eps": 1.92,
    "epsEstimated": 1.88,
    "time": "bmo",
    "revenue": 2007600000,
    "revenueEstimated": 1965775000,
    "updatedFromDate": "2025-04-25",
    "fiscalDateEnding": "2018-06-30"
  },
  {
    "date": "2018-04-26",
    "symbol": "ZBH",
    "eps": 1.91,
    "epsEstimated": 1.87,
    "time": "bmo",
    "revenue": 2017600000,
    "revenueEstimated": 1996473298,
    "updatedFromDate": "2025-04-25",
    "fiscalDateEnding": "2018-03-31"
  },
  {
    "date": "2018-01-30",
    "symbol": "ZBH",
    "eps": 2.1,
    "epsEstimated": 2.1,
    "time": "bmo",
    "revenue": 2074300000,
    "revenueEstimated": 2074300000,
    "updatedFromDate": "2025-04-25",
    "fiscalDateEnding": "2017-12-31"
  },
  {
    "date": "2017-11-01",
    "symbol": "ZBH",
    "eps": 1.72,
    "epsEstimated": 1.74,
    "time": "bmo",
    "revenue": 1818100000,
    "revenueEstimated": 1839240697,
    "updatedFromDate": "2025-04-25",
    "fiscalDateEnding": "2017-09-30"
  },
  {
    "date": "2017-07-27",
    "symbol": "ZBH",
    "eps": 2.08,
    "epsEstimated": 2.1,
    "time": "bmo",
    "revenue": 1954400000,
    "revenueEstimated": 1973192307,
    "updatedFromDate": "2025-04-25",
    "fiscalDateEnding": "2017-06-30"
  },
  {
    "date": "2017-04-27",
    "symbol": "ZBH",
    "eps": 2.13,
    "epsEstimated": 2.11,
    "time": "bmo",
    "revenue": 1977300000,
    "revenueEstimated": 1958733802,
    "updatedFromDate": "2025-04-25",
    "fiscalDateEnding": "2017-03-31"
  },
  {
    "date": "2017-01-31",
    "symbol": "ZBH",
    "eps": 2.14,
    "epsEstimated": 2.11,
    "time": "bmo",
    "revenue": 2013100000,
    "revenueEstimated": 1984477725,
    "updatedFromDate": "2025-04-25",
    "fiscalDateEnding": "2016-12-31"
  },
  {
    "date": "2016-10-31",
    "symbol": "ZBH",
    "eps": 1.79,
    "epsEstimated": 1.79,
    "time": "bmo",
    "revenue": 1832800000,
    "revenueEstimated": 1832800000,
    "updatedFromDate": "2025-04-25",
    "fiscalDateEnding": "2016-09-30"
  },
  {
    "date": "2016-07-28",
    "symbol": "ZBH",
    "eps": 2.02,
    "epsEstimated": 1.96,
    "time": "bmo",
    "revenue": 1934000000,
    "revenueEstimated": 1886128712,
    "updatedFromDate": "2025-04-25",
    "fiscalDateEnding": "2016-06-30"
  }
]