[
  {
    "date": "2026-04-27",
    "symbol": "ZBRA",
    "eps": null,
    "epsEstimated": null,
    "time": "bmo",
    "revenue": null,
    "revenueEstimated": null,
    "updatedFromDate": "2025-10-02",
    "fiscalDateEnding": "2026-03-28"
  },
  {
    "date": "2026-02-10",
    "symbol": "ZBRA",
    "eps": null,
    "epsEstimated": null,
    "time": "bmo",
    "revenue": null,
    "revenueEstimated": null,
    "updatedFromDate": "2025-10-02",
    "fiscalDateEnding": "2025-12-28"
  },
  {
    "date": "2025-10-28",
    "symbol": "ZBRA",
    "eps": null,
    "epsEstimated": 3.75,
    "time": "bmo",
    "revenue": null,
    "revenueEstimated": 1316378070,
    "updatedFromDate": "2025-10-02",
    "fiscalDateEnding": "2025-09-28"
  },
  {
    "date": "2025-08-05",
    "symbol": "ZBRA",
    "eps": 3.61,
    "epsEstimated": 3.34,
    "time": "bmo",
    "revenue": 1293000000,
    "revenueEstimated": 1290913807,
    "updatedFromDate": "2025-10-02",
    "fiscalDateEnding": "2025-06-28"
  },
  {
    "date": "2025-04-29",
    "symbol": "ZBRA",
    "eps": 4.02,
    "epsEstimated": 3.6,
    "time": "bmo",
    "revenue": 1308000000,
    "revenueEstimated": 1290655310,
    "updatedFromDate": "2025-07-29",
    "fiscalDateEnding": "2025-03-29"
  },
  {
    "date": "2025-02-13",
    "symbol": "ZBRA",
    "eps": 4,
    "epsEstimated": 3.95,
    "time": "bmo",
    "revenue": 1334000000,
    "revenueEstimated": 1317052429,
    "updatedFromDate": "2025-05-13",
    "fiscalDateEnding": "2024-12-31"
  },
  {
    "date": "2024-10-29",
    "symbol": "ZBRA",
    "eps": 3.49,
    "epsEstimated": 3.23,
    "time": "bmo",
    "revenue": 1255000000,
    "revenueEstimated": 1217086154,
    "updatedFromDate": "2025-03-24",
    "fiscalDateEnding": "2024-09-28"
  },
  {
    "date": "2024-07-30",
    "symbol": "ZBRA",
    "eps": 3.18,
    "epsEstimated": 2.81,
    "time": "bmo",
    "revenue": 1212000000,
    "revenueEstimated": 1182034769,
    "updatedFromDate": "2025-03-24",
    "fiscalDateEnding": "2024-06-29"
  },
  {
    "date": "2024-04-30",
    "symbol": "ZBRA",
    "eps": 2.84,
    "epsEstimated": 2.45,
    "time": "bmo",
    "revenue": 1174000000,
    "revenueEstimated": 1146336818,
    "updatedFromDate": "2025-03-24",
    "fiscalDateEnding": "2024-03-30"
  },
  {
    "date": "2024-02-15",
    "symbol": "ZBRA",
    "eps": 1.71,
    "epsEstimated": 1.63,
    "time": "bmo",
    "revenue": 1008000000,
    "revenueEstimated": 999360000,
    "updatedFromDate": "2025-03-24",
    "fiscalDateEnding": "2023-12-31"
  },
  {
    "date": "2023-10-31",
    "symbol": "ZBRA",
    "eps": 0.87,
    "epsEstimated": 0.76,
    "time": "bmo",
    "revenue": 956000000,
    "revenueEstimated": 926340000,
    "updatedFromDate": "2025-03-24",
    "fiscalDateEnding": "2023-09-30"
  },
  {
    "date": "2023-08-01",
    "symbol": "ZBRA",
    "eps": 3.29,
    "epsEstimated": 3.28,
    "time": "bmo",
    "revenue": 1214000000,
    "revenueEstimated": 1308790000,
    "updatedFromDate": "2025-03-24",
    "fiscalDateEnding": "2023-07-01"
  },
  {
    "date": "2023-05-02",
    "symbol": "ZBRA",
    "eps": 3.94,
    "epsEstimated": 3.92,
    "time": "bmo",
    "revenue": 1405000000,
    "revenueEstimated": 1396780000,
    "updatedFromDate": "2025-03-24",
    "fiscalDateEnding": "2023-04-01"
  },
  {
    "date": "2023-02-16",
    "symbol": "ZBRA",
    "eps": 4.75,
    "epsEstimated": 4.54,
    "time": "bmo",
    "revenue": 1503000000,
    "revenueEstimated": 1453338800,
    "updatedFromDate": "2025-03-24",
    "fiscalDateEnding": "2022-12-31"
  },
  {
    "date": "2022-11-01",
    "symbol": "ZBRA",
    "eps": 4.12,
    "epsEstimated": 4.54,
    "time": "bmo",
    "revenue": 1378000000,
    "revenueEstimated": 1477357400,
    "updatedFromDate": "2025-03-24",
    "fiscalDateEnding": "2022-10-01"
  },
  {
    "date": "2022-08-02",
    "symbol": "ZBRA",
    "eps": 4.61,
    "epsEstimated": 4.19,
    "time": "bmo",
    "revenue": 1468000000,
    "revenueEstimated": 1444573867,
    "updatedFromDate": "2025-03-24",
    "fiscalDateEnding": "2022-07-02"
  },
  {
    "date": "2022-05-03",
    "symbol": "ZBRA",
    "eps": 4.01,
    "epsEstimated": 3.87,
    "time": "bmo",
    "revenue": 1432000000,
    "revenueEstimated": 1372206000,
    "updatedFromDate": "2025-03-24",
    "fiscalDateEnding": "2022-04-02"
  },
  {
    "date": "2022-02-10",
    "symbol": "ZBRA",
    "eps": 4.54,
    "epsEstimated": 4.4,
    "time": "bmo",
    "revenue": 1467000000,
    "revenueEstimated": 1459620600,
    "updatedFromDate": "2025-03-24",
    "fiscalDateEnding": "2021-12-31"
  },
  {
    "date": "2021-11-02",
    "symbol": "ZBRA",
    "eps": 4.55,
    "epsEstimated": 4.06,
    "time": "bmo",
    "revenue": 1436000000,
    "revenueEstimated": 1401390000,
    "updatedFromDate": "2025-03-24",
    "fiscalDateEnding": "2021-10-02"
  },
  {
    "date": "2021-08-03",
    "symbol": "ZBRA",
    "eps": 4.57,
    "epsEstimated": 4.1,
    "time": "bmo",
    "revenue": 1377000000,
    "revenueEstimated": 1345810000,
    "updatedFromDate": "2025-03-24",
    "fiscalDateEnding": "2021-07-03"
  },
  {
    "date": "2021-05-04",
    "symbol": "ZBRA",
    "eps": 4.79,
    "epsEstimated": 4.34,
    "time": "bmo",
    "revenue": 1347000000,
    "revenueEstimated": 1332910000,
    "updatedFromDate": "2025-03-24",
    "fiscalDateEnding": "2021-04-03"
  },
  {
    "date": "2021-02-11",
    "symbol": "ZBRA",
    "eps": 4.46,
    "epsEstimated": 3.8,
    "time": "bmo",
    "revenue": 1308000000,
    "revenueEstimated": 1251010000,
    "updatedFromDate": "2025-03-24",
    "fiscalDateEnding": "2020-12-31"
  },
  {
    "date": "2020-11-03",
    "symbol": "ZBRA",
    "eps": 3.27,
    "epsEstimated": 2.82,
    "time": "bmo",
    "revenue": 1132000000,
    "revenueEstimated": 13749235,
    "updatedFromDate": "2025-03-24",
    "fiscalDateEnding": "2020-09-26"
  },
  {
    "date": "2020-07-28",
    "symbol": "ZBRA",
    "eps": 2.41,
    "epsEstimated": 2.28,
    "time": "bmo",
    "revenue": 956000000,
    "revenueEstimated": 904431535,
    "updatedFromDate": "2025-03-24",
    "fiscalDateEnding": "2020-06-27"
  },
  {
    "date": "2020-04-28",
    "symbol": "ZBRA",
    "eps": 2.67,
    "epsEstimated": 2.67,
    "time": "bmo",
    "revenue": 1052000000,
    "revenueEstimated": 1040179775,
    "updatedFromDate": "2025-03-24",
    "fiscalDateEnding": "2020-03-28"
  },
  {
    "date": "2020-02-13",
    "symbol": "ZBRA",
    "eps": 3.56,
    "epsEstimated": 3.65,
    "time": "bmo",
    "revenue": 1192000000,
    "revenueEstimated": 1222134831,
    "updatedFromDate": "2025-03-24",
    "fiscalDateEnding": "2019-12-31"
  },
  {
    "date": "2019-10-29",
    "symbol": "ZBRA",
    "eps": 3.43,
    "epsEstimated": 3.29,
    "time": "bmo",
    "revenue": 1130000000,
    "revenueEstimated": 1080583090,
    "updatedFromDate": "2025-03-24",
    "fiscalDateEnding": "2019-09-28"
  },
  {
    "date": "2019-07-30",
    "symbol": "ZBRA",
    "eps": 3.02,
    "epsEstimated": 2.9,
    "time": "bmo",
    "revenue": 1097000000,
    "revenueEstimated": 1049778145,
    "updatedFromDate": "2025-03-24",
    "fiscalDateEnding": "2019-06-29"
  },
  {
    "date": "2019-04-30",
    "symbol": "ZBRA",
    "eps": 2.92,
    "epsEstimated": 2.87,
    "time": "bmo",
    "revenue": 1066000000,
    "revenueEstimated": 1051397260,
    "updatedFromDate": "2025-03-24",
    "fiscalDateEnding": "2019-03-30"
  },
  {
    "date": "2019-02-14",
    "symbol": "ZBRA",
    "eps": 3.1,
    "epsEstimated": 2.93,
    "time": "bmo",
    "revenue": 1137000000,
    "revenueEstimated": 1078316129,
    "updatedFromDate": "2025-03-24",
    "fiscalDateEnding": "2018-12-31"
  },
  {
    "date": "2018-11-06",
    "symbol": "ZBRA",
    "eps": 2.88,
    "epsEstimated": 2.6,
    "time": "bmo",
    "revenue": 1092000000,
    "revenueEstimated": 985833333,
    "updatedFromDate": "2025-03-24",
    "fiscalDateEnding": "2018-09-29"
  },
  {
    "date": "2018-08-07",
    "symbol": "ZBRA",
    "eps": 2.48,
    "epsEstimated": 2.25,
    "time": "bmo",
    "revenue": 1012000000,
    "revenueEstimated": 909983870,
    "updatedFromDate": "2025-03-24",
    "fiscalDateEnding": "2018-06-30"
  },
  {
    "date": "2018-05-08",
    "symbol": "ZBRA",
    "eps": 2.56,
    "epsEstimated": 2.05,
    "time": "bmo",
    "revenue": 977000000,
    "revenueEstimated": 782363281,
    "updatedFromDate": "2025-03-24",
    "fiscalDateEnding": "2018-03-31"
  },
  {
    "date": "2018-02-22",
    "symbol": "ZBRA",
    "eps": 2.33,
    "epsEstimated": 2.12,
    "time": "bmo",
    "revenue": 1026000000,
    "revenueEstimated": 933527896,
    "updatedFromDate": "2025-03-24",
    "fiscalDateEnding": "2017-12-31"
  },
  {
    "date": "2017-11-07",
    "symbol": "ZBRA",
    "eps": 1.87,
    "epsEstimated": 1.72,
    "time": "bmo",
    "revenue": 935000000,
    "revenueEstimated": 864999999,
    "updatedFromDate": "2025-03-24",
    "fiscalDateEnding": "2017-09-30"
  },
  {
    "date": "2017-08-08",
    "symbol": "ZBRA",
    "eps": 1.51,
    "epsEstimated": 1.45,
    "time": "bmo",
    "revenue": 896000000,
    "revenueEstimated": 878198675,
    "updatedFromDate": "2025-03-24",
    "fiscalDateEnding": "2017-07-01"
  },
  {
    "date": "2017-05-09",
    "symbol": "ZBRA",
    "eps": 1.37,
    "epsEstimated": 1.29,
    "time": "bmo",
    "revenue": 865000000,
    "revenueEstimated": 820802919,
    "updatedFromDate": "2025-03-24",
    "fiscalDateEnding": "2017-04-01"
  },
  {
    "date": "2017-02-23",
    "symbol": "ZBRA",
    "eps": 1.93,
    "epsEstimated": 1.73,
    "time": "bmo",
    "revenue": 942000000,
    "revenueEstimated": 844383419,
    "updatedFromDate": "2025-03-24",
    "fiscalDateEnding": "2016-12-31"
  },
  {
    "date": "2016-11-15",
    "symbol": "ZBRA",
    "eps": 1.43,
    "epsEstimated": 1.41,
    "time": "bmo",
    "revenue": 904000000,
    "revenueEstimated": 891356643,
    "updatedFromDate": "2025-03-24",
    "fiscalDateEnding": "2016-10-01"
  },
  {
    "date": "2016-08-09",
    "symbol": "ZBRA",
    "eps": 1.34,
    "epsEstimated": 1.05,
    "time": "bmo",
    "revenue": 879000000,
    "revenueEstimated": 695328358,
    "updatedFromDate": "2025-03-24",
    "fiscalDateEnding": "2016-07-02"
  }
]