[
  {
    "date": "2026-05-04",
    "symbol": "ZTS",
    "eps": null,
    "epsEstimated": null,
    "time": "bmo",
    "revenue": null,
    "revenueEstimated": null,
    "updatedFromDate": "2025-10-02",
    "fiscalDateEnding": "2026-03-30"
  },
  {
    "date": "2026-02-11",
    "symbol": "ZTS",
    "eps": null,
    "epsEstimated": null,
    "time": "bmo",
    "revenue": null,
    "revenueEstimated": null,
    "updatedFromDate": "2025-10-02",
    "fiscalDateEnding": "2025-12-30"
  },
  {
    "date": "2025-11-04",
    "symbol": "ZTS",
    "eps": null,
    "epsEstimated": 1.64,
    "time": "bmo",
    "revenue": null,
    "revenueEstimated": 2421621780,
    "updatedFromDate": "2025-10-02",
    "fiscalDateEnding": "2025-09-30"
  },
  {
    "date": "2025-08-05",
    "symbol": "ZTS",
    "eps": 1.76,
    "epsEstimated": 1.62,
    "time": "bmo",
    "revenue": 2460000000,
    "revenueEstimated": 2409509392,
    "updatedFromDate": "2025-10-02",
    "fiscalDateEnding": "2025-06-30"
  },
  {
    "date": "2025-05-06",
    "symbol": "ZTS",
    "eps": 1.48,
    "epsEstimated": 1.41,
    "time": "bmo",
    "revenue": 2220000000,
    "revenueEstimated": 2189915951,
    "updatedFromDate": "2025-08-06",
    "fiscalDateEnding": "2025-03-31"
  },
  {
    "date": "2025-02-13",
    "symbol": "ZTS",
    "eps": 1.4,
    "epsEstimated": 1.37,
    "time": "bmo",
    "revenue": 2317000000,
    "revenueEstimated": 2297238229,
    "updatedFromDate": "2025-05-13",
    "fiscalDateEnding": "2024-12-31"
  },
  {
    "date": "2024-11-04",
    "symbol": "ZTS",
    "eps": 1.58,
    "epsEstimated": 1.46,
    "time": "bmo",
    "revenue": 2388000000,
    "revenueEstimated": 2288779881,
    "updatedFromDate": "2025-04-25",
    "fiscalDateEnding": "2024-09-30"
  },
  {
    "date": "2024-08-06",
    "symbol": "ZTS",
    "eps": 1.56,
    "epsEstimated": 1.49,
    "time": "bmo",
    "revenue": 2361000000,
    "revenueEstimated": 2312543836,
    "updatedFromDate": "2025-04-25",
    "fiscalDateEnding": "2024-06-30"
  },
  {
    "date": "2024-05-02",
    "symbol": "ZTS",
    "eps": 1.38,
    "epsEstimated": 1.34,
    "time": "bmo",
    "revenue": 2190000000,
    "revenueEstimated": 2153360065,
    "updatedFromDate": "2025-04-25",
    "fiscalDateEnding": "2024-03-31"
  },
  {
    "date": "2024-02-13",
    "symbol": "ZTS",
    "eps": 1.24,
    "epsEstimated": 1.32,
    "time": "bmo",
    "revenue": 2213000000,
    "revenueEstimated": 2188284238,
    "updatedFromDate": "2025-04-25",
    "fiscalDateEnding": "2023-12-31"
  },
  {
    "date": "2023-11-02",
    "symbol": "ZTS",
    "eps": 1.36,
    "epsEstimated": 1.36,
    "time": "bmo",
    "revenue": 2151000000,
    "revenueEstimated": 2180470000,
    "updatedFromDate": "2025-04-25",
    "fiscalDateEnding": "2023-09-30"
  },
  {
    "date": "2023-08-08",
    "symbol": "ZTS",
    "eps": 1.41,
    "epsEstimated": 1.32,
    "time": "bmo",
    "revenue": 2180000000,
    "revenueEstimated": 2165180000,
    "updatedFromDate": "2025-04-25",
    "fiscalDateEnding": "2023-06-30"
  },
  {
    "date": "2023-05-04",
    "symbol": "ZTS",
    "eps": 1.31,
    "epsEstimated": 1.26,
    "time": "bmo",
    "revenue": 2000000000,
    "revenueEstimated": 2011910000,
    "updatedFromDate": "2025-04-25",
    "fiscalDateEnding": "2023-03-31"
  },
  {
    "date": "2023-02-14",
    "symbol": "ZTS",
    "eps": 1.15,
    "epsEstimated": 1.05,
    "time": "bmo",
    "revenue": 2040000000,
    "revenueEstimated": 2002964800,
    "updatedFromDate": "2025-04-25",
    "fiscalDateEnding": "2022-12-31"
  },
  {
    "date": "2022-11-03",
    "symbol": "ZTS",
    "eps": 1.21,
    "epsEstimated": 1.24,
    "time": "bmo",
    "revenue": 2002000000,
    "revenueEstimated": 2083398800,
    "updatedFromDate": "2025-04-25",
    "fiscalDateEnding": "2022-09-30"
  },
  {
    "date": "2022-08-04",
    "symbol": "ZTS",
    "eps": 1.2,
    "epsEstimated": 1.22,
    "time": "bmo",
    "revenue": 2052000000,
    "revenueEstimated": 2025723800,
    "updatedFromDate": "2025-04-25",
    "fiscalDateEnding": "2022-06-30"
  },
  {
    "date": "2022-05-05",
    "symbol": "ZTS",
    "eps": 1.32,
    "epsEstimated": 1.23,
    "time": "bmo",
    "revenue": 1986000000,
    "revenueEstimated": 1977446300,
    "updatedFromDate": "2025-04-25",
    "fiscalDateEnding": "2022-03-31"
  },
  {
    "date": "2022-02-15",
    "symbol": "ZTS",
    "eps": 1,
    "epsEstimated": 0.96,
    "time": "bmo",
    "revenue": 1967000000,
    "revenueEstimated": 1932352020,
    "updatedFromDate": "2025-04-25",
    "fiscalDateEnding": "2021-12-31"
  },
  {
    "date": "2021-11-04",
    "symbol": "ZTS",
    "eps": 1.25,
    "epsEstimated": 1.1,
    "time": "bmo",
    "revenue": 1990000000,
    "revenueEstimated": 1932320000,
    "updatedFromDate": "2025-04-25",
    "fiscalDateEnding": "2021-09-30"
  },
  {
    "date": "2021-08-05",
    "symbol": "ZTS",
    "eps": 1.19,
    "epsEstimated": 1.08,
    "time": "bmo",
    "revenue": 1948000000,
    "revenueEstimated": 1824220000,
    "updatedFromDate": "2025-04-25",
    "fiscalDateEnding": "2021-06-30"
  },
  {
    "date": "2021-05-06",
    "symbol": "ZTS",
    "eps": 1.26,
    "epsEstimated": 1.03,
    "time": "bmo",
    "revenue": 1871000000,
    "revenueEstimated": 1727180000,
    "updatedFromDate": "2025-04-25",
    "fiscalDateEnding": "2021-03-31"
  },
  {
    "date": "2021-02-16",
    "symbol": "ZTS",
    "eps": 0.91,
    "epsEstimated": 0.87,
    "time": "bmo",
    "revenue": 1807000000,
    "revenueEstimated": 1723919540,
    "updatedFromDate": "2025-04-25",
    "fiscalDateEnding": "2020-12-31"
  },
  {
    "date": "2020-11-05",
    "symbol": "ZTS",
    "eps": 1.1,
    "epsEstimated": 0.92,
    "time": "bmo",
    "revenue": 1786000000,
    "revenueEstimated": 1493745454,
    "updatedFromDate": "2025-04-25",
    "fiscalDateEnding": "2020-09-30"
  },
  {
    "date": "2020-08-06",
    "symbol": "ZTS",
    "eps": 0.89,
    "epsEstimated": 0.64,
    "time": "bmo",
    "revenue": 1548000000,
    "revenueEstimated": 1113168539,
    "updatedFromDate": "2025-04-25",
    "fiscalDateEnding": "2020-06-30"
  },
  {
    "date": "2020-05-06",
    "symbol": "ZTS",
    "eps": 0.95,
    "epsEstimated": 0.86,
    "time": "bmo",
    "revenue": 1534000000,
    "revenueEstimated": 1388673684,
    "updatedFromDate": "2025-04-25",
    "fiscalDateEnding": "2020-03-31"
  },
  {
    "date": "2020-02-13",
    "symbol": "ZTS",
    "eps": 0.92,
    "epsEstimated": 0.88,
    "time": "bmo",
    "revenue": 1674000000,
    "revenueEstimated": 1601217391,
    "updatedFromDate": "2025-04-25",
    "fiscalDateEnding": "2019-12-31"
  },
  {
    "date": "2019-11-07",
    "symbol": "ZTS",
    "eps": 0.94,
    "epsEstimated": 0.88,
    "time": "bmo",
    "revenue": 1584000000,
    "revenueEstimated": 1482893617,
    "updatedFromDate": "2025-04-25",
    "fiscalDateEnding": "2019-09-30"
  },
  {
    "date": "2019-08-06",
    "symbol": "ZTS",
    "eps": 0.9,
    "epsEstimated": 0.82,
    "time": "bmo",
    "revenue": 1547000000,
    "revenueEstimated": 1409488888,
    "updatedFromDate": "2025-04-25",
    "fiscalDateEnding": "2019-06-30"
  },
  {
    "date": "2019-05-02",
    "symbol": "ZTS",
    "eps": 0.88,
    "epsEstimated": 0.79,
    "time": "bmo",
    "revenue": 1455000000,
    "revenueEstimated": 1306193181,
    "updatedFromDate": "2025-04-25",
    "fiscalDateEnding": "2019-03-31"
  },
  {
    "date": "2019-02-14",
    "symbol": "ZTS",
    "eps": 0.79,
    "epsEstimated": 0.77,
    "time": "bmo",
    "revenue": 1564000000,
    "revenueEstimated": 1524405063,
    "updatedFromDate": "2025-04-25",
    "fiscalDateEnding": "2018-12-31"
  },
  {
    "date": "2018-11-01",
    "symbol": "ZTS",
    "eps": 0.83,
    "epsEstimated": 0.77,
    "time": "bmo",
    "revenue": 1480000000,
    "revenueEstimated": 1373012048,
    "updatedFromDate": "2025-04-25",
    "fiscalDateEnding": "2018-09-30"
  },
  {
    "date": "2018-08-02",
    "symbol": "ZTS",
    "eps": 0.77,
    "epsEstimated": 0.7,
    "time": "bmo",
    "revenue": 1415000000,
    "revenueEstimated": 1286363636,
    "updatedFromDate": "2025-04-25",
    "fiscalDateEnding": "2018-06-30"
  },
  {
    "date": "2018-05-02",
    "symbol": "ZTS",
    "eps": 0.75,
    "epsEstimated": 0.69,
    "time": "bmo",
    "revenue": 1366000000,
    "revenueEstimated": 1256720000,
    "updatedFromDate": "2025-04-25",
    "fiscalDateEnding": "2018-03-31"
  },
  {
    "date": "2018-02-15",
    "symbol": "ZTS",
    "eps": 0.69,
    "epsEstimated": 0.66,
    "time": "bmo",
    "revenue": 1460000000,
    "revenueEstimated": 1396521739,
    "updatedFromDate": "2025-04-25",
    "fiscalDateEnding": "2017-12-31"
  },
  {
    "date": "2017-11-02",
    "symbol": "ZTS",
    "eps": 0.65,
    "epsEstimated": 0.62,
    "time": "bmo",
    "revenue": 1347000000,
    "revenueEstimated": 1284830769,
    "updatedFromDate": "2025-04-25",
    "fiscalDateEnding": "2017-10-01"
  },
  {
    "date": "2017-08-08",
    "symbol": "ZTS",
    "eps": 0.53,
    "epsEstimated": 0.53,
    "time": "bmo",
    "revenue": 1269000000,
    "revenueEstimated": 1269000000,
    "updatedFromDate": "2025-04-25",
    "fiscalDateEnding": "2017-07-02"
  },
  {
    "date": "2017-05-04",
    "symbol": "ZTS",
    "eps": 0.53,
    "epsEstimated": 0.48,
    "time": "bmo",
    "revenue": 1231000000,
    "revenueEstimated": 1114867924,
    "updatedFromDate": "2025-04-25",
    "fiscalDateEnding": "2017-04-02"
  },
  {
    "date": "2017-02-16",
    "symbol": "ZTS",
    "eps": 0.47,
    "epsEstimated": 0.45,
    "time": "bmo",
    "revenue": 1277000000,
    "revenueEstimated": 1222659574,
    "updatedFromDate": "2025-04-25",
    "fiscalDateEnding": "2016-12-31"
  },
  {
    "date": "2016-11-02",
    "symbol": "ZTS",
    "eps": 0.52,
    "epsEstimated": 0.46,
    "time": "bmo",
    "revenue": 1241000000,
    "revenueEstimated": 1121673076,
    "updatedFromDate": "2025-04-25",
    "fiscalDateEnding": "2016-10-02"
  },
  {
    "date": "2016-08-03",
    "symbol": "ZTS",
    "eps": 0.49,
    "epsEstimated": 0.44,
    "time": "bmo",
    "revenue": 1208000000,
    "revenueEstimated": 1084734693,
    "updatedFromDate": "2025-04-25",
    "fiscalDateEnding": "2016-07-03"
  }
]